2700 4972
372 299 458 369 ,ru
478 248 897 393 usasnssrrrsu'
918 297 983 370 vr
1052 274 1054 281 ’
1086 408 1089 413 ⁵
1190 309 1257 374 aas

118 467 243 535 minua.
287 468 327 534 Et
345 472 449 538 multis
469 472 607 537 versibus
625 471 771 536 Horatius
789 471 824 535 iu
849 458 943 534 altera
962 468 1033 536 libri
1050 472 1142 560 ptiuu‘
1154 473 1254 542 Satira

118 554 158 619 da
170 577 208 620 ea
219 577 253 618 re
269 567 392 622 tractat:
412 558 498 621 idem
510 558 544 620 in
557 556 630 625 VII.
647 558 774 623 secundi
793 556 849 639 [46
861 559 937 641 sq.]:

208 636 259 704 Te
281 641 412 729 conjuro
426 643 548 707 aliena
563 641 676 731 capit,
699 639 925 707 meretricula
937 638 1104 709 Davume
1144 702 1147 707 ,

203 722 332 791 Peec'at
348 738 425 793 uter
439 736 596 795 nostrum
611 730 711 794 crece
727 723 892 817 dignius?

116 833 207 876 vena
224 834 378 892 morosa,
401 810 440 881 eo*
455 819 518 881 τοῦ
538 811 660 897 ἀνδρὸς
676 809 814 898 μόριον,
830 824 942 894 'mut03
962 832 1095 900 vagum
1111 811 1252 905 inguen,

114 892 153 961 τό
169 897 401 993 τῆςὶγυναικός
416 913 447 964 et
465 923 558 1002 quam
579 914 671 966 vocat
690 902 835 965 Horatius
856 919 1054 963 concessam
1076 895 1252 968 Venerem

112 983 147 1045 in
170 996 273 1067 quarta
297 987 366 1050 libri
388 987 480 1073 prima
496 986 595 1050 Satira
616 987 724 1069 [118];
753 982 937 1074 singultire
956 986 1026 1048 heic
1047 997 1094 1050 est
1116 990 1252 1054 fastidire

113 1069 238 1153 copiam
261 1072 387 1152 alicujus
401 1074 463 1137 rei:
484 1094 558 1135 nam
575 1073 655 1137 inter
673 1094 795 1137 caussas
814 1071 914 1138 varias
931 1071 1081 1152 singultus
1100 1086 1148 1137 est
1163 1079 1252 1157 haec,

110 1154 140 1303 <sii
153 1155 334 1302 irlnprudeus
349 1158 456 1247 aliquis
471 1170 524 1221 aut
539 1157 658 1224 avidior
669 1179 764 1246 quam
775 1179 832 1246 per
843 1166 917 1233 erat,
937 1160 1089 1237 majorem
1104 1163 1253 1226 bucceam

134 1261 152 1302 e
185 1241 294 1304 utierit.
993 1256 1002 1272 ⁰

152 1261 173 1320 g
199 1324 252 1391 74.
280 1322 375 1390 Mitti
392 1335 512 1391 trama
522 1323 672 1416 figurae
696 1324 747 1391 ait
771 1322 929 1413 reliqua.-
956 1333 1015 1391 aot
1041 1324 1100 1391 illi
1123 1336 1252 1395 tremat

108 1419 250 1490 omento
261 1433 359 1500 pope
371 1417 513 1495 ventem]
534 1414 644 1497 Egone
663 1425 699 1476 ut
716 1435 768 1477 me
787 1434 942 1477 macerem
964 1435 1001 1477 ac
1025 1415 1101 1479 tiam
1122 1439 1194 1480 ossa
1215 1409 1252 1479 ac

151 1498 219 1562 llis:
241 1497 299 1562 iste
312 1520 410 1586 nepos
425 1511 567 1566 ventrem
585 1501 723 1582 ingluvie
740 1499 920 1585 promittat?
947 1508 1065 1564 trama
1081 1503 1151 1565 heic
1173 1524 1252 1588 quae

104 1516 281 1751 findentis]
308 1604 492 1651 nervorum
517 1593 676 1666 textura,
706 1583 823 1649 Contra
841 1584 1043 1650 Manichacus
1071 1587 1252 1674 [apotheosi

220 1690 256 1756 sq
705 1774 786 1819 ossa
804 1749 1000 1841 liquescant

193 1833 340 1920 Mattio,
368 1858 554 1906 nervorum
573 1847 697 1940 pereat
720 1848 873 1925 textura.
1099 1896 1102 1903 .

103 1922 221 2011 Tipula
239 1927 340 1990 levius
358 1938 406 1990 est
424 1925 510 2012 quod
530 1927 601 1988 herc
617 1924 742 2010 quidam
758 1925 926 2013 disputant,
947 1920 988 1987 ad
1002 1922 1152 2014 picturam
1171 1926 1248 1992 haec

101 2032 177 2075 esse
191 2010 369 2077 referenda:
396 2011 473 2074 illud
494 2032 569 2077 vero
591 2013 681 2096 quale
701 2013 754 2092 sit,
775 2014 851 2075 nolo
876 2009 993 2103 dipare,
1022 2011 1105 2097 quod
1123 2034 1247 2099 carpere

102 2099 227 2159 malunt
237 2117 317 2183 quae
335 2097 375 2160 ad
386 2097 432 2161 X.
444 2097 594 2160 Athenaei
609 2096 646 2174 [c.
660 2102 691 2163 2.
708 2120 738 2183 p.
751 2101 814 2164 705
827 2119 873 2183 sq.
887 2119 911 2161 s.
925 2120 959 2185 p.
971 2100 1034 2164 303
1052 2096 1245 2181 Schweigts]

103 2181 147 2245 de
175 2184 238 2248 hoc
270 2185 340 2245 loco
367 2183 545 2269 scripsimus
571 2203 665 2268 quam
696 2183 875 2263 intelligere.
945 2182 1066 2263 Negare
1095 2186 1248 2248 sustinent

102 2279 209 2334 vestes
231 2266 377 2332 habendo
406 2262 532 2350 κρόκας
561 2268 722 2334 amittere?
738 2314 740 2321 -
759 2267 842 2354 quod
873 2266 919 2331 ibi
944 2266 1132 2333 dicebamus.
1182 2269 1247 2333 Sed

101 2353 297 2419 sublevanda
315 2354 407 2417 nobis
432 2376 542 2419 eorum
567 2365 616 2416 est
633 2353 801 2439 imperitis,
833 2354 885 2439 qui
906 2350 1038 2417 Graecas
1058 2356 1161 2418 literas
1180 2377 1246 2420 non

103 2437 288 2505 didicerunt.
336 2439 410 2503 Tria
437 2439 478 2503 ad
499 2460 674 2525 pannorum
698 2451 851 2502 texturam
874 2437 1086 2504 desiderantur
1104 2439 1244 2506 diuersa:
1276 2467 1279 2472 ·

101 2534 242 2605 stamen,
264 2526 456 2606 substamm,
478 2525 557 2604 (vel,
577 2535 612 2587 ut
623 2523 739 2610 passim
756 2525 902 2610 scriptum
919 2525 1112 2602 invenimus,
1133 2528 1297 2598 subto-510

100 2621 243 2675 menaut
255 2606 453 2695 subtegmen)
471 2623 502 2674 et
514 2622 626 2674 trama:
646 2609 703 2674 sad
721 2611 860 2675 staminis
882 2621 914 2674 et
930 2618 1047 2674 mamae
1065 2610 1142 2675 illud
1157 2634 1245 2676 com-

101 2718 218 2778 mune,
258 2695 323 2761 uod
334 2697 389 2759 filo
409 2707 549 2761 constant
563 2695 663 2777 magis
676 2694 791 2760 retorto
810 2715 847 2760 ac
861 2695 993 2783 proinde
1009 2696 1147 2778 duriore,
1168 2700 1245 2761 sub-

100 2719 296 2864 tegmenzb
310 2782 452 2847 molliore
463 2793 496 2846 st
507 2802 616 2868 parum
629 2792 722 2847 torto.
761 2780 882 2846 Seneca
894 2782 1021 2867 epistola
1034 2781 1115 2846 XC:
1139 2779 1245 2847 Posi-

102 2865 233 2933 donius
248 2864 334 2933 dum
347 2865 424 2933 vult
445 2862 660 2942 describere,
707 2865 838 2932 rimum
852 2864 1147 2952 quemadmodum
1165 2866 1244 2933 atio

100 2945 428 3041 torqueanturfila‚
449 2950 528 3021 alie
540 2972 589 3017 ear
601 2949 704 3049 moli
715 2951 894 3050 solutoque
908 2949 1093 3033 ducantur,
1115 2951 1243 3017 deinde

99 3034 1243 3213 iiiamiifflfflifioiitiiiiiiiiiiffl'ioi‘iss'l

98 3210 196 3277 tiam
209 3210 370 3299 utrinque
387 3208 645 3298 comprimentis
660 3218 798 3276 tramae
816 3208 1002 3292 rentollint,
1024 3219 1131 3298 spata
1146 3210 1242 3274 coire

97 3294 671 3450 ffl'zmnssajmg'fffflffim
689 3317 758 3385 quo
777 3317 824 3399 ue
845 3304 962 3360 artem
978 3316 1011 3445 (pi
1026 3294 1243 3448 sapientibapp

205 3405 219 3446 s
264 3404 284 3445 e
386 3432 394 3448 .
677 3405 698 3446 u
892 3407 903 3424 ·
973 3413 975 3417 ’
1081 3404 1133 3446 am
1146 3405 1207 3446 nen

96 3404 271 3537 auriag:
284 3405 452 3561 propiores
466 3467 548 3556 apud
562 3405 816 3535 Patissesseaaes
828 3403 1100 3556 nppaieponurneppr’
1115 3470 1242 3550 atheis,
1274 3516 1276 3521 ι

97 3557 243 3623 diversm
262 3553 358 3622 duae:
380 3549 685 3643 ἡστημονονητικὴ
706 3566 737 3619 et
756 3548 778 3641 ἡ
800 3551 1043 3639 mammasti-⁶
1069 3555 1141 3636 illa,
1161 3575 1241 3642 quas

96 3644 189 3709 filum
210 3652 331 3728 torquet
352 3640 393 3704 ad
412 3642 588 3730 firmitatem
620 3652 651 3705 et
673 3639 817 3725 duritiem
844 3645 1013 3722 majorem,
1039 3641 1134 3721 haec,
1160 3662 1242 3790 pap-o

96 3733 207 3795 taxum
218 3728 306 3791 filum
320 3727 412 3791 trahit
426 3737 457 3791 et
469 3728 574 3791 molle.
614 3728 825 3811 Hieronymus
842 3726 884 3789 ad
898 3724 1147 3793 Demetriadem

96 3812 180 3881 beto
199 3812 327 3878 lenam
344 3832 484 3899 semper
502 3809 539 3877 in
559 3809 743 3878 manibus.-
766 3810 824 3878 vel
844 3810 1003 3878 staminio
1020 3811 1153 3912 pollice
1162 3806 1239 3898 fila
1341 3886 1346 3895 ι

97 3898 234 3977 ducite,
255 3895 315 3965 val
326 3894 377 3963 ud
390 3896 581 3987 torquenda
602 3896 821 3987 subtegmina
841 3895 879 3962 r'rt
899 3893 1143 3986 alveolufusa
1155 3912 1239 3964 ver-0

96 3984 325 4067 tanturr'legi
346 3984 454 4049 malim
473 4007 513 4048 ex
529 3984 668 4051 Seneca:
695 3981 754 4049 vel
775 3981 1001 4073 subtegminis
1021 3981 1153 4072 pollice
1168 3977 1240 4069 file

95 4071 179 4139 ded.
202 4071 282 4155 [sici
306 4066 512 4153 deducitot]
544 4068 677 4136 velud
701 4080 788 4160 torq.
817 4070 973 4151 stamina
1000 4068 1038 4135 in
1066 4068 1136 4137 ala
1163 4069 1237 4134 ideo

95 4172 204 4224 autem
223 4161 294 4221 laxo
319 4159 382 4220 hoc
402 4158 457 4221 filo
476 4178 572 4244 opus,
603 4170 638 4220 ut
663 4156 753 4245 spina
777 4158 906 4222 fullonia
924 4159 959 4221 in
978 4158 1127 4223 tractione
1146 4157 1239 4222 villos

94 4248 225 4324 excitet,
255 4242 365 4329 quibus
380 4242 476 4331 panni
497 4246 698 4309 mollescunt:
727 4242 819 4308 docet
844 4246 998 4327 eleganter
1013 4244 1117 4322 Plato,
1149 4243 1307 4331 cujustlss)
1340 4248 1343 4253 '

93 4335 194 4400 verba
206 4330 379 4395 necessario
393 4327 574 4397 sansana
614 4328 717 4395 Lotus
730 4341 778 4395 est
791 4330 969 4411 inPolitico,
988 4329 1053 4411 ubi,
1073 4336 1238 4429 postquam

91 4417 194 4486 nendi
225 4426 386 4502 imamque
407 4426 505 4483 anam
529 4414 572 4485 ad
598 4430 696 4483 unum
725 4436 822 4503 genus
852 4410 1049 4502 menstede
1075 4414 1236 4493 sennar,
