2700 4972
246 368 275 497 ſs
372 386 435 454 sn
462 380 633 457 rursu
654 380 876 459 sertata
895 382 965 453 111.
1171 392 1238 459 sss

86 562 175 628 stola
205 556 341 625 XCIX:
374 555 527 645 Respice
554 555 767 623 celeritatem
794 553 1015 647 rapidissimi
1046 557 1238 647 temporina
1326 606 1329 611 -

88 644 220 736 cogita
236 644 438 711 brevitatem
460 643 565 732 liujus
587 644 714 728 spatii,
731 663 801 729 per
820 642 914 730 quod
932 642 1132 710 citatissimi
1153 667 1238 711 cur-

90 732 212 798 rimus
219 759 231 808 ;
252 732 337 795 idem
353 722 430 794 libro
450 729 507 793 III.
529 730 580 794 De
601 733 647 793 ira
670 736 706 806 [c.
729 737 772 797 42
790 732 866 819 sq.]:
895 728 1097 796 Poterimus
1117 734 1245 796 autem'
1305 734 1308 741 “

83 838 257 907 purgare
274 827 440 894 mentem,
462 813 667 879 adnitamur
685 813 797 879 modo.
840 811 920 880 Nec
945 815 1023 880 ulla
1045 836 1100 883 res
1121 817 1237 907 magis

84 902 260 992 proderit
283 924 389 989 qaam
411 900 577 1000 cogitatio
602 898 903 967 mortalitatis...
924 899 1021 983 Quid
1042 901 1237 967 tumultuu-

92 1011 179 1055 mur
195 997 231 1052 et
243 986 353 1051 vitam
366 985 510 1050 studiosi
527 986 629 1068 [adda
651 984 820 1066 seditiosi]
837 985 1109 1051 conturbamus?
1150 986 1290 1067 Statm

91 1095 207 1163 super
220 1080 327 1161 caput
338 1069 498 1156 fatumet
509 1078 692 1157 pereuntes
707 1070 783 1134 dies
796 1070 959 1159 imputat,
972 1072 1184 1162 propiusque
1192 1094 1238 1141 aa

85 1159 242 1249 propius
258 1157 405 1247 accedit.
417 1201 426 1219 .
436 1203 464 1223 ..
488 1156 579 1240 Quin
588 1156 708 1255 potius
723 1156 835 1222 vitam
848 1154 987 1223 brevem
999 1156 1138 1248 colligis
1150 1159 1239 1245 plo-

94 1246 286 1331 cidamque
295 1252 329 1307 et
342 1241 404 1311 tibi
417 1251 453 1308 et
467 1252 613 1309 caeteris
617 1244 811 1331 praestas?
823 1242 1034 1391 puiapotius
1046 1238 1238 1310 amabilem

93 1342 152 1411 te,
184 1328 271 1395 dum
294 1328 396 1406 uiuis,
413 1327 599 1405 ‚omnibus;
629 1325 823 1393 desiderabi
837 1350 908 1408 em,
937 1351 1016 1394 cum
1036 1330 1238 1413 excesseris,
1285 1330 1307 1373 ’-

93 1414 247 1484 reddis?
287 1416 373 1481 Vere
393 1416 600 1499 Hieronymus
623 1414 790 1503 Cypriane:
818 1412 927 1480 Nileil
948 1416 1000 1480 ita
1019 1414 1152 1505 decipit
1171 1415 1240 1481 ltu-

93 1524 248 1569 manum
260 1522 374 1591 genus
386 1522 493 1599 quam
506 1498 607 1586 quod,
630 1500 714 1563 dum
729 1500 895 1588 ignorant
905 1500 1022 1587 spotia
1037 1501 1131 1566 uitae
1143 1520 1238 1583 suae,

96 1588 160 1654 lon
189 1588 302 1652 iorem
326 1584 392 1651 sibe
422 1584 558 1650 saeculi
579 1584 682 1669 liujus
707 1585 958 1673 possessionem
984 1586 1239 1677 repromittunt.

96 1674 136 1742 A
177 1672 271 1739 lsunc
284 1692 432 1753 sensum,
439 1668 594 1759 pertinet
612 1678 647 1733 et
661 1670 767 1746 illud,
791 1668 882 1757 quod
896 1670 1041 1744 dicitur.
1064 1676 1239 1739 Memento

96 1760 223 1826 mortis
245 1768 328 1823 tuae
346 1768 382 1823 e't
405 1780 473 1821 aon
498 1754 682 1843 peccabis3
708 1756 821 1820 idcirco
848 1756 969 1823 dicebat
986 1757 1088 1839 regius
1106 1762 1239 1847 psaltess

96 1842 159 1913 et'v
174 1840 433 1931 iteritatis-seio
446 1838 579 1929 ἡμερῶν
589 1864 657 1927 μου
673 1837 870 1927 ἀνάγγειλόν
884 1864 959 1928 pos:
979 1864 1089 1909 rerum
1110 1845 1241 1931 scripto-

94 1954 146 1997 res
162 1929 470 2009 semronitarum,
493 1929 573 2017 apud
599 1950 676 2015 quos
697 1931 808 1992 obviae
827 1929 945 2014 passim
969 1941 1041 1993 sunt
1060 1928 1239 2009 hujusmodi

95 2018 345 2099 admonitionem
379 2038 436 2079 nec
463 2017 566 2078 minus
594 2020 770 2101 trequentes
790 2015 822 2077 in
848 2014 946 2078 Marci
970 2015 1117 2078 Antonini
1144 2015 1239 2080 libris.

94 2103 223 2187 [Melior
242 2100 334 2165 nobis
351 2122 448 2187 aeque
464 2122 499 2162 ac
512 2100 633 2164 Plumio
648 2099 770 2164 ridetur
786 2099 923 2164 Turnebi
939 2100 1160 2187 interpretatio:
1180 2099 1239 2180 „In

94 2189 176 2255 circo
195 2186 237 2250 ad
261 2192 399 2265 metam‚'
422 2208 481 2272 qua
502 2186 711 2248 inflectebatur
731 2186 926 2265 curriculum,
944 2182 1061 2275 flexus
1082 2184 1239 2255 dicebatur

94 2325 103 2340 .
123 2319 136 2338 .
159 2286 195 2345 ut
212 2274 280 2361 ipsa
300 2274 421 2358 quoque
435 2271 529 2334 flexio
553 2282 584 2333 ct
599 2270 735 2334 lustratio
749 2282 862 2334 metae.
904 2271 942 2335 ln
957 2269 1111 2335 lustranda
1132 2282 1237 2336 autem

93 2376 182 2423 curru
194 2370 278 2421 meta
290 2359 323 2420 in
337 2358 465 2443 ipsoque
479 2358 563 2419 flexu
577 2355 713 2419 maxima
727 2354 884 2437 aurigandi
897 2354 1043 2420 industria
1056 2366 1120 2421 erat
1137 2358 1240 2425 maxi·

92 2448 243 2530 mumque
254 2442 424 2531 periculum
437 2443 616 2528 imperitiae.
650 2442 693 2504 Ac
709 2452 806 2505 certus
817 2452 883 2504 erat
892 2442 989 2522 locus,
1010 2439 1101 2505 unde
1118 2450 1241 2508 sursunt

92 2532 218 2594 flectere
236 2532 407 2617 oportebat.
451 2527 514 2608 Qui
536 2549 624 2591 secus
643 2530 773 2606 fecerat,
794 2538 895 2591 rotam
916 2530 1096 2615 plerumque
1116 2531 1240 2611 {range-

91 2620 148 2682 bat
163 2626 267 2679 metae
283 2616 458 2699 impactam.
502 2612 582 2676 Cum
602 2624 706 2675 autem
722 2613 901 2676 cuniculum
920 2613 1007 2677 sitae
1022 2616 1176 2677 humanae
1195 2615 1240 2678 si·
1303 2690 1307 2699 Ι

92 2704 168 2767 mile
190 2703 230 2764 sit
252 2701 396 2762 cuniculo
426 2700 565 2778 circensi,
619 2720 652 2761 er
708 2718 812 2760 enum
836 2706 950 2761 metae
978 2709 1076 2762 artem
1099 2698 1241 2780 intelligit

93 2790 178 2867 ritae
200 2784 353 2867 regendae
386 2796 416 2847 et
440 2720 671 2847 moderandae!
718 2783 796 2846 adv.
816 2781 943 2860 XXIII,
967 2782 1031 2865 ΞΒ]
1079 2783 1144 2847 Sed
1168 2788 1241 2848 sunt

94 2868 339 2948 Persii'codices,
362 2870 395 2932 in
411 2868 520 2957 quibus
533 2888 602 2957 qua
622 2864 860 2958 mollisflexus
872 2868 1019 2949 scribitur,
1040 2890 1103 2931 non
1117 2888 1254 2955 quami

95 2960 176 3021 hisee
197 2957 289 3019 tectio
315 2956 342 3019 si
363 2976 435 3018 vera
452 2966 547 3033 esset,
579 2951 691 3035 flexus
714 2961 829 3017 metae
852 2952 968 3019 valeret
993 2953 1079 3017 idem
1109 2975 1145 3017 ac
1168 2955 1239 3019 finis

98 3042 200 3107 ultimi
222 3039 345 3127 adeptio
365 3052 396 3104 et
419 3060 488 3127 qua
508 3051 588 3104 esset
609 3039 753 3127 quavis,
795 3060 837 3103 uo
858 3058 970 3120 genere
986 3040 1070 3103 ritae
1092 3038 1133 3101 ad
1151 3041 1239 3103 ilium

97 3130 195 3193 finem
215 3136 322 3219 posset
340 3126 510 3212 perveniri3
530 3128 630 3213 probo
652 3145 728 3190 vero
751 3060 866 3187 editam
887 3124 1070 3204 lectionem,
1092 3142 1186 3211 quam
1208 3134 1240 3189 et
1344 3194 1347 3201 ,

95 3216 128 3277 in
142 3212 331 3276 membranis
347 3212 533 3293 inrenimus.
577 3208 725 3291 [Turnebi
742 3210 902 3299 explicatio
970 3229 993 3271 a
1011 3221 1046 3271 ut
1065 3212 1149 3291 legas
1166 3230 1239 3273 sua·
1266 3220 1298 3278 ,’“

94 3296 279 3465 ldees,]qu0d
300 3297 393 3362 estin
411 3301 431 3363 6
450 3296 578 3363 vetustis
598 3293 693 3378 Aca,
712 3306 775 3361 ret.
794 3296 908 3378 schot,
955 3296 1007 3379 yb.
1022 3294 1092 3361 MS.
1108 3306 1145 3383 et¹
1155 3294 1239 3385 apud

118 3388 173 3449 im.
1164 3441 1167 3446 .

177 3465 231 3533 Et
252 3465 369 3550 unde]
405 3466 645 3533 Obscuriuscule
679 3464 809 3547 dictum3
844 3486 945 3553 neque
974 3485 1038 3529 uno
1067 3464 1165 3530 modo
1190 3477 1239 3531 est

90 3554 303 3643 interpretari:
326 3553 409 3616 unde
423 3554 533 3619 mors?
554 3572 669 3638 nempe
691 3571 710 3614 a
732 3563 854 3630 namra,
876 3553 947 3639 quia
965 3550 1018 3614 lex
1042 3563 1167 3615 naturae
1180 3564 1238 3634 est,

89 3652 142 3722 ut,
185 3638 326 3727 quicquid
350 3640 498 3716 nascitur,
534 3650 566 3701 et
587 3626 782 3701 'denuscetur
835 3636 959 3701 Marcus
980 3639 1134 3719 eleganter
1158 3639 1237 3702 libro

87 3738 203 3813 quarto¹
218 3724 262 3808 [ς.
286 3724 358 3805 23]:
390 3714 418 3788 d
435 3719 550 3807 φύσις,
573 3719 610 3788 ἐκ
627 3723 692 3788 σοῦ
710 3718 837 3802 adesa,
859 3718 898 3787 ἐν
915 3719 970 3787 σοὶ
986 3720 1111 3805 adera,
1133 3722 1181 3799 εἰς
1201 3719 1238 3789 si

87 3807 210 3877 πάντα.
240 3810 374 3874 Rursus:
397 3808 480 3872 unde
501 3808 610 3875 mons?
631 3828 720 3896 persa
760 3808 1034 3874 evertenuissima
1054 3830 1095 3873 ex
1113 3829 1237 3891 caussa3

87 3920 149 3985 quo
174 3894 354 3977 argumento
373 3897 466 3957 utitur
487 3893 626 3972 Seneca,
653 3905 687 3956 ut
708 3914 726 3956 a
749 3914 854 3958 versus
880 3896 997 3975 majora
1022 3914 1082 3958 nos
1102 3896 1236 3981 pericula

90 3984 269 4061 confirmet,
289 3981 480 4045 Naturalium
502 3981 555 4046 lib.
569 3979 626 4058 VI,
649 4000 683 4042 ca
706 3978 776 4045 ,112
804 3975 859 4043 Un
916 3979 924 4057 J
967 3976 1097 4058 linos,
1118 3981 1176 4060 ait,
1199 3987 1236 4043 et
1255 4034 1258 4039 ,

92 4090 134 4133 ne
151 4064 263 4155 totius
277 4063 418 4153 quidem
438 4062 554 4143 dolor,
578 4061 641 4127 sed
661 4000 784 4151 edique
807 3998 967 4139 aibbmre
981 4063 1058 4151 ejus
1079 4063 1235 4128 scissura

91 4148 256 4235 conficit.-
287 4161 322 4215 et
346 4172 410 4241 ego
433 4148 578 4215 timeam
597 4160 713 4214 terras
734 4158 939 4230 trementes,
962 4170 1064 4239 quem
1085 4148 1235 4214 crassior·

94 4238 210 4304 saliva
227 4234 421 4328 'suffocat⁹
454 4234 534 4325 Ego
566 4233 794 4301 extimescam
818 4245 972 4300 emotum
995 4232 1286 4305 sedibus'suieitte

96 4346 211 4402 mare,
231 4333 314 4387 'cura
329 4319 497 4411 quosdam
513 4320 790 4410 strangulaverit
804 4321 906 4411 potio
926 4321 1019 4386 male
1043 4319 1154 4407 tepea,
1168 4338 1235 4406 per

83 4408 258 4496 fauces?
271 4411 376 4475 affinia
394 4410 445 4474 his
466 4418 536 4473 sunt
552 4410 585 4472 in
606 4410 694 4473 tertio
716 4411 812 4488 libro,
828 4408 932 4496 ¹capita
945 4407 1096 4473 XXVII:
1123 4400 1235 4471 Urbes

98 4492 279 4565 mastituit·
298 4504 419 4563 uetass
444 4492 535 4561 liora
552 4490 721 4564 duravit.
770 4493 948 4653 Moapeppo
960 4488 1012 4584 fit
1033 4488 1157 4559 cinae
1171 4486 1241 4559 diu
