2700 4972
81 277 126 340 a
322 237 324 240 ’
398 267 857 371 ⁸c·atratinus‚stus

84 442 137 524 δα,
159 436 232 508 ἀλλ’
245 434 560 531 Ιὥςἐπιγιγνόμελόν
572 462 604 506 τι
616 437 721 518 τέλος,
744 431 818 527 olon
834 441 905 515 τοῖς
917 426 1218 525 deprimendam

83 529 169 594 idern
198 528 291 593 etde
338 528 415 590 loria
441 526 660 591 sentiendum·
693 524 817 590 Recti‘
854 545 934 589 nem
956 528 1231 608 extremumque..
1265 574 1268 579 .

86 615 161 679 dixit
201 636 235 677 ro
256 607 293 677 τὸ
315 606 447 721 apetitio
465 609 546 694 ὅπερ
568 609 637 677 ἐστι
657 607 750 689 τέλος
772 606 815 677 uni
845 608 1003 694 inperce:
1024 614 1161 670 rectum
1175 616 1219 670 est
1264 628 1269 633 ·

84 696 122 766 τὸ
137 721 181 765 κα
207 696 240 762 ’ν
256 702 308 765 vel
330 694 483 782 αγαθόνε
504 698 595 762 recti
604 693 696 784 finis
705 745 717 776 ,
740 692 777 763 τὸ
797 693 973 762 κάλλιστον
992 695 1045 758 vel
1065 690 1236 773 dotarunt.

85 787 185 851 simile
204 796 265 864 cst,
288 807 357 847 cum
371 780 451 867 ὅρος
470 779 613 860 κάλλους
630 784 753 872 ponitur
763 788 826 871 'pro
847 776 1036 861 κάλλιστος,
1064 773 1220 867 doceas-
1253 822 1257 845 .

85 870 170 947 νίας,
191 873 413 957 pauperrimus:
434 873 585 957 praeclare
601 882 631 931 et
641 892 699 932 nos
717 871 750 931 in
762 868 910 932 idiomate
927 878 1033 963 nostm
1052 886 1103 928 res
1117 864 1217 945 instro
1267 894 1269 933 ι

86 978 197 1039 genere
216 967 418 1040 praestantes,
439 967 583 1042 tanquam
604 956 699 1017 finem
720 956 862 1029 ultimum
883 962 1051 1029 assecutas,
1074 970 1218 1014 vocamus

20 1074 21 1079 1
85 1038 182 1192 fipes
200 1044 270 1190 sive}
290 1034 434 1123 finitas,
456 1052 489 1103 ut
500 1063 655 1129 pannum,
675 1043 769 1104 telam
790 1052 821 1102 et
840 1040 967 1103 similia:
988 1037 1031 1099 ita
1045 1032 1161 1117 Graeci
1175 1055 1222 1123 mg

86 1130 121 1193 λε
137 1150 157 1191 α
198 1129 309 1191 arlo
329 1134 341 1186 .‘
839 1128 841 1134 '

137 1217 140 1223 ’
159 1150 221 1277 g49.
244 1149 346 1299 Euge
361 1218 460 1273 tuum
473 1214 508 1273 et
524 1207 639 1290 belle]
662 1209 901 1288 Laudationem,
923 1205 1104 1294 praesertim
1123 1216 1219 1269 tuamt

87 1298 130 1362 sic
151 1297 377 1384 accipiendum,
399 1319 439 1359 ne
459 1295 598 1361 videatur
620 1294 659 1359 de
678 1297 763 1358 inani
780 1299 864 1358 fama
882 1296 984 1357 solum
1004 1292 1134 1371 sentire,
1157 1290 1222 1355 tum

86 1395 179 1464 negat
194 1385 379 1447 essefinem.
403 1381 466 1462 [De
485 1384 534 1445 his
557 1382 824 1469 acclamationibus
845 1403 876 1446 v.
890 1380 990 1443 Plum.
1006 1389 1037 1441 et
1050 1398 1130 1464 quos
1143 1374 1222 1441 laud.

20 1530 22 1535 s
88 1469 184 1546 Pasa]
1106 1514 1110 1519 .
1210 1468 1233 1511 '·
1259 1508 1264 1525 .

175 1549 275 1616 Nam
297 1550 386 1616 belle
416 1549 482 1614 boo
507 1560 628 1613 excute
655 1550 785 1630 totum]
818 1549 901 1614 Vide
923 1560 953 1611 et
975 1548 1054 1611 serio
1076 1546 1223 1631 expende,
1263 1546 1266 1553 '

28 1655 35 1669 “
108 1660 181 1701 uam
198 1637 307 1718 dignae
327 1639 387 1702 sint
406 1659 484 1723 quae
503 1649 681 1722 expetantur
700 1635 891 1700 laudationes
911 1637 948 1697 ab
969 1634 1033 1697 istis
1047 1635 1224 1719 profectae:

88 1660 178 1786 belle
200 1731 311 1786 totum
331 1726 413 1788 valet
427 1724 493 1802 hic,
517 1734 640 1786 cunctos
656 1724 743 1802 illos,
767 1723 819 1807 qui
836 1720 996 1783 laudantur
1017 1730 1047 1780 ct
1068 1720 1158 1805 quasi
1178 1741 1226 1782 or-

88 1813 162 1874 bem
173 1810 296 1872 illorum
314 1811 491 1873 universum
506 1806 559 1888 [cf.
577 1808 692 1890 Pass.];
716 1815 891 1885 excutere,
918 1799 1138 1885 terruimus,
1160 1805 1226 1867 heic

89 1918 145 1981 pro
166 1896 284 1975 singula
305 1916 444 1958 seorsum
465 1891 664 1958 considerare.
708 1893 758 1956 De
780 1892 877 1956 Iliade
897 1891 967 1953 Attii
986 1911 1093 1975 supra;
1122 1912 1227 1955 necen-

88 1993 152 2044 tem
166 1981 306 2066 poe'tam,
329 2002 392 2042 non
409 1991 546 2043 veterem
558 1981 706 2060 tragicum
718 1980 844 2060 intelligi
859 1975 1061 2053 indubitatum
1075 1988 1131 2041 est.
1154 1974 1228 2056 [Re-

41 2136 46 2143 ‚
89 2069 191 2128 ferunt
209 2065 293 2127 enim
315 2065 354 2126 ad
371 2061 569 2126 Labeonem
588 2063 655 2128 v.4
683 2076 712 2125 et
729 2065 825 2126 schol.
854 2063 901 2127 ct.
923 2062 980 2125 Ph.
994 2057 1076 2124 Guit.
1095 2060 1229 2125 schint-

89 2152 144 2214 leri
160 2147 336 2213 Meditata
352 2159 385 2212 et
399 2146 595 2212 Observata
605 2145 717 2232 jurid.
732 2146 771 2217 in
790 2146 832 2213 P.
850 2144 1025 2232 specimen
1048 2144 1108 2227 (L,
1135 2140 1228 2231 1797)

90 2232 226 2384 capklll.
269 2235 413 2299 Extitisse
424 2235 567 2301 ridentur
579 2233 700 2298 Romae
720 2233 825 2298 Iliadis
838 2234 997 2303 versiones
1013 2254 1079 2295 non
1092 2234 1229 2320 paucae:

89 2343 120 2386 v.
167 2342 225 2384 ass.
262 2324 357 2387 .278.

177 2322 369 2472 510pEbria]
382 2406 542 2484 veratro]
566 2405 635 2466 Hoc
651 2415 698 2469 est
715 2394 806 2490 quani
824 2404 869 2466 illi
890 2426 908 2465 e
951 2402 1040 2466 ressit
1055 2425 1122 2474 non
1142 2392 1230 2493 copia

89 2491 220 2573 ingenii:
244 2483 356 2573 ἀφυὴς
375 2491 459 2553 enim
480 2503 510 2553 ct
528 2491 648 2574 ineptus
671 2491 764 2579 polita
782 2503 860 2567 erat3
889 2425 950 2552 sid
964 2490 1052 2552 lalior
1069 2489 1231 2576 improbus

91 2598 133 2641 ac.
149 2577 294 2657 gloriolae
315 2577 446 2662 pruritus
468 2587 498 2637 et
521 2577 548 2638 si
570 2597 647 2660 quae
674 2577 733 2639 alia
757 2589 827 2639 sunt
847 2576 1016 2638 infelicium
1038 2575 1231 2655 ingeniorum

90 2662 291 2741 irritamenta,
314 2682 384 2723 cum
399 2661 458 2722 alia
473 2662 755 2724 autem-excitando
776 2662 900 2741 ingenio
917 2660 1004 2722 tardo
1024 2663 1146 2741 valent,
1167 2675 1232 2725 tum

91 2747 186 2811 etiam
198 2746 352 2809 interdum
387 2749 546 2825 harmaca,
565 2748 658 2832 inque
672 2749 720 2810 his
740 2756 906 2825 ¹versurum,
930 2748 1044 2808 clarum
1060 2749 1113 2812 vel
1125 2769 1232 2813 exem·

40 2855 75 2910 95
91 2828 152 2918 plo¹
169 2831 333 2897 Carneadis
364 2769 556 2910 bcademici,
572 2906 575 2913 Ι
591 2833 642 2917 qui
664 2834 771 2896 solitus
794 2834 929 2915 elleboro
948 2833 1086 2918 purgari,
1113 2835 1231 2919 quoties

93 2940 163 2981 cum
177 2918 305 2981 Zenone
324 2915 429 2980 Stoico
444 2924 493 2980 re's
515 2919 559 2979 illi
572 2930 635 2980 erat
657 2922 771 2980 futura:
795 2921 917 3003 jamque
939 2939 975 2980 ea
993 2939 1042 2981 res
1060 2918 1094 2979 in
1111 2941 1233 2983 morem

70 3002 299 3077 ⁴studiosorum
321 3005 488 3068 transierat.
539 3002 654 3066 Plinius
678 3005 732 3067 lib.
754 3003 867 3082 XXV,
889 3025 953 3087 cap.
974 3002 1013 3067 V.
1041 3003 1120 3084 [sive
1140 3010 1183 3073 21
1208 3028 1233 3073 s.

94 3086 171 3163 141?
199 3085 398 3152 Candidum
421 3098 555 3175 purgat
587 3087 771 3152 vomitione
801 3096 1009 3174 caussasque
1035 3086 1234 3155 morborum

92 3172 266 3237 extrahit:
289 3172 465 3262 quondam
480 3171 655 3251 terribile,
677 3185 802 3263 postea
825 3184 900 3237 tam
914 3173 1175 3261 promiscuum,
1197 3185 1235 3241 ut

88 3256 249 3345 plerique
264 3259 459 3324 studiorum
472 3258 596 3346 gratia
622 3257 671 3322 ad
689 3257 906 3347 providenda
930 3259 1030 3339 [edd.:
1049 3261 1235 3346 perviden-

93 3341 152 3423 da]
170 3344 287 3408 acrius
302 3367 391 3439 quae
408 3343 731 3410 commentabantur
746 3344 1019 3429 sumsitaverint.
1043 3346 1136 3425 [Cum
1151 3349 1236 3415 idem

92 3442 197 3491 auctor
209 3433 248 3493 sit
262 3432 335 3495 ibid.
349 3432 382 3493 in
398 3432 548 3501 Helicone
563 3445 668 3496 monte
683 3434 792 3521 optimi
811 3434 960 3497 hellebori
979 3434 1151 3515 benignum
1168 3456 1236 3501 esse

91 3528 292 3600 proventum,
318 3520 420 3580 lusum
442 3528 561 3603 poetae.
582 3540 659 3581 rece.
684 3521 862 3666 interpretes
894 3522 1239 3600 agnoveruntt-Attium

91 3599 132 3662 ad
144 3603 264 3663 sontem
277 3603 380 3689 ipsum
391 3624 456 3664 non
467 3603 653 3688 pervenisse,
670 3604 726 3668 sed
739 3626 755 3667 a
790 3606 998 3692 propinquum
1014 3604 1044 3667 ei
1056 3604 1236 3688 veratrum]

90 3681 179 3748 Ilias
198 3687 289 3766 igitur
308 3696 446 3750 veratro
470 3685 585 3766 ebria,
599 3689 671 3752 sive
685 3691 791 3777 plena,
813 3691 918 3754 Persio
940 3689 1059 3770 dicitur,
1082 3692 1123 3756 ad
1144 3715 1239 3780 quam

91 3772 399 3839 scribendammulta
412 3775 538 3859 potione
557 3776 683 3837 ellebori
694 3775 774 3838 Attio
794 3777 885 3840 fuerit
900 3799 993 3862 opus3
1017 3776 1101 3862 quod
1121 3792 1239 3842 certum

92 3867 139 3919 est
151 3871 372 3947 ,argumentum
384 3860 515 3947 infelicis
528 3858 655 3947 p'oiitae,
678 3861 747 3946 quia
766 3863 831 3925 veri
845 3861 956 3948 politae
969 3875 1095 3927 naturae
1109 3858 1239 3929 munere

90 3943 177 4019 fiunt,
196 3943 295 4029 inquit
306 3944 471 4010 Pindarus:
494 3947 552 4008 hac
566 3968 640 4025 vero
659 3945 793 4011 destituti
806 3959 837 4010 et
857 3951 925 4011 solo
943 3948 1043 4011 studio
1062 3952 1132 4012 srcti
1154 3952 1240 4017 corvi

93 4029 235 4113 loquaces
254 4028 397 4111 eradunt,
409 4053 482 4103 ,non
497 4031 624 4134 po‘e‘tae3
647 4034 690 4097 sic
703 4034 754 4096 ille
770 4033 979 4120 Olympionic.
1001 4033 1073 4098 Oda
1087 4035 1120 4099 II
1141 4038 1197 4118 [86
1213 4060 1237 4103 s.

1 4133 2 4138 ¹
93 4113 167 4205 155]
179 4137 194 4205 :¹
218 4110 324 4197 ’σοφὸς
351 4111 505 4180 ὁ-πολλα
527 4112 624 4193 εἰδώς
649 4119 737 4204 φυᾷ·
765 4115 932 4200 μαθόντες
961 4117 995 4184 δὲ
1016 4116 1137 4204 λάβροι
1157 4143 1245 4206 ream,-¹

89 4197 255 4285 γλωσσίᾳ,
278 4194 418 4291 κόρακες
442 4196 505 4278 ὥς,
528 4197 880 4290 dnpanrn'yuptier'ou:
902 4206 968 4269 aliis
990 4207 1093 4283 verbis
1113 4221 1245 4287 senten..

91 4285 167 4365 tiam
191 4282 327 4377 ¹eandem
352 4308 446 4372 saepe
473 4290 620 4375 expressit
648 4291 861 4377 magniloquus
883 4292 935 4355 ille
964 4292 1070 4378 poe’ta,
1098 4307 1246 4375 naturam¹

93 4370 208 4469 ubique
223 4374 384 4471 attollens„
396 4384 492 4436 artem
505 4395 579 4439 vero
595 4374 787 4467 deprimens:
808 4381 876 4460 lege
896 4379 1059 4465 septimam
1079 4391 1110 4444 et
1122 4370 1247 4463 unnim,
