2700 4972
50 37 67 87 t

50 92 63 265 i

50 272 66 463 Ι
170 400 174 409 ,
277 364 280 371 ·
390 334 453 401 AD
475 333 645 405 sensu
667 335 936 408 sttlnrttl.
1186 342 1232 406 'lh

51 548 53 557 =
96 508 205 575 dicim
227 507 367 576 Caesaris
386 507 510 573 deruis
528 509 667 573 versibus
687 508 765 573 seire
790 508 934 599 cupiens:
961 506 1034 575 Dic
1060 506 1150 573 milti
1167 529 1229 575 ve-

51 656 53 661 .
98 616 188 663 neme
209 616 297 659 mern
316 602 378 657 aut
401 615 458 658 res
480 614 560 658 eum
579 602 643 657 cul
660 591 827 692 quaestip
845 617 914 661 non
933 592 1111 660 delectat?
1138 592 1231 660 nilril

98 691 156 755 est¹
280 700 451 746 vereare:
478 678 661 768 egoenim
688 702 731 744 ne
761 681 836 768 pilo
865 679 1005 768 quidem
1030 681 1145 745 minue
1173 702 1229 755 me

99 790 173 835 ema
199 789 232 833 o.
270 766 354 836 Hae
367 763 411 829 de
429 787 466 843 re
482 762 678 851 φιλαλήθως
692 776 739 843 et,
762 767 915 851 utsolps,
930 765 1041 831 scribe
1050 764 1228 853 fraterne.
1323 832 1326 843 ,

174 889 230 955 66.
251 880 414 972 Qulpote
426 882 454 967 i]
483 885 555 950 Non
576 898 677 973 potest
699 888 738 950 ab
758 888 823 951 istis
844 909 953 951 verum
973 886 1086 952 audiri:
1108 908 1232 973 semper

98 974 190 1053 enim,
216 983 249 1034 ut
260 969 468 1052 Quintilianus
484 968 586 1035 scribit
608 973 641 1034 in
654 971 705 1052 X,
729 993 752 1033 a
776 974 970 1060 corrogatis
994 969 1232 1037 laudabantur

98 1058 205 1123 etiam
219 1076 309 1145 qrure
323 1078 390 1120 non
401 1056 595 1143 placerent.
638 1057 734 1121 Recte
753 1070 857 1122 autem
876 1069 961 1122 notat
978 1070 1066 1124 vetus
1084 1060 1232 1145 interpres

51 1156 56 1165 “
97 1158 125 1210 et
134 1147 220 1208 hunc
236 1154 267 1206 et
282 1163 338 1206 sex
347 1145 508 1206 continuos
526 1165 632 1209 versus
647 1166 715 1207 esse
728 1166 784 1229 per
799 1143 993 1231 parenthesin
1007 1145 1147 1209 insertos.

182 1238 226 1313 V
223 1242 255 1309 is
273 1240 393 1308 dicam
401 1244 433 1326 l]
458 1244 544 1327 Ego,
565 1247 617 1333 qui
640 1245 794 1312 blanditiis
814 1249 873 1311 tuis
893 1268 957 1309 non
975 1269 1045 1312 sum
1060 1258 1225 1334 corruptus,
1234 1244 1285 1299 1⁰0

62 1384 73 1413 ,
95 1352 225 1421 possmn
240 1330 299 1394 tibi
311 1352 421 1396 verum
434 1330 668 1413 dicere‚.1nodo
688 1334 765 1397 velis
785 1334 852 1422 ipse
866 1332 981 1396 audire.

180 1452 235 1518 57.
264 1446 445 1538 Nugarie,
473 1471 552 1514 cum
572 1449 651 1530 tibi,
684 1452 803 1530 calve,
834 1450 989 1541 Pinguis
1011 1447 1194 1537 aqualicul

66 1542 69 1547 '
93 1556 270 1627 propenso
290 1534 493 1683 sesquipede
513 1537 629 1619 extet]
657 1539 727 1600 Hoc
751 1551 797 1603 est
814 1540 909 1603 Persii
928 1539 967 1602 de
990 1539 1055 1602 istis
1072 1537 1236 1617 judicium:

52 1662 55 1683 .
94 1626 202 1713 accipe
214 1623 324 1704 igitur,
368 1634 435 1685 ete
449 1621 522 1707 quid
536 1626 684 1687 sentiam:
708 1647 766 1707 ego
788 1637 819 1689 te
839 1628 966 1689 stultum
981 1624 1162 1711 pronuntio,
1184 1623 1237 1707 qui

93 1712 194 1777 vitam
206 1730 335 1771 omnem
348 1707 387 1770 ad
402 1709 543 1771 canitiem
561 1730 657 1794 usque
671 1710 809 1775 traducas
822 1712 856 1773 in
878 1712 968 1792 nugis
992 1722 1023 1772 et
1045 1709 1145 1771 inutili
1159 1706 1238 1794 poli-

95 1795 183 1861 tandi
195 1793 316 1872 studio,
338 1815 408 1855 cum
423 1795 485 1856 sint
503 1797 561 1857 alia
580 1797 717 1882 potiora,
740 1818 817 1881 quae
840 1797 870 1859 ei
889 1794 992 1860 studio
1012 1794 1163 1881 praeverti
1182 1792 1238 1856 de-

95 1887 209 1947 beant:
229 1880 380 1965 imprimis
395 1891 499 1942 eutem
516 1903 620 1945 mores
632 1881 796 1945 emendare
811 1882 949 1946 etritam
961 1881 1123 1961 corrigere,
1146 1899 1240 1964 quam

96 1990 154 2057 per
175 1967 352 2052 voluptates
370 1964 519 2046 traducis,
546 1969 579 2029 in
608 1967 739 2030 curanda
761 1981 829 2031 cute
855 1971 925 2054 plus
955 1988 1054 2052 aequo
1082 1975 1239 2051 operatus:

97 2048 231 2141 nugari
240 2073 299 2138 pro
310 2072 416 2115 versus
428 2054 529 2116 facere
540 2055 785 2134 vulgatissimum
796 2066 841 2117 est
859 2054 1014 2135 [universe
1032 2051 1113 2137 capit
1127 2049 1239 2115 Pium.-

97 2141 177 2204 nihil
199 2137 272 2203 sen'i
289 2137 370 2218 agis3
391 2159 422 2222 q.
436 2138 504 2218 cf.];
527 2136 635 2219 calve,
657 2151 801 2227 utsupra
820 2137 958 2204 vetule:
986 2137 1043 2202 sed
1066 2133 1189 2200 calvus
1206 2135 1240 2198 in

98 2229 210 2291 mutos
227 2235 259 2286 et
274 2223 435 2310 improbos
463 2225 658 2288 notissimum
687 2236 718 2289 et
737 2227 967 2290 usitah‘ssimum
994 2223 1163 2287 convitium
1194 2230 1242 2284 ert
1303 2250 1307 2257 ·

100 2313 151 2394 [r.¹
168 2308 307 2373 Turneb.
328 2307 407 2372 Adr.
429 2309 585 2390 XXVIII,
607 2317 650 2376 26
672 2324 704 2375 et
717 2314 756 2375 al.
776 2333 826 2398 ap.
849 2311 965 2390 Pass.];
988 2307 1172 2395 periphrasis
1194 2316 1242 2369 est

97 2393 297 2483 γάστρωνος
311 2392 649 2479 κατασεσαρκωμὲνου
671 2391 738 2462 ὑπὸ
751 2399 890 2482 τρυφῆς,
911 2408 945 2459 ut
957 2395 1089 2480 loquitur
1099 2391 1241 2481 Basilius,

100 2481 290 2561 ethominis,
304 2481 356 2564 qui
370 2484 470 2546 ventri
481 2482 639 2547 abdomini
659 2506 699 2546 ue
706 2485 817 2548 serviat
831 2483 951 2561 inistis,
966 2477 1118 2568 Pinguis
1127 2497 1244 2567 aqua·-

101 2566 254 2634 lieulurr
272 2568 353 2651 quia,
374 2577 409 2629 ut
424 2589 463 2631 ex
475 2571 575 2654 aquali
589 2573 643 2632 fun
668 2571 727 2633 'tur
743 2591 837 2655 aqua,
859 2571 903 2635 sic
924 2571 962 2633 ab
983 2568 1034 2631 illa
1049 2577 1134 2652 parte
1155 2563 1243 2626 urina

102 2653 693 2805 illittlltttfitttltttt
713 2657 877 2804 spurga
897 2656 1245 2803 tttttffftzttt

102 2828 169 2906 nis,
190 2824 304 2943 impuri
323 2786 354 2887 ei
367 2762 647 2910 parumpiugeniosi
664 2764 814 2905 hdrlrinis),
834 2763 973 2912 pilam
995 2826 1035 2887 cf.
1048 2821 1155 2885 Barth.
1167 2819 1245 2884 Adv.

102 2910 157 2993 LI,
170 2912 234 2977 18.ι
267 2909 343 2991 Pl.]:
367 2911 423 2973 sed
435 2912 536 2975 Latini
553 2934 590 2976 ea
610 2935 689 2977 voce
704 2915 753 2977 usi
765 2913 867 2977 varies
890 2910 971 2998 apud
992 2907 1134 2972 medicos
1151 2907 1246 2968 inter-

104 2998 184 3063 dum
198 2995 294 3059 etism
306 3017 361 3082 pro
380 2998 567 3076 ventriculo,
589 2998 748 3084 quomodo
768 2998 930 3061 Marcellus
945 2995 1116 3082 Empiricus
1137 2991 1248 3078 accipit

105 3106 172 3147 non
186 3083 294 3146 semel.
324 3078 468 3159 [Glossar.
490 3082 558 3146 MS.
576 3084 692 3148 Montis
707 3082 741 3147 S.
757 3083 849 3164 Eligii
863 3083 1025 3146 larebat:
1048 3075 1248 3163 Aquolicu-

90 3167 174 3248 ,lua
201 3161 442 3245 Ventriculus,
466 3165 556 3230 unde
574 3167 738 3231 Persius.-
761 3166 911 3253 Pinguis
924 3161 1145 3251 aqualiculus
1159 3181 1248 3247 pen-

105 3277 146 3318 so
166 3250 377 3341 sexquipede
400 3254 519 3336 extat]
555 3254 673 3318 Seneca
700 3253 740 3317 ad
762 3256 913 3317 Lucilium
942 3252 1005 3338 [ep.
1027 3249 1100 3314 XC.
1130 3271 1161 3335 p.
1185 3246 1248 3312 365

105 3338 209 3429 Bip.]:
231 3358 312 3403 curn
326 3339 484 3425 pervenit
507 3337 603 3403 cilius
625 3338 661 3403 in
688 3351 863 3418 ventrem,
893 3333 1092 3425 aqualiculi
1102 3329 1249 3421 fervore

107 3421 354 3513 concoquitur:
383 3435 464 3490 tunc
489 3421 630 3489 demum
654 3424 794 3511 corpori
813 3422 971 3488 accedit:
1005 3424 1075 3486 heic
1098 3417 1251 3484 stomachi

106 3512 295 3595 ventriculus
316 3510 425 3574 dicitur
447 3511 584 3576 Senecae
609 3514 805 3599 aqualiculus.
856 3509 1041 3575 Theodorus
1065 3529 1141 3570 vero
1165 3503 1251 3568 Gaza

107 3600 208 3663 imam
225 3597 379 3661 inferioris
395 3599 511 3661 ventris
524 3610 657 3684 partem,
681 3620 773 3684 quam
787 3599 963 3662 Aristoteles
981 3597 1038 3660 sub
1059 3589 1151 3678 ἤτρῳ
1170 3594 1253 3653 locat

108 3696 142 3750 et
162 3679 312 3748 &aaron
333 3695 439 3763 vocat,
464 3682 705 3770 aqualiculum
729 3685 820 3764 dixit,
848 3684 987 3747 Persium
1050 3682 1110 3743 tius
1131 3688 1254 3742 secutus

108 3790 206 3859 quam
225 3771 356 3832 aliorum
369 3792 460 3833 usum
473 3772 560 3835 vocis
580 3773 671 3849 hujus
697 3770 845 3852 [„Plinius
864 3769 905 3832 H.
921 3768 960 3832 N.
975 3766 1036 3844 X,
1057 3771 1119 3831 37:
1142 3759 1255 3826 Iidem

110 3855 229 3921 minus
250 3853 426 3937 sqllertes,
448 3853 570 3943 quilius
587 3853 807 3918 clresissimus
829 3862 965 3929 venter3
989 3854 1038 3914 cui
1059 3853 1256 3938 pervulgatae

110 3941 282 4008 sententiae
293 3942 461 4027 respondet
475 3944 611 4006 senarius
623 3940 775 4005 Graecus:
797 3937 916 4023 nclqera
929 3933 1054 4022 γαστήρ
1076 3931 1197 4001 λεπτὸν
1212 3927 1256 4007 oti

112 4027 216 4094 τίκτει
232 4021 350 4091 νόον.“
364 4028 423 4108 ΡΙ.]
454 4025 632 4113 Propenso
647 4049 756 4091 omnes
770 4030 969 4090 membranae
982 4035 1170 4096 constanter:
1193 4044 1257 4089 non

107 4122 293 4202 protento,
323 4124 358 4175 ut
380 4112 463 4201 apud
484 4115 711 4197 Hieronymum
740 4114 774 4176 in
794 4113 985 4191 Hieremiam
1015 4122 1047 4173 et
1069 4108 1259 4173 Prisciauum

112 4202 195 4265 h'bro
209 4199 275 4278 V1;
295 4199 370 4262 alibi
394 4198 476 4286 apud
498 4198 726 4282 Hieronymum
747 4198 1052 4287 leges-propensus·
1064 4192 1309 4281 aqualicu-101

111 4285 184 4364 'lua
205 4297 240 4348 ut
251 4286 331 4348 libro
346 4285 482 4348 secundo
497 4284 643 4350 adversus
653 4286 984 4350 Joviuianaunnextet
1001 4279 1259 4360 antemuralem:

113 4369 370 4475 indeficientia
398 4368 531 4436 uentris
557 4371 638 4467 apud
660 4371 801 4437 Caelium
814 4370 1025 4449 hwelianum,
1053 4367 1101 4430 cui
1123 4386 1161 4429 ea
1189 4364 1313 4457 milli
