2700 4972
14 442 21 453 ,
100 381 167 447 ers
390 354 393 359 ’
450 326 876 444 ‘consensimus

99 552 200 614 solent
216 558 404 636 praestantes
418 545 533 611 medici
548 568 588 611 ex
601 545 703 611 cordis
709 557 799 610 motu
811 569 875 611 non
887 548 992 611 solum
1003 540 1142 634 eorporis
1155 570 1237 613 mor-

45 690 47 697 .
99 638 175 715 bos,
189 633 346 699 sedetiam
354 634 451 697 animi
463 635 703 723 perturbationes
716 645 747 696 et
758 654 832 718 quas
838 632 963 697 Philoni
976 635 1123 781 appellari
1136 647 1237 697 osten-

46 720 201 787 struimus
213 723 273 803 τῆς
282 722 391 804 ψυχῆς
401 714 586 801 παλμώδεις
601 714 725 794 νόσονς
731 765 741 797 ,
763 718 915 799 divinare3
937 740 998 805 qno
1041 740 1110 783 ase
1124 724 1237 783 factum

97 806 245 887 sagaciter
261 806 295 869 in
313 805 430 869 Boiitbi
450 827 546 877 uxore
565 806 650 869 testis
670 802 822 878 Galenus3
856 816 930 867 nota
953 804 1047 867 edam
1068 804 1236 869 Erasistrati

96 890 211 956 medici
222 892 330 957 similis
343 891 466 955 solertia
478 891 512 953 in
525 889 731 969 conjicienda,
753 893 837 969 cujus
852 890 955 953 morbi
969 912 1061 971 aeger
1071 902 1154 955 esset
1169 891 1234 953 An-

96 979 232 1057 tiochus,
254 977 376 1041 Seleuci
388 978 467 1057 regis
482 977 579 1039 filius:
602 980 806 1055 conjecturam
827 987 931 1039 autem
949 977 1023 1039 fe'cit
1044 978 1182 1039 maxime
1199 1000 1234 1039 ex

96 1074 184 1125 motu
203 1062 339 1127 salientis
360 1061 469 1125 cordis.
526 1062 664 1126 Julianus
683 1061 889 1146 Misopogone
911 1062 959 1147 [p.
980 1060 1045 1128 347
1067 1068 1116 1165 etp
1139 1062 1188 1125 ed.
1202 1062 1231 1125 Ρ.

96 1148 219 1231 MaraJ,
235 1150 274 1232 ¹in
287 1147 458 1211 narratione
473 1151 537 1227 ejus
553 1148 717 1210 historiae:
739 1148 844 1210 ταῦτα
862 1140 986 1228 όροὸνό
1005 1145 1122 1229 ίατρος
1136 1160 1231 1229 προσ-

96 1227 177 1318 dyst·
196 1234 245 1321 spi
266 1230 392 1317 στέρνῳ
418 1227 480 1316 τὴν
505 1236 615 1315 χεῖρα,
651 1229 710 1298 καί
728 1227 833 1316 ἐπήδα
854 1232 971 1308 δεινός
993 1232 1015 1315 ἡ
1037 1230 1161 1316 καρδία
1181 1231 1231 1298 καί

95 1316 157 1398 ἔξω
184 1318 270 1385 lato·
299 1318 438 1389 τοιαῦτα
468 1312 549 1382 ἄττα
573 1314 711 1402 ἔπασχεν
737 1314 823 1382 lustu
845 1340 863 1393 ς
886 1315 1077 1403 παρούσης·
1106 1315 1175 1384 ἐπεί
1198 1316 1231 1383 dl

95 1397 262 1487 ἀπῆλθον,
284 1400 435 1471 ἐνόντων
450 1406 517 1468 τῶν
540 1397 649 1493 ditor
663 1397 805 1485 ἀτρέμας
819 1340 884 1487 elza
901 1401 957 1470 καί
970 1393 1013 1488 ἦν
1031 1400 1152 1487 ὅμοιος
1164 1408 1228 1483 τοῖς

96 1486 198 1557 οὐδὲν
215 1485 388 1575 πάσχουσι.
431 1488 573 1553 Valerius
585 1488 740 1553 Maximus
752 1490 830 1553 libro
842 1490 884 1570 V,
901 1498 966 1577 cap.
980 1487 1051 1554 VII.
1073 1492 1107 1553 in
1125 1490 1227 1555 eadem

93 1577 282 1641 narratione:
303 1574 463 1647 latrante
482 1570 680 1637 Stratonice
703 1583 739 1637 at
753 1594 872 1637 rursus
887 1574 1035 1639 abeunte
1050 1572 1226 1640 brachium

95 1650 325 1726 adolescentis
344 1658 607 1724 dissimulanter
626 1656 919 1746 apprehendendo
940 1657 1044 1724 modo
1059 1658 1225 1749 uegetiore

93 1746 196 1811 modo
211 1744 434 1849 languidiore
452 1744 557 1832 pulsu
574 1766 742 1809 venarum
760 1747 930 1833 comperit
942 1746 1149 1827 Erasistratus,
1169 1768 1223 1811 cu·

84 1833 150 1922 jus
171 1830 282 1896 morbi
304 1853 411 1920 aeger
433 1839 539 1907 esset;
568 1832 662 1895 idem·
677 1844 707 1895 et
725 1831 904 1896 Plutarchus
924 1833 957 1894 in
974 1832 1138 1897 Demetrio
1155 1834 1222 1914 [88].

13 1934 15 1947 ·
90 1921 189 2006 Atque
203 1917 243 1982 ad
256 1921 336 1982 hanc
346 1919 571 1982 nobilissimam
582 1919 740 1982 historiam
751 1917 872 1984 videtur
887 1920 1019 1982 allusum
1037 1940 1056 1981 a
1068 1918 1174 1983 Persio
1186 1918 1221 2000 [l]

17 2068 19 2074 .
91 2006 306 2084 hisceverbis‚

3 2102 6 2109 '
178 2087 246 2154 Cor
268 2085 334 2155 tibi
354 2086 420 2154 rite
441 2085 554 2153 salit?

90 2199 130 2239 ex
144 2165 499 2258 cadem'cognoscimus‚
522 2197 575 2236 cur
591 2172 701 2237 dixerit
714 2173 823 2261 poe'ta:
849 2171 925 2238 visa
945 2182 998 2237 est
1010 2172 1044 2237 si
1046 2167 1150 2258 sorte
1161 2193 1221 2260 pe·

90 2260 210 2336 cunia,
249 2274 296 2326 et:
331 2258 470 2324 subrisit
491 2257 596 2323 molle
609 2256 757 2345 puella.-
785 2282 875 2340 nam,
897 2273 931 2322 ut
951 2273 1023 2325 ante
1042 2261 1221 2339 dicebamus,

87 2350 180 2429 longe
192 2348 289 2411 acrius
300 2359 458 2436 praesente
472 2368 564 2432 quam
578 2349 703 2409 absente
718 2349 839 2426 objecto
854 2346 979 2410 affectis
993 2359 1174 2412 moventur:
1191 2357 1220 2408 nt

67 2496 69 2500 Α
86 2434 157 2497 heic
169 2432 364 2499 verissimum
381 2433 421 2495 sit
435 2429 511 2497 illud
524 2430 741 2519 Euripideum:

177 2528 227 2596 013
241 2526 365 2597 ταύτόν
380 2524 468 2609 εἶδος
485 2532 641 2615 φαίνεται
656 2537 787 2615 τοῦναρ
831 2529 946 2617 μόνων
1036 2606 1041 2615 ,

172 2612 360 2701 Πόρρωθεν
377 2612 485 2685 όντων
500 2615 643 2702 ἐγγύθεν
653 2614 692 2685 δ’
706 2614 800 2703 ὁρωμ
818 2641 895 2685 νων.

84 2719 171 2784 Adeo
186 2734 289 2785 autem
304 2744 368 2785 non
385 2734 431 2784 est
448 2742 545 2786 renus
558 2722 655 2786 Persii
669 2719 798 2807 ἔλεγχος
809 2724 927 2789 virtutis
944 2724 1077 2791 nutritii
1094 2748 1113 2790 a
1131 2724 1221 2789 mica·

84 2808 169 2871 tione
185 2808 301 2886 cordis,
322 2820 356 2870 ut
373 2808 466 2871 etiam
479 2829 571 2871 verae
585 2819 637 2870 aut
651 2809 810 2873 simulatae
824 2811 945 2896 pietatis
961 2814 1166 2892 conjecturam
1178 2814 1221 2875 la-

78 2914 153 2969 cere
171 2916 230 2957 nos
256 2897 359 2974 jubeat
378 2888 444 2960 dari
463 2895 532 2957 τῶν
552 2890 780 2978 σκιρτημάτων
801 2898 860 2977 τῆς
876 2896 1018 2976 καρδίας
1034 2898 1135 2979 ςιοτίι
1153 2897 1221 2962 scri-

31 3005 84 3062 312
90 2991 161 3065 ptor
174 2978 364 3045 Athanasius
376 2980 409 3041 in
423 2976 664 3057 Quaestionibus
676 2979 717 3044 ad
729 2981 931 3062 Antiochum,
952 2983 980 3045 si
1000 2994 1107 3047 tamen
1130 3004 1221 3049 vene

82 3063 172 3127 randi
185 3068 251 3145 ejus
264 3066 356 3151 patris
370 3063 483 3149 aliquid
493 3065 524 3127 ei
540 3066 617 3128 libro
634 3066 729 3146 inest,
751 3088 845 3152 quem
866 3067 946 3131 inter
958 3063 1167 3145 νοθεύοντας
1176 3090 1221 3133 re-

81 3150 244 3213 ferendum
257 3172 325 3215 esse
338 3172 432 3213 nemo
447 3171 540 3213 sanus
555 3150 661 3231 judicii
674 3150 802 3215 dubitat.

169 3250 330 3317 Positum
342 3261 394 3315 est
410 3250 549 3339 algente
565 3252 707 3334 catina]
727 3252 774 3318 Ad
788 3254 967 3335 frugalitatis
1010 3255 1160 3321 ericulum
1177 3260 1221 3321 le-

24 3346 28 3352 ’
82 3336 225 3401 ciendum
238 3351 395 3424 provocat.
445 3340 591 3418 Veteres,
613 3351 647 3402 ut
668 3361 763 3426 saepe
777 3338 953 3411 dicebamus
966 3278 1008 3403 ad
1020 3343 1219 3421 Athenaeum,

80 3425 269 3487 ferventibus
284 3425 359 3487 cibis
373 3424 501 3487 mirifice
516 3425 760 3490 delectabantur:
781 3424 853 3489 ideo
873 3424 1052 3513 algentem
1069 3428 1221 3493 catinum

82 3506 159 3571 dixit
171 3530 210 3572 eo
225 3510 293 3595 ipso
307 3510 457 3574 vilitatem
475 3522 636 3597 apparebis
650 3510 822 3593 designans.
857 3512 1059 3593 [Latinomm
1078 3514 1118 3579 de
1139 3537 1176 3580 sa
1190 3534 1221 3578 re

80 3595 167 3661 locos
181 3597 279 3659 habes
292 3616 342 3682 ap.
354 3596 411 3676 Pl]

167 3702 239 3764 112.
261 3694 403 3762 Durum
417 3695 517 3779 olus]
538 3695 617 3761 Puta
628 3698 742 3781 νοτίαις
762 3711 796 3762 ut
808 3696 902 3761 inVI
916 3698 1004 3783 [tola

455 3780 546 3847 mini
558 3779 661 3869 festa
682 3781 758 3848 luce
783 3793 952 3871 coquatur

171 3865 313 3946 Unica,
492 3872 495 3877 '
619 3916 621 3921 .

6 4000 9 4005 ,
80 3965 111 4018 et
123 3954 182 4017 alia
196 3953 229 4018 id
240 3976 336 4037 genus
352 3957 451 4034 olera,
470 3952 643 4036 eujusmodi
656 3967 727 4019 sunt
746 3955 779 4018 in
803 3976 839 4019 ea
857 3976 972 4035 coena,
993 3977 1089 4041 quam
1108 3958 1217 4025 descri-

78 4040 124 4104 bit
135 4040 314 4104 Ammianus
325 4040 418 4127 polita
429 4041 488 4103 isto
502 4042 718 4105 venustissimo
740 4042 959 4127 epigrammate
981 4040 1021 4121 [i.
1037 4066 1066 4106 e.
1087 4046 1167 4127 XX,
1180 4044 1214 4109 Τ.

77 4123 118 4206 Π,
133 4148 164 4213 p.
181 4130 243 4193 888
258 4126 312 4190 Br.
324 4148 348 4189 s.
364 4126 403 4190 T.
415 4125 471 4205 ΠΙ,
486 4149 517 4212 p.
534 4131 576 4191 96
592 4126 655 4189 Jac.
673 4149 697 4193 s.
715 4125 778 4190 Pal.
797 4126 857 4207 Xl,
872 4126 966 4207 4131:

159 4223 219 4303 Ὡς
239 4230 349 4311 κῆνον
361 4224 512 4306 canensis
527 4226 868 4312 διῖανονκαρέδηιιιν
878 4222 1044 4315 Ἀπελλῆς,
1153 4276 1157 4285 .

210 4311 371 4397 Οίόμενος
384 4312 518 4401 βόσκειν
532 4310 606 4378 snt
620 4313 730 4397 φίλων
743 4314 913 4397 πρόβατα·

119 4450 123 4459 ,
155 4390 219 4465 Ἢν
240 4397 401 4485 ῥαφανίς,
424 4396 514 4481 σέρις
533 4389 587 4485 ἦν,
610 4403 719 4482 τῆλις,
739 4402 917 4486 θρίδακος,
937 4395 1066 4485 πρόσα,
1087 4398 1213 4489 βολβοί,

196 4480 357 4569 Ὤκιμον,
380 4484 573 4574 ἡδύοσμον,
595 4483 765 4571 τήγανον,
787 4482 999 4570 ύσαύραγος·
