<?xml version="1.0" encoding="UTF-8"?>
<!DOCTYPE html PUBLIC "-//W3C//DTD XHTML 1.0 Transitional//EN"
    "http://www.w3.org/TR/xhtml1/DTD/xhtml1-transitional.dtd">
<html xmlns="http://www.w3.org/1999/xhtml" xml:lang="en" lang="en">
 <head>
  <title>
</title>
<meta http-equiv="Content-Type" content="text/html;charset=utf-8" />
  <meta name='ocr-system' content='tesseract 3.04.00' />
  <meta name='ocr-capabilities' content='ocr_page ocr_carea ocr_par ocr_line ocrx_word'/>
</head>
<body>
  <div class='ocr_page' id='page_1' title='image "./satirarumliber00persgoog_0476.png"; bbox 0 0 2700 4972; ppageno 0'>
   <div class='ocr_carea' id='block_1_1' title="bbox 92 307 865 379">
    <p class='ocr_par' dir='ltr' id='par_1_1' title="bbox 92 307 865 379">
     <span class='ocr_line' id='line_1_1' title="bbox 92 307 865 379; baseline 0 0"><span class='ocrx_word' id='word_1_1' title='bbox 92 312 159 379; x_wconf 74' lang='lat' dir='ltr'>trs</span> <span class='ocrx_word' id='word_1_2' title='bbox 458 307 865 379; x_wconf 75' lang='lat' dir='ltr'>COMMENTARIUS</span> 
     </span>
    </p>
   </div>
   <div class='ocr_carea' id='block_1_2' title="bbox 24 475 1227 1141">
    <p class='ocr_par' dir='ltr' id='par_1_2' title="bbox 24 475 1227 824">
     <span class='ocr_line' id='line_1_2' title="bbox 177 475 1227 568; baseline -0.002 -24"><span class='ocrx_word' id='word_1_3' title='bbox 177 477 232 547; x_wconf 84' lang='grc'>46.</span> <span class='ocrx_word' id='word_1_4' title='bbox 251 475 336 545; x_wconf 75' lang='lat' dir='ltr'>iam</span> <span class='ocrx_word' id='word_1_5' title='bbox 350 476 448 545; x_wconf 78' lang='lat' dir='ltr'>luteo</span> <span class='ocrx_word' id='word_1_6' title='bbox 486 500 621 566; x_wconf 85' lang='lat' dir='ltr'>ousopa</span> <span class='ocrx_word' id='word_1_7' title='bbox 634 478 744 568; x_wconf 85' lang='lat' dir='ltr'>captis</span> <span class='ocrx_word' id='word_1_8' title='bbox 755 476 984 566; x_wconf 80' lang='lat' dir='ltr'>Essedoque.]</span> <span class='ocrx_word' id='word_1_9' title='bbox 1006 476 1050 543; x_wconf 90' lang='lat' dir='ltr'>Et</span> <span class='ocrx_word' id='word_1_10' title='bbox 1095 496 1227 568; x_wconf 73' lang='lat' dir='ltr'>suropo</span> 
     </span>
     <span class='ocr_line' id='line_1_3' title="bbox 24 500 487 644; baseline 0.004 -15"><span class='ocrx_word' id='word_1_11' title='bbox 24 570 176 644; x_wconf 57' lang='lat' dir='ltr'>(lffilteste</span> <span class='ocrx_word' id='word_1_12' title='bbox 184 565 327 631; x_wconf 88' lang='lat' dir='ltr'>Varrone</span> <span class='ocrx_word' id='word_1_13' title='bbox 339 578 442 631; x_wconf 84' lang='lat' dir='ltr'>vestes</span> <span class='ocrx_word' id='word_1_14' title='bbox 456 500 487 631; x_wconf 55' lang='lat' dir='ltr'>ii</span> 
     </span>
     <span class='ocr_line' id='line_1_4' title="bbox 95 650 1227 739; baseline 0.003 -25"><span class='ocrx_word' id='word_1_15' title='bbox 95 650 169 715; x_wconf 84' lang='lat' dir='ltr'>dem</span> <span class='ocrx_word' id='word_1_16' title='bbox 186 662 271 715; x_wconf 89' lang='lat' dir='ltr'>erant</span> <span class='ocrx_word' id='word_1_17' title='bbox 291 652 433 717; x_wconf 81' lang='lat' dir='ltr'>vehicula</span> <span class='ocrx_word' id='word_1_18' title='bbox 451 652 492 730; x_wconf 86' lang='lat' dir='ltr'>[v.</span> <span class='ocrx_word' id='word_1_19' title='bbox 511 653 585 733; x_wconf 87' lang='lat' dir='ltr'>Pl.]:</span> <span class='ocrx_word' id='word_1_20' title='bbox 613 664 684 739; x_wconf 89' lang='lat' dir='ltr'>apta</span> <span class='ocrx_word' id='word_1_21' title='bbox 707 653 797 733; x_wconf 86' lang='lat' dir='ltr'>igitur</span> <span class='ocrx_word' id='word_1_22' title='bbox 818 662 904 715; x_wconf 89' lang='lat' dir='ltr'>erant</span> <span class='ocrx_word' id='word_1_23' title='bbox 922 650 1071 716; x_wconf 86' lang='lat' dir='ltr'>ornandis</span> <span class='ocrx_word' id='word_1_24' title='bbox 1093 653 1151 732; x_wconf 83' lang='lat' dir='ltr'>iis,</span> <span class='ocrx_word' id='word_1_25' title='bbox 1179 654 1227 739; x_wconf 89' lang='lat' dir='ltr'>qui</span> 
     </span>
     <span class='ocr_line' id='line_1_5' title="bbox 92 734 1227 824; baseline 0.002 -23"><span class='ocrx_word' id='word_1_26' title='bbox 92 739 172 801; x_wconf 80' lang='lat' dir='ltr'>falso</span> <span class='ocrx_word' id='word_1_27' title='bbox 185 736 376 801; x_wconf 80' lang='lat' dir='ltr'>crederentur</span> <span class='ocrx_word' id='word_1_28' title='bbox 388 735 534 801; x_wconf 78' lang='lat' dir='ltr'>Germani</span> <span class='ocrx_word' id='word_1_29' title='bbox 548 739 677 824; x_wconf 79' lang='lat' dir='ltr'>captivi:</span> <span class='ocrx_word' id='word_1_30' title='bbox 699 760 773 801; x_wconf 86' lang='lat' dir='ltr'>nam</span> <span class='ocrx_word' id='word_1_31' title='bbox 786 738 872 802; x_wconf 82' lang='lat' dir='ltr'>atilli</span> <span class='ocrx_word' id='word_1_32' title='bbox 891 737 954 823; x_wconf 88' lang='lat' dir='ltr'>ipsi</span> <span class='ocrx_word' id='word_1_33' title='bbox 971 759 1012 801; x_wconf 88' lang='lat' dir='ltr'>ex</span> <span class='ocrx_word' id='word_1_34' title='bbox 1024 734 1130 801; x_wconf 86' lang='lat' dir='ltr'>Gallia</span> <span class='ocrx_word' id='word_1_35' title='bbox 1148 750 1227 803; x_wconf 87' lang='lat' dir='ltr'>erant</span> 
     </span>
    </p>

    <p class='ocr_par' dir='ltr' id='par_1_3' title="bbox 54 821 1227 1141">
     <span class='ocr_line' id='line_1_6' title="bbox 54 821 1227 905; baseline -0.003 -13"><span class='ocrx_word' id='word_1_36' title='bbox 54 864 61 892; x_wconf 75' lang='grc' dir='ltr'>ι</span> <span class='ocrx_word' id='word_1_37' title='bbox 95 823 225 903; x_wconf 87' lang='lat' dir='ltr'>coemti,</span> <span class='ocrx_word' id='word_1_38' title='bbox 244 833 279 887; x_wconf 88' lang='lat' dir='ltr'>ut</span> <span class='ocrx_word' id='word_1_39' title='bbox 288 824 330 887; x_wconf 88' lang='lat' dir='ltr'>ait</span> <span class='ocrx_word' id='word_1_40' title='bbox 342 823 507 887; x_wconf 81' lang='lat' dir='ltr'><strong>Suetonius</strong></span> <span class='ocrx_word' id='word_1_41' title='bbox 522 821 606 903; x_wconf 78' lang='lat'>[47],</span> <span class='ocrx_word' id='word_1_42' title='bbox 626 825 772 905; x_wconf 42' lang='lat' dir='ltr'>non2veri</span> <span class='ocrx_word' id='word_1_43' title='bbox 794 821 958 887; x_wconf 77' lang='lat' dir='ltr'><strong>Germani:</strong></span> <span class='ocrx_word' id='word_1_44' title='bbox 978 821 1061 889; x_wconf 72' lang='lat' dir='ltr'>adeo</span> <span class='ocrx_word' id='word_1_45' title='bbox 1076 824 1141 887; x_wconf 87' lang='lat' dir='ltr'>illis</span> <span class='ocrx_word' id='word_1_46' title='bbox 1153 836 1227 888; x_wconf 74' lang='lat' dir='ltr'>tem</span> 
     </span>
     <span class='ocr_line' id='line_1_7' title="bbox 93 905 1226 995; baseline 0.004 -24"><span class='ocrx_word' id='word_1_47' title='bbox 93 909 220 995; x_wconf 86' lang='lat' dir='ltr'>poribus</span> <span class='ocrx_word' id='word_1_48' title='bbox 234 908 351 973; x_wconf 90' lang='lat' dir='ltr'>similes</span> <span class='ocrx_word' id='word_1_49' title='bbox 364 919 449 995; x_wconf 83' lang='lat' dir='ltr'>eraut</span> <span class='ocrx_word' id='word_1_50' title='bbox 462 905 543 973; x_wconf 89' lang='lat' dir='ltr'>Galli</span> <span class='ocrx_word' id='word_1_51' title='bbox 555 920 586 972; x_wconf 93' lang='lat' dir='ltr'>et</span> <span class='ocrx_word' id='word_1_52' title='bbox 598 905 760 991; x_wconf 76' lang='lat' dir='ltr'>Germani,</span> <span class='ocrx_word' id='word_1_53' title='bbox 781 919 813 972; x_wconf 91' lang='lat' dir='ltr'>et</span> <span class='ocrx_word' id='word_1_54' title='bbox 823 908 926 994; x_wconf 83' lang='lat' dir='ltr'>specie</span> <span class='ocrx_word' id='word_1_55' title='bbox 939 908 1079 994; x_wconf 85' lang='lat' dir='ltr'>corporis</span> <span class='ocrx_word' id='word_1_56' title='bbox 1089 920 1123 972; x_wconf 90' lang='lat' dir='ltr'>et</span> <span class='ocrx_word' id='word_1_57' title='bbox 1137 912 1226 975; x_wconf 81' lang='lat' dir='ltr'>culbr:</span> 
     </span>
     <span class='ocr_line' id='line_1_8' title="bbox 94 992 1227 1141; baseline 0.002 -84"><span class='ocrx_word' id='word_1_58' title='bbox 94 992 178 1141; x_wconf 66' lang='lat' dir='ltr'>pund</span> <span class='ocrx_word' id='word_1_59' title='bbox 187 994 266 1057; x_wconf 86' lang='lat' dir='ltr'>haec</span> <span class='ocrx_word' id='word_1_60' title='bbox 279 994 405 1063; x_wconf 87' lang='lat' dir='ltr'>historia</span> <span class='ocrx_word' id='word_1_61' title='bbox 418 995 530 1061; x_wconf 79' lang='lat' dir='ltr'><strong>evincit</strong></span> <span class='ocrx_word' id='word_1_62' title='bbox 542 1006 660 1080; x_wconf 88' lang='lat' dir='ltr'>praeter</span> <span class='ocrx_word' id='word_1_63' title='bbox 671 1006 718 1057; x_wconf 90' lang='lat' dir='ltr'>tot</span> <span class='ocrx_word' id='word_1_64' title='bbox 729 995 790 1057; x_wconf 85' lang='lat' dir='ltr'>alia</span> <span class='ocrx_word' id='word_1_65' title='bbox 802 1005 941 1059; x_wconf 80' lang='lat' dir='ltr'>veterrun</span> <span class='ocrx_word' id='word_1_66' title='bbox 952 994 1144 1058; x_wconf 85' lang='lat' dir='ltr'>testimonia.</span> <span class='ocrx_word' id='word_1_67' title='bbox 1160 994 1227 1073; x_wconf 77' lang='lat' dir='ltr'>[ssd</span> 
     </span>
    </p>
   </div>
   <div class='ocr_carea' id='block_1_3' title="bbox 486 566 1227 648">
    <p class='ocr_par' dir='ltr' id='par_1_4' title="bbox 486 566 1227 648">
     <span class='ocr_line' id='line_1_9' title="bbox 486 566 1227 648; baseline 0.001 -18"><span class='ocrx_word' id='word_1_68' title='bbox 486 569 615 641; x_wconf 82' lang='lat' dir='ltr'>allorum</span> <span class='ocrx_word' id='word_1_69' title='bbox 631 566 675 648; x_wconf 87' lang='lat' dir='ltr'>[v.</span> <span class='ocrx_word' id='word_1_70' title='bbox 687 566 920 647; x_wconf 54' lang='lat' dir='ltr'>Forcebbexst</span> <span class='ocrx_word' id='word_1_71' title='bbox 937 578 970 631; x_wconf 84' lang='lat' dir='ltr'>st</span> <span class='ocrx_word' id='word_1_72' title='bbox 982 585 1057 629; x_wconf 78' lang='lat' dir='ltr'>om</span> <span class='ocrx_word' id='word_1_73' title='bbox 1119 588 1227 631; x_wconf 83' lang='lat' dir='ltr'>soron-</span> 
     </span>
    </p>
   </div>
   <div class='ocr_carea' id='block_1_4' title="bbox 23 1076 1240 4507">
    <p class='ocr_par' dir='ltr' id='par_1_5' title="bbox 92 1076 1228 1424">
     <span class='ocr_line' id='line_1_10' title="bbox 117 1076 1228 1169; baseline 0.002 -26"><span class='ocrx_word' id='word_1_74' title='bbox 117 1101 135 1143; x_wconf 90' lang='lat' dir='ltr'>e</span> <span class='ocrx_word' id='word_1_75' title='bbox 153 1076 259 1142; x_wconf 81' lang='lat' dir='ltr'>luteis</span> <span class='ocrx_word' id='word_1_76' title='bbox 278 1077 430 1169; x_wconf 55' lang='lat' dir='ltr'>postibus</span> <span class='ocrx_word' id='word_1_77' title='bbox 443 1076 668 1144; x_wconf 87' lang='lat' dir='ltr'>Germanorum</span> <span class='ocrx_word' id='word_1_78' title='bbox 686 1078 770 1166; x_wconf 84' lang='lat' dir='ltr'>apud</span> <span class='ocrx_word' id='word_1_79' title='bbox 790 1079 951 1166; x_wconf 74' lang='lat' dir='ltr'>scriptores</span> <span class='ocrx_word' id='word_1_80' title='bbox 972 1080 1054 1145; x_wconf 86' lang='lat' dir='ltr'>nihil</span> <span class='ocrx_word' id='word_1_81' title='bbox 1071 1081 1228 1167; x_wconf 81' lang='lat' dir='ltr'>quicquam</span> 
     </span>
     <span class='ocr_line' id='line_1_11' title="bbox 92 1162 1227 1253; baseline 0 -24"><span class='ocrx_word' id='word_1_82' title='bbox 92 1164 217 1246; x_wconf 74' lang='lat' dir='ltr'>legitur</span> <span class='ocrx_word' id='word_1_83' title='bbox 247 1186 309 1252; x_wconf 89' lang='lat' dir='ltr'>qua</span> <span class='ocrx_word' id='word_1_84' title='bbox 331 1186 366 1231; x_wconf 86' lang='lat' dir='ltr'>ro</span> <span class='ocrx_word' id='word_1_85' title='bbox 382 1186 548 1253; x_wconf 80' lang='lat' dir='ltr'>gausapa</span> <span class='ocrx_word' id='word_1_86' title='bbox 569 1164 801 1246; x_wconf 83' lang='lat' dir='ltr'>intelligendum</span> <span class='ocrx_word' id='word_1_87' title='bbox 820 1175 855 1229; x_wconf 89' lang='lat' dir='ltr'>ut</span> <span class='ocrx_word' id='word_1_88' title='bbox 872 1162 936 1241; x_wconf 82' lang='lat' dir='ltr'>IV,</span> <span class='ocrx_word' id='word_1_89' title='bbox 959 1168 1021 1245; x_wconf 79' lang='lat' dir='ltr'>at,</span> <span class='ocrx_word' id='word_1_90' title='bbox 1046 1163 1090 1229; x_wconf 83' lang='lat' dir='ltr'>‹la</span> <span class='ocrx_word' id='word_1_91' title='bbox 1111 1168 1227 1252; x_wconf 82' lang='lat' dir='ltr'>capilla-</span> 
     </span>
     <span class='ocr_line' id='line_1_12' title="bbox 93 1247 1227 1337; baseline 0.002 -24"><span class='ocrx_word' id='word_1_92' title='bbox 93 1262 217 1331; x_wconf 87' lang='lat' dir='ltr'>mento,</span> <span class='ocrx_word' id='word_1_93' title='bbox 239 1249 322 1337; x_wconf 88' lang='lat' dir='ltr'>quod</span> <span class='ocrx_word' id='word_1_94' title='bbox 334 1255 417 1317; x_wconf 90' lang='lat' dir='ltr'>luteo</span> <span class='ocrx_word' id='word_1_95' title='bbox 434 1254 486 1317; x_wconf 86' lang='lat' dir='ltr'>rel</span> <span class='ocrx_word' id='word_1_96' title='bbox 497 1251 589 1315; x_wconf 82' lang='lat' dir='ltr'>rutilo</span> <span class='ocrx_word' id='word_1_97' title='bbox 603 1254 706 1317; x_wconf 84' lang='lat' dir='ltr'>colors</span> <span class='ocrx_word' id='word_1_98' title='bbox 720 1247 892 1315; x_wconf 85' lang='lat' dir='ltr'>Germanos</span> <span class='ocrx_word' id='word_1_99' title='bbox 904 1249 1101 1335; x_wconf 79' lang='lat' dir='ltr'>imitabatur3</span> <span class='ocrx_word' id='word_1_100' title='bbox 1121 1254 1227 1317; x_wconf 70' lang='lat' dir='ltr'>ulooc.</span> 
     </span>
     <span class='ocr_line' id='line_1_13' title="bbox 93 1334 350 1424; baseline 0.016 -26"><span class='ocrx_word' id='word_1_101' title='bbox 93 1356 144 1423; x_wconf 87' lang='lat' dir='ltr'>ap.</span> <span class='ocrx_word' id='word_1_102' title='bbox 155 1334 202 1399; x_wconf 86' lang='lat' dir='ltr'>Pl.</span> <span class='ocrx_word' id='word_1_103' title='bbox 214 1358 246 1424; x_wconf 90' lang='lat' dir='ltr'>p.</span> <span class='ocrx_word' id='word_1_104' title='bbox 262 1335 350 1419; x_wconf 61' lang='lat'>622]</span> 
     </span>
    </p>

    <p class='ocr_par' dir='ltr' id='par_1_6' title="bbox 62 1415 1230 2277">
     <span class='ocr_line' id='line_1_14' title="bbox 178 1415 1228 1509; baseline 0.003 -24"><span class='ocrx_word' id='word_1_105' title='bbox 178 1421 232 1487; x_wconf 82' lang='lat'>47.</span> <span class='ocrx_word' id='word_1_106' title='bbox 255 1420 486 1509; x_wconf 73' lang='lat' dir='ltr'>lugentesque</span> <span class='ocrx_word' id='word_1_107' title='bbox 497 1418 593 1485; x_wconf 84' lang='lat' dir='ltr'>locat</span> <span class='ocrx_word' id='word_1_108' title='bbox 606 1415 776 1491; x_wconf 79' lang='lat' dir='ltr'>Caesonio</span> <span class='ocrx_word' id='word_1_109' title='bbox 790 1418 959 1503; x_wconf 65' lang='lat' dir='ltr'>Rhesos]</span> <span class='ocrx_word' id='word_1_110' title='bbox 980 1419 1228 1502; x_wconf 69' lang='lat' dir='ltr'>Caesomauxor</span> 
     </span>
     <span class='ocr_line' id='line_1_15' title="bbox 95 1504 1226 1595; baseline 0.003 -24"><span class='ocrx_word' id='word_1_111' title='bbox 95 1504 175 1585; x_wconf 66' lang='lat' dir='ltr'>Cap,</span> <span class='ocrx_word' id='word_1_112' title='bbox 196 1506 316 1571; x_wconf 90' lang='lat' dir='ltr'>locabat</span> <span class='ocrx_word' id='word_1_113' title='bbox 334 1507 389 1589; x_wconf 90' lang='lat' dir='ltr'>[sc.</span> <span class='ocrx_word' id='word_1_114' title='bbox 401 1506 630 1594; x_wconf 84' lang='lat' dir='ltr'>redemptorum</span> <span class='ocrx_word' id='word_1_115' title='bbox 641 1508 749 1593; x_wconf 83' lang='lat' dir='ltr'>cuique</span> <span class='ocrx_word' id='word_1_116' title='bbox 758 1506 924 1573; x_wconf 89' lang='lat' dir='ltr'>minimum</span> <span class='ocrx_word' id='word_1_117' title='bbox 935 1509 1096 1594; x_wconf 86' lang='lat' dir='ltr'>poscenti,</span> <span class='ocrx_word' id='word_1_118' title='bbox 1119 1508 1160 1573; x_wconf 85' lang='lat' dir='ltr'>ds</span> <span class='ocrx_word' id='word_1_119' title='bbox 1172 1531 1226 1595; x_wconf 80' lang='lat' dir='ltr'>quo</span> 
     </span>
     <span class='ocr_line' id='line_1_16' title="bbox 94 1588 1228 1741; baseline 0.002 -86"><span class='ocrx_word' id='word_1_120' title='bbox 94 1594 190 1655; x_wconf 86' lang='lat' dir='ltr'>multa</span> <span class='ocrx_word' id='word_1_121' title='bbox 205 1589 251 1656; x_wconf 85' lang='lat' dir='ltr'>Pl.</span> <span class='ocrx_word' id='word_1_122' title='bbox 265 1615 295 1680; x_wconf 82' lang='lat' dir='ltr'>p.</span> <span class='ocrx_word' id='word_1_123' title='bbox 310 1592 373 1659; x_wconf 79' lang='lat'>530</span> <span class='ocrx_word' id='word_1_124' title='bbox 388 1596 485 1679; x_wconf 76' lang='lat' dir='ltr'>sqq-1,</span> <span class='ocrx_word' id='word_1_125' title='bbox 513 1593 658 1657; x_wconf 90' lang='lat' dir='ltr'>nimirum</span> <span class='ocrx_word' id='word_1_126' title='bbox 664 1615 730 1741; x_wconf 69' lang='lat' dir='ltr'>per</span> <span class='ocrx_word' id='word_1_127' title='bbox 749 1604 970 1680; x_wconf 88' lang='lat' dir='ltr'>procuratores.</span> <span class='ocrx_word' id='word_1_128' title='bbox 1012 1588 1163 1659; x_wconf 73' lang='lat' dir='ltr'>Rhenus</span> <span class='ocrx_word' id='word_1_129' title='bbox 1177 1616 1228 1682; x_wconf 87' lang='lat' dir='ltr'>pro</span> 
     </span>
     <span class='ocr_line' id='line_1_17' title="bbox 93 1675 1230 1767; baseline 0.002 -24"><span class='ocrx_word' id='word_1_130' title='bbox 93 1675 252 1763; x_wconf 81' lang='lat' dir='ltr'>Rhenanis</span> <span class='ocrx_word' id='word_1_131' title='bbox 271 1678 464 1759; x_wconf 86' lang='lat' dir='ltr'>hominibus,</span> <span class='ocrx_word' id='word_1_132' title='bbox 494 1690 643 1764; x_wconf 87' lang='lat' dir='ltr'>utsupra</span> <span class='ocrx_word' id='word_1_133' title='bbox 700 1675 779 1766; x_wconf 82' lang='lat' dir='ltr'>igur</span> <span class='ocrx_word' id='word_1_134' title='bbox 800 1700 855 1765; x_wconf 90' lang='lat' dir='ltr'>pro</span> <span class='ocrx_word' id='word_1_135' title='bbox 882 1678 1073 1760; x_wconf 72' lang='lat' dir='ltr'>Ligustinus,</span> <span class='ocrx_word' id='word_1_136' title='bbox 1106 1678 1230 1767; x_wconf 72' lang='lat' dir='ltr'>Ilipopc</span> 
     </span>
     <span class='ocr_line' id='line_1_18' title="bbox 94 1756 1229 1851; baseline 0.005 -24"><span class='ocrx_word' id='word_1_137' title='bbox 94 1756 253 1843; x_wconf 71' lang='lat' dir='ltr'>arpotis,</span> <span class='ocrx_word' id='word_1_138' title='bbox 275 1775 307 1827; x_wconf 90' lang='lat' dir='ltr'>et</span> <span class='ocrx_word' id='word_1_139' title='bbox 325 1764 453 1843; x_wconf 87' lang='lat' dir='ltr'>similia,</span> <span class='ocrx_word' id='word_1_140' title='bbox 474 1765 528 1827; x_wconf 90' lang='lat' dir='ltr'>ubi</span> <span class='ocrx_word' id='word_1_141' title='bbox 544 1786 600 1851; x_wconf 86' lang='lat' dir='ltr'>pro</span> <span class='ocrx_word' id='word_1_142' title='bbox 620 1762 789 1828; x_wconf 83' lang='lat' dir='ltr'>derivativo</span> <span class='ocrx_word' id='word_1_143' title='bbox 809 1763 946 1850; x_wconf 88' lang='lat' dir='ltr'>positum</span> <span class='ocrx_word' id='word_1_144' title='bbox 965 1775 1012 1829; x_wconf 87' lang='lat' dir='ltr'>est</span> <span class='ocrx_word' id='word_1_145' title='bbox 1034 1766 1229 1851; x_wconf 79' lang='lat' dir='ltr'>primitivum.</span> 
     </span>
     <span class='ocr_line' id='line_1_19' title="bbox 93 1846 1228 1960; baseline 0.001 -48"><span class='ocrx_word' id='word_1_146' title='bbox 93 1846 162 1915; x_wconf 85' lang='lat' dir='ltr'>Nisi</span> <span class='ocrx_word' id='word_1_147' title='bbox 175 1858 278 1913; x_wconf 89' lang='lat' dir='ltr'>tamen</span> <span class='ocrx_word' id='word_1_148' title='bbox 294 1850 398 1915; x_wconf 83' lang='lat' dir='ltr'>verius</span> <span class='ocrx_word' id='word_1_149' title='bbox 415 1848 554 1915; x_wconf 86' lang='lat' dir='ltr'>Persium</span> <span class='ocrx_word' id='word_1_150' title='bbox 577 1846 711 1917; x_wconf 86' lang='lat' dir='ltr'>Graecos</span> <span class='ocrx_word' id='word_1_151' title='bbox 731 1849 852 1917; x_wconf 84' lang='lat' dir='ltr'>imitari.</span> <span class='ocrx_word' id='word_1_152' title='bbox 895 1848 1091 1960; x_wconf 78' lang='lat' dir='ltr'>Stephanus:</span> <span class='ocrx_word' id='word_1_153' title='bbox 1109 1846 1228 1937; x_wconf 67' lang='lat' dir='ltr'>‘Priscu</span> 
     </span>
     <span class='ocr_line' id='line_1_20' title="bbox 95 1928 1228 2021; baseline 0.005 -22"><span class='ocrx_word' id='word_1_154' title='bbox 95 1928 197 2009; x_wconf 64' lang='lat' dir='ltr'>iosos</span> <span class='ocrx_word' id='word_1_155' title='bbox 209 1937 398 2013; x_wconf 76' lang='lat' dir='ltr'>uuootsoriv</span> <span class='ocrx_word' id='word_1_156' title='bbox 417 1936 464 2020; x_wconf 72' lang='grc' dir='ltr'>τῷ</span> <span class='ocrx_word' id='word_1_157' title='bbox 477 1928 582 2018; x_wconf 65' lang='lat' dir='ltr'>‘Priscu</span> <span class='ocrx_word' id='word_1_158' title='bbox 603 1937 651 2021; x_wconf 75' lang='grc' dir='ltr'>τῷ</span> <span class='ocrx_word' id='word_1_159' title='bbox 670 1936 807 2017; x_wconf 70' lang='grc' dir='ltr'><strong><em>ποταμῷ</em></strong></span> <span class='ocrx_word' id='word_1_160' title='bbox 828 1930 885 2001; x_wconf 73' lang='grc' dir='ltr'>καὶ</span> <span class='ocrx_word' id='word_1_161' title='bbox 904 1928 951 2001; x_wconf 75' lang='grc' dir='ltr'>ἀπ</span> <span class='ocrx_word' id='word_1_162' title='bbox 986 1931 1099 2003; x_wconf 72' lang='grc' dir='ltr'><strong><em>αὐτοῦ</em></strong></span> <span class='ocrx_word' id='word_1_163' title='bbox 1119 1930 1228 2005; x_wconf 70' lang='lat' dir='ltr'>ociori</span> 
     </span>
     <span class='ocr_line' id='line_1_21' title="bbox 94 1997 1228 2111; baseline 0.007 -29"><span class='ocrx_word' id='word_1_164' title='bbox 94 2039 200 2103; x_wconf 78' lang='lat' dir='ltr'>pavor.</span> <span class='ocrx_word' id='word_1_165' title='bbox 223 2019 303 2097; x_wconf 89' lang='lat' dir='ltr'>[Hoc</span> <span class='ocrx_word' id='word_1_166' title='bbox 317 2043 381 2085; x_wconf 91' lang='lat' dir='ltr'>non</span> <span class='ocrx_word' id='word_1_167' title='bbox 397 1997 685 2107; x_wconf 61' lang='lat' dir='ltr'>reprehendendum</span> <span class='ocrx_word' id='word_1_168' title='bbox 701 2031 764 2083; x_wconf 91' lang='lat' dir='ltr'>erat</span> <span class='ocrx_word' id='word_1_169' title='bbox 776 2019 950 2083; x_wconf 81' lang='lat' dir='ltr'>Fasciolato</span> <span class='ocrx_word' id='word_1_170' title='bbox 965 2030 996 2083; x_wconf 91' lang='lat' dir='ltr'>et</span> <span class='ocrx_word' id='word_1_171' title='bbox 1005 2020 1055 2085; x_wconf 87' lang='lat' dir='ltr'>Pl.</span> <span class='ocrx_word' id='word_1_172' title='bbox 1066 2044 1099 2109; x_wconf 82' lang='lat' dir='ltr'>p.</span> <span class='ocrx_word' id='word_1_173' title='bbox 1114 2024 1228 2111; x_wconf 65' lang='lat' dir='ltr'>{528qu</span> 
     </span>
     <span class='ocr_line' id='line_1_22' title="bbox 94 2104 1227 2255; baseline 0.002 -86"><span class='ocrx_word' id='word_1_174' title='bbox 94 2104 147 2191; x_wconf 87' lang='lat' dir='ltr'>qui</span> <span class='ocrx_word' id='word_1_175' title='bbox 153 2104 341 2255; x_wconf 46' lang='grc' dir='ltr'>11ωῶῗῖιὲἰο</span> <span class='ocrx_word' id='word_1_176' title='bbox 354 2107 523 2171; x_wconf 77' lang='lat' dir='ltr'>simulacris</span> <span class='ocrx_word' id='word_1_177' title='bbox 532 2104 725 2169; x_wconf 72' lang='lat' dir='ltr'>domitorum</span> <span class='ocrx_word' id='word_1_178' title='bbox 738 2105 902 2169; x_wconf 85' lang='lat' dir='ltr'>fluminum</span> <span class='ocrx_word' id='word_1_179' title='bbox 915 2105 947 2167; x_wconf 91' lang='lat' dir='ltr'>in</span> <span class='ocrx_word' id='word_1_180' title='bbox 960 2106 1227 2195; x_wconf 81' lang='lat' dir='ltr'>triumphaliporu-</span> 
     </span>
     <span class='ocr_line' id='line_1_23' title="bbox 62 2187 1226 2277; baseline 0.008 -25"><span class='ocrx_word' id='word_1_181' title='bbox 62 2246 70 2261; x_wconf 84' lang='lat'>,</span> <span class='ocrx_word' id='word_1_182' title='bbox 94 2210 139 2277; x_wconf 72' lang='lat' dir='ltr'>pa</span> <span class='ocrx_word' id='word_1_183' title='bbox 149 2188 229 2253; x_wconf 83' lang='lat' dir='ltr'>latis.</span> <span class='ocrx_word' id='word_1_184' title='bbox 315 2212 432 2255; x_wconf 89' lang='lat' dir='ltr'>enanos</span> <span class='ocrx_word' id='word_1_185' title='bbox 445 2203 547 2255; x_wconf 87' lang='lat' dir='ltr'>autem</span> <span class='ocrx_word' id='word_1_186' title='bbox 560 2203 659 2270; x_wconf 79' lang='lat' dir='ltr'>vocat,</span> <span class='ocrx_word' id='word_1_187' title='bbox 681 2212 760 2277; x_wconf 90' lang='lat' dir='ltr'>quos</span> <span class='ocrx_word' id='word_1_188' title='bbox 768 2189 933 2255; x_wconf 86' lang='lat' dir='ltr'>Suetonius</span> <span class='ocrx_word' id='word_1_189' title='bbox 947 2187 1056 2256; x_wconf 89' lang='lat' dir='ltr'>Gallos</span> <span class='ocrx_word' id='word_1_190' title='bbox 1068 2194 1166 2259; x_wconf 74' lang='lat' dir='ltr'>fusse</span> <span class='ocrx_word' id='word_1_191' title='bbox 1177 2195 1226 2261; x_wconf 81' lang='lat' dir='ltr'>titt</span> 
     </span>
    </p>

    <p class='ocr_par' dir='ltr' id='par_1_7' title="bbox 96 2270 1227 2366">
     <span class='ocr_line' id='line_1_24' title="bbox 96 2270 1227 2366; baseline 0.005 -27"><span class='ocrx_word' id='word_1_192' title='bbox 96 2270 285 2341; x_wconf 80' lang='lat' dir='ltr'>Conversus</span> <span class='ocrx_word' id='word_1_193' title='bbox 299 2272 352 2341; x_wconf 82' lang='lat' dir='ltr'>od</span> <span class='ocrx_word' id='word_1_194' title='bbox 363 2296 488 2341; x_wconf 82' lang='lat' dir='ltr'>curum</span> <span class='ocrx_word' id='word_1_195' title='bbox 501 2272 672 2363; x_wconf 77' lang='lat' dir='ltr'>triumphi</span> <span class='ocrx_word' id='word_1_196' title='bbox 684 2280 828 2361; x_wconf 80' lang='lat' dir='ltr'>practer</span> <span class='ocrx_word' id='word_1_197' title='bbox 848 2275 1006 2362; x_wconf 84' lang='lat' dir='ltr'>captivos</span> <span class='ocrx_word' id='word_1_198' title='bbox 1021 2286 1058 2342; x_wconf 82' lang='lat' dir='ltr'>ct</span> <span class='ocrx_word' id='word_1_199' title='bbox 1078 2274 1227 2366; x_wconf 77' lang='lat' dir='ltr'>transfu-</span> 
     </span>
    </p>

    <p class='ocr_par' dir='ltr' id='par_1_8' title="bbox 92 2354 1226 2462">
     <span class='ocr_line' id='line_1_25' title="bbox 92 2354 1226 2462; baseline 0.006 -39"><span class='ocrx_word' id='word_1_200' title='bbox 92 2380 162 2449; x_wconf 79' lang='lat' dir='ltr'>gas</span> <span class='ocrx_word' id='word_1_201' title='bbox 175 2354 342 2426; x_wconf 82' lang='lat' dir='ltr'>barbaros</span> <span class='ocrx_word' id='word_1_202' title='bbox 359 2359 567 2427; x_wconf 81' lang='lat' dir='ltr'>Galliarum</span> <span class='ocrx_word' id='word_1_203' title='bbox 581 2382 712 2448; x_wconf 84' lang='lat' dir='ltr'>quoque</span> <span class='ocrx_word' id='word_1_204' title='bbox 722 2358 1009 2448; x_wconf 79' lang='lat' dir='ltr'>procerissimum</span> <span class='ocrx_word' id='word_1_205' title='bbox 1024 2374 1226 2462; x_wconf 76' lang='lat' dir='ltr'>quenquect,</span> 
     </span>
    </p>

    <p class='ocr_par' dir='ltr' id='par_1_9' title="bbox 96 2442 1227 2621">
     <span class='ocr_line' id='line_1_26' title="bbox 96 2442 1227 2539; baseline 0.007 -30"><span class='ocrx_word' id='word_1_206' title='bbox 96 2454 136 2509; x_wconf 88' lang='lat' dir='ltr'>ut</span> <span class='ocrx_word' id='word_1_207' title='bbox 154 2444 227 2530; x_wconf 82' lang='lat' dir='ltr'>ipss</span> <span class='ocrx_word' id='word_1_208' title='bbox 246 2443 399 2526; x_wconf 82' lang='lat' dir='ltr'>dicebat,</span> <span class='ocrx_word' id='word_1_209' title='bbox 422 2442 725 2532; x_wconf 77' lang='grc' dir='ltr'>ἄξιοθριάμβευτον</span> <span class='ocrx_word' id='word_1_210' title='bbox 743 2469 785 2511; x_wconf 87' lang='lat' dir='ltr'>ac</span> <span class='ocrx_word' id='word_1_211' title='bbox 807 2446 992 2513; x_wconf 81' lang='lat' dir='ltr'>nonnullos</span> <span class='ocrx_word' id='word_1_212' title='bbox 1007 2470 1052 2515; x_wconf 76' lang='lat' dir='ltr'>ex</span> <span class='ocrx_word' id='word_1_213' title='bbox 1066 2448 1227 2539; x_wconf 73' lang='lat' dir='ltr'>principi·</span> 
     </span>
     <span class='ocr_line' id='line_1_27' title="bbox 98 2526 1000 2621; baseline -0.002 -24"><span class='ocrx_word' id='word_1_214' title='bbox 98 2529 160 2597; x_wconf 82' lang='lat' dir='ltr'>bus</span> <span class='ocrx_word' id='word_1_215' title='bbox 174 2526 208 2593; x_wconf 79' lang='lat' dir='ltr'>ie</span> <span class='ocrx_word' id='word_1_216' title='bbox 234 2528 263 2595; x_wconf 83' lang='lat' dir='ltr'>it</span> <span class='ocrx_word' id='word_1_217' title='bbox 279 2552 322 2595; x_wconf 82' lang='lat' dir='ltr'>oo</span> <span class='ocrx_word' id='word_1_218' title='bbox 336 2532 486 2619; x_wconf 80' lang='lat' dir='ltr'>seposuit</span> <span class='ocrx_word' id='word_1_219' title='bbox 500 2530 551 2596; x_wconf 79' lang='lat' dir='ltr'>od</span> <span class='ocrx_word' id='word_1_220' title='bbox 559 2554 739 2621; x_wconf 73' lang='lat' dir='ltr'>poprpom·</span> <span class='ocrx_word' id='word_1_221' title='bbox 996 2588 1000 2595; x_wconf 90' lang='lat'>.</span> 
     </span>
    </p>

    <p class='ocr_par' dir='ltr' id='par_1_10' title="bbox 184 2553 1228 2715">
     <span class='ocr_line' id='line_1_28' title="bbox 184 2553 1228 2715; baseline 0.003 -31"><span class='ocrx_word' id='word_1_222' title='bbox 184 2553 238 2685; x_wconf 71' lang='lat' dir='ltr'>ti.</span> <span class='ocrx_word' id='word_1_223' title='bbox 265 2614 347 2683; x_wconf 86' lang='lat' dir='ltr'>Diis</span> <span class='ocrx_word' id='word_1_224' title='bbox 370 2616 482 2715; x_wconf 78' lang='lat' dir='ltr'>igitur</span> <span class='ocrx_word' id='word_1_225' title='bbox 504 2615 614 2683; x_wconf 85' lang='lat' dir='ltr'>Gauio</span> <span class='ocrx_word' id='word_1_226' title='bbox 637 2640 679 2683; x_wconf 80' lang='lat' dir='ltr'>uc</span> <span class='ocrx_word' id='word_1_227' title='bbox 704 2616 804 2683; x_wconf 81' lang='lat' dir='ltr'>ducis</span> <span class='ocrx_word' id='word_1_228' title='bbox 830 2626 968 2683; x_wconf 84' lang='lat' dir='ltr'>centum</span> <span class='ocrx_word' id='word_1_229' title='bbox 988 2618 1102 2707; x_wconf 80' lang='lat' dir='ltr'>paritr</span> <span class='ocrx_word' id='word_1_230' title='bbox 1125 2620 1165 2689; x_wconf 84' lang='lat' dir='ltr'>ab</span> <span class='ocrx_word' id='word_1_231' title='bbox 1183 2640 1228 2689; x_wconf 81' lang='lat' dir='ltr'>m</span> 
     </span>
    </p>

    <p class='ocr_par' dir='ltr' id='par_1_11' title="bbox 23 2640 1240 4507">
     <span class='ocr_line' id='line_1_29' title="bbox 97 2640 1228 2791; baseline 0.004 -22"><span class='ocrx_word' id='word_1_232' title='bbox 97 2698 195 2789; x_wconf 76' lang='lat' dir='ltr'>Egra</span> <span class='ocrx_word' id='word_1_233' title='bbox 222 2700 254 2765; x_wconf 88' lang='lat' dir='ltr'>ie</span> <span class='ocrx_word' id='word_1_234' title='bbox 279 2711 400 2791; x_wconf 82' lang='lat' dir='ltr'>gestus</span> <span class='ocrx_word' id='word_1_235' title='bbox 424 2702 581 2787; x_wconf 65' lang='lat' dir='ltr'>inatres]</span> <span class='ocrx_word' id='word_1_236' title='bbox 614 2640 711 2771; x_wconf 59' lang='lat' dir='ltr'>iacta</span> <span class='ocrx_word' id='word_1_237' title='bbox 731 2704 924 2771; x_wconf 88' lang='lat' dir='ltr'>doctissimus</span> <span class='ocrx_word' id='word_1_238' title='bbox 948 2704 1118 2777; x_wconf 76' lang='lat' dir='ltr'>Turnebus</span> <span class='ocrx_word' id='word_1_239' title='bbox 1144 2708 1228 2791; x_wconf 73' lang='lat' dir='ltr'>[adv.</span> 
     </span>
     <span class='ocr_line' id='line_1_30' title="bbox 207 2787 1229 2883; baseline 0.006 -28"><span class='ocrx_word' id='word_1_240' title='bbox 207 2835 216 2868; x_wconf 94' lang='lat'>,</span> <span class='ocrx_word' id='word_1_241' title='bbox 230 2787 265 2870; x_wconf 85' lang='lat'>7]</span> <span class='ocrx_word' id='word_1_242' title='bbox 280 2799 423 2855; x_wconf 82' lang='lat' dir='ltr'>contum·</span> <span class='ocrx_word' id='word_1_243' title='bbox 430 2791 537 2877; x_wconf 83' lang='lat' dir='ltr'>pario</span> <span class='ocrx_word' id='word_1_244' title='bbox 553 2791 592 2855; x_wconf 88' lang='lat' dir='ltr'>de</span> <span class='ocrx_word' id='word_1_245' title='bbox 605 2792 727 2878; x_wconf 88' lang='lat' dir='ltr'>paribus</span> <span class='ocrx_word' id='word_1_246' title='bbox 740 2789 942 2872; x_wconf 78' lang='lat' dir='ltr'>gladiatorum</span> <span class='ocrx_word' id='word_1_247' title='bbox 949 2793 1229 2883; x_wconf 77' lang='lat' dir='ltr'>estinterpretatusr</span> 
     </span>
     <span class='ocr_line' id='line_1_31' title="bbox 98 2876 1230 2963; baseline 0.004 -27"><span class='ocrx_word' id='word_1_248' title='bbox 98 2895 193 2961; x_wconf 90' lang='lat' dir='ltr'>quam</span> <span class='ocrx_word' id='word_1_249' title='bbox 213 2877 279 2954; x_wconf 88' lang='lat' dir='ltr'>ejus</span> <span class='ocrx_word' id='word_1_250' title='bbox 295 2878 479 2941; x_wconf 80' lang='lat' dir='ltr'>sententiam</span> <span class='ocrx_word' id='word_1_251' title='bbox 501 2876 610 2941; x_wconf 85' lang='lat' dir='ltr'>eruditi</span> <span class='ocrx_word' id='word_1_252' title='bbox 628 2877 686 2943; x_wconf 83' lang='lat' dir='ltr'>viri</span> <span class='ocrx_word' id='word_1_253' title='bbox 709 2888 818 2962; x_wconf 87' lang='lat' dir='ltr'>postea</span> <span class='ocrx_word' id='word_1_254' title='bbox 834 2879 900 2956; x_wconf 83' lang='lat' dir='ltr'>jure</span> <span class='ocrx_word' id='word_1_255' title='bbox 913 2876 1081 2961; x_wconf 30' lang='lat' dir='ltr'>‚firmarunt</span> <span class='ocrx_word' id='word_1_256' title='bbox 1105 2880 1149 2961; x_wconf 80' lang='lat' dir='ltr'>[r.</span> <span class='ocrx_word' id='word_1_257' title='bbox 1165 2881 1230 2963; x_wconf 68' lang='lat'>1112</span> 
     </span>
     <span class='ocr_line' id='line_1_32' title="bbox 98 2959 1231 3049; baseline 0.008 -25"><span class='ocrx_word' id='word_1_258' title='bbox 98 2959 156 3024; x_wconf 85' lang='lat' dir='ltr'>ssd</span> <span class='ocrx_word' id='word_1_259' title='bbox 169 2982 317 3046; x_wconf 88' lang='lat' dir='ltr'>quorsum</span> <span class='ocrx_word' id='word_1_260' title='bbox 328 2963 463 3049; x_wconf 83' lang='lat' dir='ltr'>privatus</span> <span class='ocrx_word' id='word_1_261' title='bbox 475 2974 598 3027; x_wconf 90' lang='lat' dir='ltr'>centum</span> <span class='ocrx_word' id='word_1_262' title='bbox 609 2963 692 3049; x_wconf 85' lang='lat' dir='ltr'>paria</span> <span class='ocrx_word' id='word_1_263' title='bbox 704 2965 782 3026; x_wconf 89' lang='lat' dir='ltr'>haec</span> <span class='ocrx_word' id='word_1_264' title='bbox 793 2960 1020 3049; x_wconf 82' lang='lat' dir='ltr'>gladiatorum?</span> <span class='ocrx_word' id='word_1_265' title='bbox 1035 2963 1074 3029; x_wconf 88' lang='lat' dir='ltr'>In</span> <span class='ocrx_word' id='word_1_266' title='bbox 1087 2968 1231 3033; x_wconf 84' lang='lat' dir='ltr'>honorem</span> 
     </span>
     <span class='ocr_line' id='line_1_33' title="bbox 99 3046 1232 3136; baseline 0.008 -27"><span class='ocrx_word' id='word_1_267' title='bbox 99 3046 242 3132; x_wconf 88' lang='lat' dir='ltr'>principis</span> <span class='ocrx_word' id='word_1_268' title='bbox 264 3047 388 3113; x_wconf 81' lang='lat' dir='ltr'>viuoris</span> <span class='ocrx_word' id='word_1_269' title='bbox 412 3048 535 3113; x_wconf 86' lang='lat' dir='ltr'>decerni</span> <span class='ocrx_word' id='word_1_270' title='bbox 554 3050 662 3113; x_wconf 87' lang='lat' dir='ltr'>solitae</span> <span class='ocrx_word' id='word_1_271' title='bbox 684 3049 818 3136; x_wconf 87' lang='lat' dir='ltr'>primum</span> <span class='ocrx_word' id='word_1_272' title='bbox 839 3049 1095 3134; x_wconf 78' lang='lat' dir='ltr'>supplicationes,</span> <span class='ocrx_word' id='word_1_273' title='bbox 1130 3052 1232 3118; x_wconf 77' lang='lat' dir='ltr'>deiude</span> 
     </span>
     <span class='ocr_line' id='line_1_34' title="bbox 99 3132 1233 3221; baseline 0.01 -27"><span class='ocrx_word' id='word_1_274' title='bbox 99 3132 273 3217; x_wconf 89' lang='lat' dir='ltr'>triumphus</span> <span class='ocrx_word' id='word_1_275' title='bbox 296 3144 328 3199; x_wconf 88' lang='lat' dir='ltr'>et</span> <span class='ocrx_word' id='word_1_276' title='bbox 351 3132 417 3198; x_wconf 89' lang='lat' dir='ltr'>ludi</span> <span class='ocrx_word' id='word_1_277' title='bbox 439 3135 600 3200; x_wconf 85' lang='lat' dir='ltr'>victoriae:</span> <span class='ocrx_word' id='word_1_278' title='bbox 629 3145 720 3220; x_wconf 87' lang='lat' dir='ltr'>atque</span> <span class='ocrx_word' id='word_1_279' title='bbox 740 3136 817 3197; x_wconf 92' lang='lat' dir='ltr'>haec</span> <span class='ocrx_word' id='word_1_280' title='bbox 839 3134 944 3211; x_wconf 87' lang='lat' dir='ltr'>omnia</span> <span class='ocrx_word' id='word_1_281' title='bbox 961 3138 1089 3221; x_wconf 73' lang='lat' dir='ltr'>publice</span> <span class='ocrx_word' id='word_1_282' title='bbox 1111 3137 1233 3205; x_wconf 83' lang='lat' dir='ltr'>‹ie-fisco</span> 
     </span>
     <span class='ocr_line' id='line_1_35' title="bbox 100 3216 1235 3308; baseline 0.01 -30"><span class='ocrx_word' id='word_1_283' title='bbox 100 3216 244 3303; x_wconf 87' lang='lat' dir='ltr'>principis</span> <span class='ocrx_word' id='word_1_284' title='bbox 258 3228 310 3280; x_wconf 88' lang='lat' dir='ltr'>aut</span> <span class='ocrx_word' id='word_1_285' title='bbox 325 3220 433 3307; x_wconf 86' lang='lat' dir='ltr'>populi</span> <span class='ocrx_word' id='word_1_286' title='bbox 453 3220 586 3284; x_wconf 85' lang='lat' dir='ltr'>aerario:</span> <span class='ocrx_word' id='word_1_287' title='bbox 608 3221 742 3308; x_wconf 86' lang='lat' dir='ltr'>privatos</span> <span class='ocrx_word' id='word_1_288' title='bbox 763 3220 796 3283; x_wconf 91' lang='lat' dir='ltr'>in</span> <span class='ocrx_word' id='word_1_289' title='bbox 821 3240 889 3281; x_wconf 88' lang='lat' dir='ltr'>eam</span> <span class='ocrx_word' id='word_1_290' title='bbox 911 3241 980 3283; x_wconf 87' lang='lat' dir='ltr'>rem</span> <span class='ocrx_word' id='word_1_291' title='bbox 998 3224 1100 3287; x_wconf 89' lang='lat' dir='ltr'>ullum</span> <span class='ocrx_word' id='word_1_292' title='bbox 1121 3220 1235 3307; x_wconf 73' lang='lat' dir='ltr'>ioum</span> 
     </span>
     <span class='ocr_line' id='line_1_36' title="bbox 50 3301 1235 3394; baseline 0.003 -28"><span class='ocrx_word' id='word_1_293' title='bbox 50 3301 217 3372; x_wconf 80' lang='lat' dir='ltr'>499solitos</span> <span class='ocrx_word' id='word_1_294' title='bbox 229 3306 367 3367; x_wconf 81' lang='lat' dir='ltr'>conferre</span> <span class='ocrx_word' id='word_1_295' title='bbox 379 3328 445 3369; x_wconf 92' lang='lat' dir='ltr'>non</span> <span class='ocrx_word' id='word_1_296' title='bbox 460 3306 598 3386; x_wconf 84' lang='lat' dir='ltr'>legimus,</span> <span class='ocrx_word' id='word_1_297' title='bbox 620 3307 679 3370; x_wconf 89' lang='lat' dir='ltr'>nisi</span> <span class='ocrx_word' id='word_1_298' title='bbox 699 3304 782 3392; x_wconf 88' lang='lat' dir='ltr'>quod</span> <span class='ocrx_word' id='word_1_299' title='bbox 802 3306 954 3369; x_wconf 83' lang='lat' dir='ltr'>iaciebant</span> <span class='ocrx_word' id='word_1_300' title='bbox 968 3317 1007 3371; x_wconf 83' lang='lat' dir='ltr'>-ct</span> <span class='ocrx_word' id='word_1_301' title='bbox 1024 3307 1088 3394; x_wconf 84' lang='lat' dir='ltr'>ipsi</span> <span class='ocrx_word' id='word_1_302' title='bbox 1109 3332 1178 3375; x_wconf 86' lang='lat' dir='ltr'>rem</span> <span class='ocrx_word' id='word_1_303' title='bbox 1194 3309 1235 3373; x_wconf 82' lang='lat' dir='ltr'>ti.</span> 
     </span>
     <span class='ocr_line' id='line_1_37' title="bbox 101 3388 1236 3477; baseline 0.011 -29"><span class='ocrx_word' id='word_1_304' title='bbox 101 3388 209 3452; x_wconf 80' lang='lat' dir='ltr'>vinam</span> <span class='ocrx_word' id='word_1_305' title='bbox 224 3398 255 3450; x_wconf 92' lang='lat' dir='ltr'>et</span> <span class='ocrx_word' id='word_1_306' title='bbox 267 3410 324 3474; x_wconf 88' lang='lat' dir='ltr'>pro</span> <span class='ocrx_word' id='word_1_307' title='bbox 344 3411 400 3453; x_wconf 88' lang='lat' dir='ltr'>sua</span> <span class='ocrx_word' id='word_1_308' title='bbox 419 3392 545 3476; x_wconf 88' lang='lat' dir='ltr'>quisque</span> <span class='ocrx_word' id='word_1_309' title='bbox 569 3393 656 3477; x_wconf 90' lang='lat' dir='ltr'>copia</span> <span class='ocrx_word' id='word_1_310' title='bbox 678 3391 919 3455; x_wconf 83' lang='lat' dir='ltr'>convivabantur</span> <span class='ocrx_word' id='word_1_311' title='bbox 939 3412 975 3453; x_wconf 88' lang='lat' dir='ltr'>ac</span> <span class='ocrx_word' id='word_1_312' title='bbox 999 3394 1131 3473; x_wconf 83' lang='lat' dir='ltr'>genium</span> <span class='ocrx_word' id='word_1_313' title='bbox 1154 3416 1236 3463; x_wconf 87' lang='lat' dir='ltr'>suum</span> 
     </span>
     <span class='ocr_line' id='line_1_38' title="bbox 101 3472 1236 3564; baseline 0.012 -30"><span class='ocrx_word' id='word_1_314' title='bbox 101 3473 271 3559; x_wconf 82' lang='lat' dir='ltr'>placabant</span> <span class='ocrx_word' id='word_1_315' title='bbox 314 3472 528 3555; x_wconf 79' lang='lat' dir='ltr'>Quamobrem</span> <span class='ocrx_word' id='word_1_316' title='bbox 540 3479 617 3540; x_wconf 89' lang='lat' dir='ltr'>haec</span> <span class='ocrx_word' id='word_1_317' title='bbox 633 3477 768 3558; x_wconf 81' lang='lat' dir='ltr'>largitio,</span> <span class='ocrx_word' id='word_1_318' title='bbox 792 3497 870 3561; x_wconf 86' lang='lat' dir='ltr'>quae</span> <span class='ocrx_word' id='word_1_319' title='bbox 883 3477 953 3541; x_wconf 87' lang='lat' dir='ltr'>heic</span> <span class='ocrx_word' id='word_1_320' title='bbox 966 3494 1170 3564; x_wconf 90' lang='lat' dir='ltr'>memoratur,</span> <span class='ocrx_word' id='word_1_321' title='bbox 1181 3504 1236 3547; x_wconf 89' lang='lat' dir='ltr'>non</span> 
     </span>
     <span class='ocr_line' id='line_1_39' title="bbox 104 3558 1237 3656; baseline 0.009 -35"><span class='ocrx_word' id='word_1_322' title='bbox 104 3568 169 3621; x_wconf 88' lang='lat' dir='ltr'>erat</span> <span class='ocrx_word' id='word_1_323' title='bbox 182 3558 302 3621; x_wconf 88' lang='lat' dir='ltr'>collatio</span> <span class='ocrx_word' id='word_1_324' title='bbox 316 3560 469 3646; x_wconf 88' lang='lat' dir='ltr'>quaedam</span> <span class='ocrx_word' id='word_1_325' title='bbox 490 3563 612 3642; x_wconf 89' lang='lat' dir='ltr'>usitata,</span> <span class='ocrx_word' id='word_1_326' title='bbox 640 3562 697 3627; x_wconf 87' lang='lat' dir='ltr'>sed</span> <span class='ocrx_word' id='word_1_327' title='bbox 715 3584 770 3648; x_wconf 85' lang='lat' dir='ltr'>per</span> <span class='ocrx_word' id='word_1_328' title='bbox 783 3564 850 3627; x_wconf 78' lang='lat' dir='ltr'>vim</span> <span class='ocrx_word' id='word_1_329' title='bbox 869 3583 905 3625; x_wconf 90' lang='lat' dir='ltr'>ac</span> <span class='ocrx_word' id='word_1_330' title='bbox 921 3574 1044 3629; x_wconf 79' lang='lat' dir='ltr'>metram</span> <span class='ocrx_word' id='word_1_331' title='bbox 1064 3588 1237 3656; x_wconf 83' lang='lat' dir='ltr'>expressas</span> 
     </span>
     <span class='ocr_line' id='line_1_40' title="bbox 104 3645 1237 3744; baseline 0.011 -39"><span class='ocrx_word' id='word_1_332' title='bbox 104 3645 347 3744; x_wconf 69' lang='lat' dir='ltr'>procuratoribus</span> <span class='ocrx_word' id='word_1_333' title='bbox 365 3645 445 3728; x_wconf 71' lang='lat' dir='ltr'>Caii:</span> <span class='ocrx_word' id='word_1_334' title='bbox 468 3646 567 3732; x_wconf 89' lang='lat' dir='ltr'>quiid</span> <span class='ocrx_word' id='word_1_335' title='bbox 587 3650 711 3728; x_wconf 81' lang='lat' dir='ltr'>egerant</span> <span class='ocrx_word' id='word_1_336' title='bbox 723 3651 808 3728; x_wconf 87' lang='lat' dir='ltr'>jussu</span> <span class='ocrx_word' id='word_1_337' title='bbox 827 3648 925 3728; x_wconf 88' lang='lat' dir='ltr'>illius,</span> <span class='ocrx_word' id='word_1_338' title='bbox 951 3660 986 3713; x_wconf 93' lang='lat' dir='ltr'>ut</span> <span class='ocrx_word' id='word_1_339' title='bbox 1005 3672 1103 3737; x_wconf 86' lang='lat' dir='ltr'>quam</span> <span class='ocrx_word' id='word_1_340' title='bbox 1118 3655 1237 3719; x_wconf 81' lang='lat' dir='ltr'>minima</span> 
     </span>
     <span class='ocr_line' id='line_1_41' title="bbox 105 3733 1238 3821; baseline 0.011 -31"><span class='ocrx_word' id='word_1_341' title='bbox 105 3750 246 3815; x_wconf 78' lang='lat' dir='ltr'>impensa</span> <span class='ocrx_word' id='word_1_342' title='bbox 266 3752 359 3816; x_wconf 88' lang='lat' dir='ltr'>quam</span> <span class='ocrx_word' id='word_1_343' title='bbox 380 3733 680 3813; x_wconf 86' lang='lat' dir='ltr'>magnificentissime</span> <span class='ocrx_word' id='word_1_344' title='bbox 697 3734 885 3819; x_wconf 86' lang='lat' dir='ltr'>triumphum</span> <span class='ocrx_word' id='word_1_345' title='bbox 905 3735 1002 3821; x_wconf 84' lang='lat' dir='ltr'>ipsius</span> <span class='ocrx_word' id='word_1_346' title='bbox 1025 3740 1238 3805; x_wconf 85' lang='lat' dir='ltr'>celebrandurn</span> 
     </span>
     <span class='ocr_line' id='line_1_42' title="bbox 23 3815 1239 3901; baseline 0.014 -27"><span class='ocrx_word' id='word_1_347' title='bbox 23 3860 26 3867; x_wconf 91' lang='lat'><em>.</em></span> <span class='ocrx_word' id='word_1_348' title='bbox 106 3825 252 3899; x_wconf 85' lang='lat' dir='ltr'>curarent.</span> <span class='ocrx_word' id='word_1_349' title='bbox 294 3815 404 3899; x_wconf 83' lang='lat' dir='ltr'>Igitur,</span> <span class='ocrx_word' id='word_1_350' title='bbox 426 3819 505 3882; x_wconf 88' lang='lat' dir='ltr'>sicut</span> <span class='ocrx_word' id='word_1_351' title='bbox 516 3818 631 3883; x_wconf 86' lang='lat' dir='ltr'>aediles</span> <span class='ocrx_word' id='word_1_352' title='bbox 641 3832 672 3882; x_wconf 92' lang='lat' dir='ltr'>et</span> <span class='ocrx_word' id='word_1_353' title='bbox 686 3821 737 3883; x_wconf 89' lang='lat' dir='ltr'>alii</span> <span class='ocrx_word' id='word_1_354' title='bbox 751 3819 958 3901; x_wconf 78' lang='lat' dir='ltr'>magistratus,</span> <span class='ocrx_word' id='word_1_355' title='bbox 981 3844 1054 3887; x_wconf 90' lang='lat' dir='ltr'>cum</span> <span class='ocrx_word' id='word_1_356' title='bbox 1064 3826 1159 3892; x_wconf 90' lang='lat' dir='ltr'>ludos</span> <span class='ocrx_word' id='word_1_357' title='bbox 1173 3826 1239 3891; x_wconf 80' lang='lat' dir='ltr'>eds·</span> 
     </span>
     <span class='ocr_line' id='line_1_43' title="bbox 106 3901 1239 4000; baseline 0.012 -39"><span class='ocrx_word' id='word_1_358' title='bbox 106 3901 197 3979; x_wconf 86' lang='lat' dir='ltr'>bant,</span> <span class='ocrx_word' id='word_1_359' title='bbox 221 3902 390 3967; x_wconf 89' lang='lat' dir='ltr'>amicorum</span> <span class='ocrx_word' id='word_1_360' title='bbox 402 3926 548 3990; x_wconf 85' lang='lat' dir='ltr'>persaepe</span> <span class='ocrx_word' id='word_1_361' title='bbox 565 3907 675 3992; x_wconf 90' lang='lat' dir='ltr'>opibus</span> <span class='ocrx_word' id='word_1_362' title='bbox 688 3907 923 3970; x_wconf 82' lang='lat' dir='ltr'>sublevabantur</span> <span class='ocrx_word' id='word_1_363' title='bbox 943 3920 998 3971; x_wconf 88' lang='lat' dir='ltr'>aut</span> <span class='ocrx_word' id='word_1_364' title='bbox 1016 3909 1117 3995; x_wconf 83' lang='lat' dir='ltr'>ipsius</span> <span class='ocrx_word' id='word_1_365' title='bbox 1134 3912 1239 4000; x_wconf 87' lang='lat' dir='ltr'>princi·</span> 
     </span>
     <span class='ocr_line' id='line_1_44' title="bbox 106 3983 1239 4074; baseline 0.017 -28"><span class='ocrx_word' id='word_1_366' title='bbox 106 3983 170 4071; x_wconf 90' lang='lat' dir='ltr'>pis,</span> <span class='ocrx_word' id='word_1_367' title='bbox 190 3996 302 4050; x_wconf 89' lang='lat' dir='ltr'>utnon</span> <span class='ocrx_word' id='word_1_368' title='bbox 315 4012 382 4054; x_wconf 90' lang='lat' dir='ltr'>raro</span> <span class='ocrx_word' id='word_1_369' title='bbox 398 3991 528 4071; x_wconf 84' lang='lat' dir='ltr'>legimus</span> <span class='ocrx_word' id='word_1_370' title='bbox 543 3992 576 4053; x_wconf 94' lang='lat' dir='ltr'>in</span> <span class='ocrx_word' id='word_1_371' title='bbox 594 3993 721 4055; x_wconf 89' lang='lat' dir='ltr'>historia</span> <span class='ocrx_word' id='word_1_372' title='bbox 732 3991 883 4072; x_wconf 84' lang='lat' dir='ltr'>Augusta:</span> <span class='ocrx_word' id='word_1_373' title='bbox 905 3993 946 4055; x_wconf 91' lang='lat' dir='ltr'>ita</span> <span class='ocrx_word' id='word_1_374' title='bbox 965 3991 1058 4074; x_wconf 87' lang='lat' dir='ltr'>Cajus</span> <span class='ocrx_word' id='word_1_375' title='bbox 1075 3998 1239 4064; x_wconf 79' lang='lat' dir='ltr'>necessaria</span> 
     </span>
     <span class='ocr_line' id='line_1_45' title="bbox 107 4066 1239 4164; baseline 0.016 -32"><span class='ocrx_word' id='word_1_376' title='bbox 107 4066 148 4133; x_wconf 78' lang='lat' dir='ltr'>ad</span> <span class='ocrx_word' id='word_1_377' title='bbox 169 4071 217 4135; x_wconf 86' lang='lat' dir='ltr'>sui</span> <span class='ocrx_word' id='word_1_378' title='bbox 227 4074 374 4161; x_wconf 87' lang='lat' dir='ltr'>triumphi</span> <span class='ocrx_word' id='word_1_379' title='bbox 392 4088 570 4163; x_wconf 89' lang='lat' dir='ltr'>apparatum</span> <span class='ocrx_word' id='word_1_380' title='bbox 585 4099 603 4140; x_wconf 91' lang='lat' dir='ltr'>a</span> <span class='ocrx_word' id='word_1_381' title='bbox 623 4079 747 4164; x_wconf 87' lang='lat' dir='ltr'>privatis</span> <span class='ocrx_word' id='word_1_382' title='bbox 763 4079 896 4142; x_wconf 78' lang='lat' dir='ltr'>extorsit.</span> <span class='ocrx_word' id='word_1_383' title='bbox 912 4079 1006 4156; x_wconf 73' lang='lat' dir='ltr'>¹[Hoc</span> <span class='ocrx_word' id='word_1_384' title='bbox 1020 4094 1056 4143; x_wconf 90' lang='lat' dir='ltr'>ut</span> <span class='ocrx_word' id='word_1_385' title='bbox 1072 4105 1184 4148; x_wconf 84' lang='lat' dir='ltr'>verum</span> <span class='ocrx_word' id='word_1_386' title='bbox 1198 4085 1239 4163; x_wconf 88' lang='lat' dir='ltr'>sil,</span> 
     </span>
     <span class='ocr_line' id='line_1_46' title="bbox 107 4156 1240 4249; baseline 0.013 -31"><span class='ocrx_word' id='word_1_387' title='bbox 107 4156 195 4237; x_wconf 82' lang='lat' dir='ltr'>fingit</span> <span class='ocrx_word' id='word_1_388' title='bbox 214 4169 318 4223; x_wconf 90' lang='lat' dir='ltr'>tamen</span> <span class='ocrx_word' id='word_1_389' title='bbox 335 4162 369 4224; x_wconf 90' lang='lat' dir='ltr'>h.</span> <span class='ocrx_word' id='word_1_390' title='bbox 393 4164 414 4224; x_wconf 85' lang='lat' dir='ltr'>l.</span> <span class='ocrx_word' id='word_1_391' title='bbox 439 4162 563 4239; x_wconf 54' lang='lat' dir='ltr'>,Persius</span> <span class='ocrx_word' id='word_1_392' title='bbox 584 4165 664 4227; x_wconf 90' lang='lat' dir='ltr'>hanc</span> <span class='ocrx_word' id='word_1_393' title='bbox 691 4175 755 4226; x_wconf 90' lang='lat' dir='ltr'>tam</span> <span class='ocrx_word' id='word_1_394' title='bbox 780 4164 950 4227; x_wconf 87' lang='lat' dir='ltr'>immanem</span> <span class='ocrx_word' id='word_1_395' title='bbox 974 4170 1240 4249; x_wconf 80' lang='lat' dir='ltr'>magnificentiam,</span> 
     </span>
     <span class='ocr_line' id='line_1_47' title="bbox 108 4248 1240 4335; baseline 0.014 -32"><span class='ocrx_word' id='word_1_396' title='bbox 108 4262 202 4325; x_wconf 89' lang='lat' dir='ltr'>quam</span> <span class='ocrx_word' id='word_1_397' title='bbox 214 4256 305 4307; x_wconf 89' lang='lat' dir='ltr'>utcun</span> <span class='ocrx_word' id='word_1_398' title='bbox 326 4268 366 4308; x_wconf 91' lang='lat' dir='ltr'>ue</span> <span class='ocrx_word' id='word_1_399' title='bbox 384 4248 528 4311; x_wconf 91' lang='lat' dir='ltr'>cohibere</span> <span class='ocrx_word' id='word_1_400' title='bbox 546 4248 837 4335; x_wconf 84' lang='lat' dir='ltr'>periculosissimum</span> <span class='ocrx_word' id='word_1_401' title='bbox 850 4261 929 4331; x_wconf 88' lang='lat' dir='ltr'>erat,</span> <span class='ocrx_word' id='word_1_402' title='bbox 950 4262 984 4314; x_wconf 93' lang='lat' dir='ltr'>ut</span> <span class='ocrx_word' id='word_1_403' title='bbox 1005 4255 1117 4319; x_wconf 87' lang='lat' dir='ltr'>heredi</span> <span class='ocrx_word' id='word_1_404' title='bbox 1135 4280 1191 4321; x_wconf 90' lang='lat' dir='ltr'>suo</span> <span class='ocrx_word' id='word_1_405' title='bbox 1207 4258 1240 4319; x_wconf 87' lang='lat' dir='ltr'>it-</span> 
     </span>
     <span class='ocr_line' id='line_1_48' title="bbox 108 4325 1240 4413; baseline 0.014 -26"><span class='ocrx_word' id='word_1_406' title='bbox 108 4325 229 4409; x_wconf 67' lang='lat' dir='ltr'>ludat}</span> <span class='ocrx_word' id='word_1_407' title='bbox 251 4328 275 4394; x_wconf 94' lang='lat' dir='ltr'><strong><em>I</em></strong></span> <span class='ocrx_word' id='word_1_408' title='bbox 320 4352 383 4394; x_wconf 87' lang='lat' dir='ltr'>uco</span> <span class='ocrx_word' id='word_1_409' title='bbox 401 4333 471 4397; x_wconf 90' lang='lat' dir='ltr'>libri</span> <span class='ocrx_word' id='word_1_410' title='bbox 484 4355 608 4413; x_wconf 88' lang='lat' dir='ltr'>omnes,</span> <span class='ocrx_word' id='word_1_411' title='bbox 634 4356 698 4396; x_wconf 94' lang='lat' dir='ltr'>non</span> <span class='ocrx_word' id='word_1_412' title='bbox 717 4331 852 4398; x_wconf 79' lang='lat' dir='ltr'>indico:</span> <span class='ocrx_word' id='word_1_413' title='bbox 880 4340 975 4401; x_wconf 86' lang='lat' dir='ltr'>verba</span> <span class='ocrx_word' id='word_1_414' title='bbox 987 4352 1064 4403; x_wconf 85' lang='lat' dir='ltr'>sunt</span> <span class='ocrx_word' id='word_1_415' title='bbox 1080 4363 1193 4409; x_wconf 89' lang='lat' dir='ltr'>arenae</span> <span class='ocrx_word' id='word_1_416' title='bbox 1210 4363 1240 4405; x_wconf 83' lang='lat' dir='ltr'>ac</span> 
     </span>
     <span class='ocr_line' id='line_1_49' title="bbox 108 4414 943 4507; baseline 0.014 -34"><span class='ocrx_word' id='word_1_417' title='bbox 108 4414 243 4481; x_wconf 87' lang='lat' dir='ltr'>muneris</span> <span class='ocrx_word' id='word_1_418' title='bbox 257 4414 384 4482; x_wconf 80' lang='lat' dir='ltr'>induco</span> <span class='ocrx_word' id='word_1_419' title='bbox 397 4439 433 4481; x_wconf 89' lang='lat' dir='ltr'>ac</span> <span class='ocrx_word' id='word_1_420' title='bbox 443 4416 616 4507; x_wconf 82' lang='lat' dir='ltr'>produco,</span> <span class='ocrx_word' id='word_1_421' title='bbox 638 4418 721 4504; x_wconf 87' lang='lat' dir='ltr'>quod</span> <span class='ocrx_word' id='word_1_422' title='bbox 736 4432 782 4484; x_wconf 90' lang='lat' dir='ltr'>est</span> <span class='ocrx_word' id='word_1_423' title='bbox 797 4422 943 4487; x_wconf 85' lang='lat' dir='ltr'>usitatius.</span> 
     </span>
    </p>
   </div>
   <div class='ocr_carea' id='block_1_5' title="bbox 0 0 1366 4972">
    <p class='ocr_par' dir='ltr' id='par_1_12' title="bbox 0 0 1366 4972">
     <span class='ocr_line' id='line_1_50' title="bbox 0 0 1366 4972; baseline 0 0"><span class='ocrx_word' id='word_1_424' title='bbox 0 0 1366 4972; x_wconf 95' lang='lat' dir='ltr'> </span> 
     </span>
    </p>
   </div>
  </div>
 </body>
</html>
