2700 4972
375 342 439 408 AD
464 340 632 409 PERSII
657 340 875 410 smalh
903 346 1040 424 tv..
1177 352 1243 417 285

95 532 128 582 te
151 520 232 599 jacta
251 526 283 581 et
303 512 445 581 venditat
467 516 698 603 corruptissimis
716 527 820 581 tamen
843 519 981 583 moribus
1005 541 1058 599 es;
1078 518 1158 586 vivis
1176 533 1241 585 tur-

94 606 226 692 pissime
247 614 278 667 et
298 602 551 684 flagitiosissime:
578 603 590 664 i
614 624 696 665 nunc
723 614 753 665 et
770 606 991 691 temperantiae
1011 627 1047 668 ac
1068 606 1239 671 modestiae

94 690 223 754 laudem
237 691 362 770 affecta3
384 684 506 774 decipe
527 708 649 751 nervos
666 690 846 753 translatum
862 694 901 753 ab
925 692 981 771 iia,
1002 692 1055 777 qui
1073 714 1240 757 nervorum

94 778 272 839 infirmitate
286 778 459 838 laborantes
476 786 508 838 et
521 777 639 839 morbis
657 777 863 839 articularibus
884 788 915 839 et
933 778 1057 841 caeteris
1072 782 1111 841 ab
1129 777 1240 842 eadem

96 884 205 926 caussa
222 861 474 950 provenientibus
492 863 637 940 obnoxii,
666 883 758 925 sanos
778 874 882 924 tamen
902 874 932 925 et
949 858 1128 945 Κρότωνος
1147 861 1239 947 ripre-

96 944 237 1030 στέρους
250 969 284 1011 11
297 948 430 1027 lingunt,
473 968 514 1007 uo
526 948 651 1009 liberius
671 958 702 1009 et
713 945 838 1010 Baccho
858 960 888 1010 et
900 948 1017 1011 Veneri
1026 952 1173 1015 serviant.
1186 1011 1196 1029 ‚

184 1033 237 1098 46.
258 1031 297 1097 Si
309 1032 430 1117 potes]
452 968 551 1111 1111111
566 1031 691 1095 diceret:
715 1035 798 1180 atqui
811 1056 874 1095 nou
885 1035 1000 1119 poteris
1017 1046 1056 1115 et,
1080 1036 1155 1099 dum
1171 1034 1238 1100 aliis

96 1133 127 1183 te
142 1122 240 1183 verba
254 1119 327 1182 dare
341 1119 482 1205 putabis,
505 1116 592 1181 dabis
605 1117 678 1197 tibi,
700 1129 750 1181 tan
775 1140 885 1205 emque
904 1122 997 1205 ¹hujus
1010 1122 1153 1185 stultitiae
1167 1134 1239 1186 tuae

96 1226 215 1294 poenas
228 1205 361 1283 meritas,
384 1202 492 1284 dignas
506 1205 588 1266 lues:
611 1203 694 1290 quod
717 1206 811 1267 etiam
830 1207 943 1271 evenit.
1186 1214 1189 1220 '

84 1338 87 1347 .
185 1290 384 1439 Εῗηηρίαηι
402 1308 482 1352 cum
496 1310 550 1352 me
565 1288 697 1353 vicinia
710 1289 816 1369 dicut,
840 1288 1123 1373 NoutrreclamP]
1154 1290 1240 1356 Dum

99 1376 202 1441 adhuc
235 1380 358 1439 alebant
376 1374 491 1456 flagitia
510 1374 655 1452 Neronis,
686 1398 795 1440 omnes
820 1376 908 1439 illum
925 1376 1098 1443 laudabant.
1150 1377 1241 1465 Ipsos

91 1464 255 1551 ¹Senecam
268 1472 299 1525 et
310 1460 465 1524 Burrhttm
478 1463 581 1527 anitius
595 1484 666 1523 cum
682 1484 719 1524 eo
736 1464 835 1543 egisse
850 1485 915 1525 non
930 1463 1073 1544 dubium,
1094 1486 1156 1551 quo
1171 1478 1295 1553 per-851

101 1549 288 1613 ditissimum
309 1550 455 1627 juvenem
481 1568 499 1609 a
520 1548 640 1633 publica
670 1549 797 1610 infamia
823 1548 1027 1629 vindicarent,
1056 1552 1084 1613 si
1110 1561 1247 1637 possent.

102 1636 121 1699 J
122 1652 175 1697 am
188 1635 408 1698 assentationes
420 1633 628 1696 ministrorum
641 1643 671 1696 11
684 1635 944 1714 muliercularum,
959 1635 1147 1720 quibuscum
1162 1655 1247 1701 senr-

126 1744 159 1785 er
177 1730 251 1799 erat,
265 1718 488 1805 corrumpendo
504 1720 635 1806 principi
648 1722 699 1783 vel
717 1721 833 1805 optime
846 1731 918 1782 nato
933 1725 1007 1784 satis
1021 1734 1114 1785 erant.
1138 1722 1247 1805 [Recte

103 1744 184 1871 dixit
196 1806 295 1871 Web.
316 1802 448 1868 vicinia
469 1803 512 1887 (v.
530 1806 606 1867 imit.
623 1806 714 1886 Hor.)
736 1806 829 1868 nimis
849 1809 975 1886 vulgare
988 1810 1134 1887 verbum,
1157 1810 1185 1871 si
1207 1808 1245 1871 ad
1289 1804 1294 1815 '

105 1903 263 1970 senatum,
290 1892 469 1977 optimates,
500 1892 633 1963 amicos,
660 1903 774 1953 tutores
799 1891 930 1955 Neronis
948 1893 1091 1973 referas]
1142 1892 1247 1972 Quare

105 1998 171 2041 non
186 1978 253 2041 sine
265 1998 370 2040 caussa
384 1980 462 2039 haec
483 1996 552 2063 pars
574 1976 677 2038 addita
688 1975 809 2057 Persio,
828 1989 863 2037 ut
884 1980 923 2039 ab
945 1979 1051 2042 alienis
1068 1981 1250 2042 assentatio-

106 2067 198 2129 nibus
215 2062 256 2125 ad
267 2082 356 2126 snam
368 2063 464 2149 ipsius
480 2064 698 2125 conscientiam
720 2084 793 2125 eum
806 2075 972 2126 revocaret.

192 2148 245 2216 47.
272 2141 359 2211 Vno
374 2146 405 2210 si
413 2144 541 2234 polles,
565 2146 736 2233 improbe,
761 2148 925 2227 nummu]
954 2146 1040 2227 Quid
1055 2150 1185 2211 aliorum
1202 2152 1250 2212 al-

104 2242 191 2319 legas
202 2235 403 2299 testimonia?
425 2235 496 2319 quin
509 2246 541 2296 te
553 2235 621 2321 ipse
640 2236 741 2321 potius
755 2237 895 2320 exploras
915 2246 945 2297 et
961 2246 1046 2297 tuam
1059 2236 1157 2320 ipsius
1173 2256 1250 2298 cou-

104 2323 266 2388 scientiam
280 2321 469 2400 interrogas?
491 2322 568 2383 scias
581 2324 665 2384 nullo
679 2322 820 2401 negotio,
843 2332 988 2406 quantum
1002 2333 1034 2382 te
1047 2332 1250 2384 assentatores
1312 2378 1316 2389 ,

105 2411 154 2485 tui
164 2418 195 2471 et
209 2407 331 2493 parasiti
344 2409 465 2470 fallant:
488 2426 561 2468 nam
572 2408 659 2469 verbi
676 2408 769 2487 gratia
790 2403 1008 2491 praedicabunt
1018 2408 1063 2468 illi
1074 2414 1105 2468 te
1125 2418 1159 2468 ut
1172 2408 1251 2469 libe-

104 2498 220 2559 ralem:
241 2504 273 2554 at
289 2495 315 2555 si
333 2504 364 2554 tc
384 2494 451 2577 ipse
467 2496 616 2571 consulas,
637 2495 773 2554 innatam
788 2492 842 2553 tibi
856 2491 1013 2555 avaritiam
1028 2491 1252 2577 deprehendes.

104 2582 178 2645 Hoc
191 2577 308 2643 Neroni
330 2600 395 2640 non
416 2580 575 2659 convenit,
598 2576 682 2665 quod
708 2580 822 2642 sciam:
843 2578 901 2639 suit
920 2568 1003 2639 11111
1023 2579 1254 2663 profusissimus

106 2678 139 2731 et
157 2662 412 2728 damnosissimus
426 2666 568 2726 omnium
579 2677 745 2751 nepotum:
769 2684 842 2725 nam
855 2684 934 2749 quae
948 2662 987 2725 de
1000 2666 1079 2726 illius
1095 2663 1253 2727 calumniis

107 2752 283 2841 rapinisque
298 2760 397 2813 narrat
415 2748 579 2813 Suetonius
600 2752 697 2837 capite
712 2748 865 2828 xxxfl,
887 2750 960 2810 huic
976 2750 1057 2813 illius
1074 2752 1166 2812 aetati
1182 2754 1323 2828 nontllS)

109 2838 315 2902 conveniunt:
344 2856 445 2921 neque
470 2836 542 2898 satis
566 2848 646 2898 certa
672 2830 743 2899 sunl
768 2834 1029 2918 φιλοχρηματίας
1056 2848 1251 2916 argumenta:

108 2924 233 3011 rapinas
259 2922 343 2984 enim
365 2925 475 3002 agebat
492 2944 555 2983 non
576 2942 681 2984 amore
702 2921 864 3007 pecuniae,
894 2919 950 2983 sed
976 2932 1010 2981 ut
1027 2924 1155 2984 haberet
1174 2940 1254 3006 quae
1278 2930 1284 2944 '·

110 3005 312 3098 profunderet
329 3017 360 3069 et
378 3006 461 3069 unde
482 3028 553 3070 suas
573 3009 632 3070 sibi
654 3010 825 3092 voluptates
844 3018 1028 3092 procuraret.
1070 3004 1143 3069 Non
1164 3008 1255 3087 igitur

113 3114 225 3159 avarus
239 3093 339 3157 Nero:
359 3113 459 3178 neque
478 3095 555 3154 haec
574 3097 669 3157 verba
689 3093 722 3155 in
738 3114 811 3154 cum
829 3102 1015 3177 competunt.
1059 3090 1123 3155 Sed
1148 3091 1188 3154 de
1204 3094 1256 3153 in-

115 3179 231 3245 dustria
248 3183 363 3241 factum
384 3180 538 3257 aPersio,
552 3174 594 3240 'ut
615 3183 653 3241 ab
675 3179 841 3264 hypothesi
862 3182 987 3239 referret
1007 3198 1042 3240 se
1066 3176 1105 3239 ad
1131 3179 1254 3257 thesim,

116 3267 382 3330 nefacileomnes
396 3266 599 3346 intelligerent
613 3262 769 3329 Neronem
790 3285 875 3342 esse,
898 3262 1045 3327 adversus
1070 3283 1162 3349 quem
1180 3266 1259 3326 haec

117 3353 217 3418 Satira
237 3353 355 3435 scripta.

205 3440 256 3504 48.
280 3434 422 3520 Sisocis
443 3433 525 3525 inp.
545 3432 712 3521 quicquid
729 3432 794 3497 tibi
809 3431 904 3498 veuit
928 3434 1116 3515 amorum]
1140 3434 1174 3497 Si
1190 3437 1262 3498 nul-

112 3528 184 3593 lum
197 3534 243 3587 est
254 3532 318 3585 tam
332 3523 469 3602 foedum,
492 3532 556 3583 tarn
566 3525 756 3584 obscoenum
771 3542 867 3602 genus
888 3520 1039 3599 libidinis,
1062 3533 1169 3607 quote
1182 3543 1262 3606 quo-

117 3610 193 3673 tidie
205 3631 271 3671 111
282 3610 440 3694 inq'uincs3
466 3628 630 3670 umorum
645 3607 721 3670 dixit
732 3619 855 3694 propter
867 3608 1036 3669 amantium
1049 3628 1160 3686 amara,
1183 3609 1314 3693 quia352

118 3704 193 3760 uer'e
217 3693 338 3774 πικρὸς
351 3689 458 3776 Ἔρως
481 3698 564 3773 ajunt
583 3694 711 3781 poetae,
737 3697 789 3757 vel
810 3705 933 3778 propter
950 3694 1050 3756 tristes
1075 3714 1179 3772 casus,
1209 3694 1262 3778 qui

120 3783 283 3846 luxuriosis
296 3802 391 3867 saepe
407 3781 584 3860 contingunt
604 3802 720 3867 eosque
733 3780 844 3841 misere
865 3777 1013 3866 perdunt:
1036 3800 1125 3859 nam,
1145 3779 1262 3842 1111111-

121 3867 239 3932 nander
264 3868 306 3930 ait
325 3866 401 3943 [184
420 3869 505 3947 pou]
517 3886 528 3947 ².

211 3948 375 4037 Μεγάλην
389 3949 598 4031 παράκαιρος
619 3943 725 4033 ἡδονὴ
748 3948 850 4013 τίκτει
862 3945 1008 4034 βλάβην·

84 4116 87 4121 ,
209 4034 262 4117 Ἐξ
274 4033 399 4123 ἡδονῆς
411 4034 476 4121 γὰρ
490 4032 612 4121 φύεται
630 4032 668 4099 τὸ
684 4036 864 4119 δυστυχεῖν.
967 4074 972 4099 2

124 4120 197 4203 [Vel
221 4126 323 4212 potius
346 4128 404 4206 „ab
428 4124 563 4210 impulsu
579 4123 912 4209 101111111111111111,
938 4120 1045 4182 dolore
1065 4118 1193 4197 scilicet,
1212 4118 1265 4204 qui

124 4210 307 4277 libidinosos
326 4212 386 4274 urit
404 4230 461 4272 nec
478 4210 634 4296 quiescere
652 4208 755 4271 sinit.“
776 4208 911 4270 Tumeb.
936 4227 983 4293 ap.
998 4206 1055 4283 Pl]

210 4297 263 4363 119.
292 4294 333 4359 Si
348 4292 482 4365 Puteal
505 4292 618 4357 mulla
639 4303 763 4356 contus
783 4288 892 4358 vibice
909 4290 1108 4383 flagellas]
1145 4289 1266 4353 Omnes

123 4386 220 4465 vulgo
243 4382 285 4447 tle
303 4386 394 4465 hujus
413 4400 520 4446 versus
541 4382 722 4445 obscuritate
742 4392 920 4467 queruntur,
949 4380 1000 4463 qui
1023 4388 1127 4439 tamen
1145 4375 1267 4440 videtur

125 4470 218 4535 nobis
228 4486 299 4535 1111
329 4476 394 4533 tarn
415 4466 548 4535 difficilis
573 4468 742 4533 sententiae
768 4484 862 4553 quam
882 4465 1038 4552 ancipitia;
1070 4482 1170 4549 neque
1190 4480 1266 4526 voro
