2700 4972
82 246 212 323 rsi·
321 221 323 227 ’
445 242 846 325 coniurauimus

80 423 216 514 plerique
229 421 432 502 Graecorum
454 421 495 485 ait
508 433 611 486 autem
620 420 767 511 grandi,
790 424 860 510 quia
874 426 971 488 multo
984 448 1065 513 pane
1075 450 1196 494 vescun-
1246 432 1251 493 l

42 532 45 537 ·
80 524 143 594 tur,
165 513 272 599 quibus
284 512 367 576 solus
380 509 468 594 panis
483 510 567 572 cibus
581 521 638 570 est:
659 510 702 571 sic
714 508 870 573 luvenalis
885 509 988 591 [xlta
1003 513 1093 594 1711:
1247 522 1251 579 ’τ

357 590 513 682 grandes
521 590 711 679 fumabant
722 592 875 680 pultibus
887 593 980 659 ollae
988 618 1001 675 3

79 681 139 744 hac
158 698 237 745 voce
260 677 454 743 commendat
475 672 748 755 stistinet-modice
769 681 955 762 viventium
983 683 1108 763 signum
1126 685 1198 749 enin

79 776 126 830 est
143 764 323 829 valetudinis
342 766 443 827 bonae
464 763 611 843 grandem
630 762 717 848 panis
740 764 885 850 quadram
908 788 1000 850 posse
1029 768 1199 834 comederet

78 850 163 937 quod
175 872 239 914 non
252 849 364 927 iaciant
381 847 532 911 delicatuli
551 840 602 912 isti
621 870 692 910 cmn
711 851 853 914 omuibus
875 853 938 915 suis
960 851 1163 939 condimentis
1176 866 1201 917 et

79 935 375 1018 gulaesctumenus.
995 948 1000 963 '
1130 946 1133 951 '

105 1034 108 1039 '
164 1020 216 1085 56.
236 1021 287 1085 57.
310 1016 358 1082 m
374 1015 436 1082 tibi
448 1037 535 1105 quae
552 1015 689 1081 Samios
705 1015 843 1083 diduxit
857 1018 962 1085 litera
975 1042 1112 1096 ramos,
1134 1019 1202 1087 Sur·
1249 1070 1251 1087 .

76 1112 220 1194 gentem
237 1101 373 1168 'dextro
396 1101 601 1167 monstravit
629 1100 739 1167 limite
770 1104 931 1188 callem]
960 1106 1035 1172 Aliis
1055 1110 1158 1175 verbis
1176 1109 1202 1173 it
1249 1106 1251 1115 '

20 1228 23 1235 ν
78 1197 180 1281 ipsum
195 1189 282 1267 dicit,
325 1187 452 1252 uodillo
465 1211 556 1252 versu
572 1189 699 1250 dixerat:

163 1271 274 1339 Haud
285 1273 313 1337 t·
334 1272 347 1336 i
362 1271 580 1359 inexpertum
593 1295 712 1337 curvos
726 1270 937 1360 deprendere
950 1297 1085 1341 mores:

27 1372 159 1431 266nam
170 1361 290 1427 bivium
305 1360 424 1424 viantis
444 1370 474 1420 ct
493 1360 653 1437 vitiorum,
676 1358 759 1444 quod
773 1363 876 1424 literae
894 1361 925 1425 Y
942 1364 1039 1445 figura
1054 1364 1205 1447 Pythago-

77 1468 127 1511 ras
141 1446 309 1533 exprimere
323 1444 446 1523 solitus,
469 1466 531 1505 non
553 1445 612 1506 alio
629 1446 783 1528 spectabat
802 1467 895 1528 quam
916 1458 950 1508 ut
968 1452 1115 1527 juventus
1134 1454 1205 1513 bone

78 1534 219 1617 malaque
234 1540 354 1608 nosset,
375 1530 426 1592 illa
439 1540 473 1590 ut
488 1540 658 1605 sectaretur,
679 1531 756 1591 haec
772 1540 804 1590 ut
816 1533 948 1609 lugeret:
968 1555 1006 1595 ea
1019 1533 1206 1616 Pythagorae

79 1618 211 1683 acroasi's
227 1612 471 1679 decantatissima
486 1625 532 1676 est
548 1611 670 1677 Graecis
688 1613 860 1698 Latinisque
881 1618 1094 1700 scriptoribus,
1124 1622 1216 1683 ctiam·

101 1703 178 1765 oiitis
190 1698 306 1782 [laudd.
322 1721 339 1762 a
363 1698 460 1778 .Pl.];
483 1711 513 1760 et
526 1700 575 1760 illa
587 1699 653 1784 ipsa
667 1699 751 1761 litera
764 1698 956 1780 Pythagorae
971 1700 1062 1766 dicta.
1107 1705 1207 1786 Virgii.

79 1726 132 1868 fin
156 1785 295 1867 Catal.]=?
362 1781 451 1846 itera
474 1782 701 1868 Pythagorae
719 1780 919 1853 discrimine
942 1800 1040 1848 secta
1062 1784 1208 1853 bicorni:

78 1872 151 1938 ideo
169 1890 285 1935 ramos
298 1866 433 1931 Samios
448 1868 524 1931 dixit
538 1868 674 1932 Persius:
696 1890 768 1930 nam
779 1867 901 1939 Samius
917 1883 963 1933 est
978 1870 1076 1936 dictas
1094 1875 1148 1936 ille
1163 1896 1207 1938 sa-

79 1959 182 2044 piens,
204 1956 244 2019 de
259 1977 319 2041 quo
332 1958 400 2036 lege
413 1955 581 2017 Laertium:
605 1950 742 2015 diduxit
754 1952 957 2034 scribendmn,
970 1979 1035 2018 nou
1050 1955 1208 2023 deduxit:

82 2064 182 2126 neque
197 2043 280 2104 enim
295 2040 402 2103 Latina
416 2040 511 2101 oratio
528 2050 573 2101 est
586 2033 756 2100 deducere
773 2059 888 2100 ramos
905 2061 960 2125 pro
978 2040 1119 2107 dividere
1139 2047 1207 2109 etin

45 2118 50 2125 ’
80 2125 158 2190 duos
172 2124 302 2205 findere3
322 2126 355 2187 in
373 2125 415 2187 V.
433 2123 499 2204 [35]
521 2145 611 2203 vero,
636 2125 689 2187 ubi
709 2125 818 2187 iterum
831 2123 873 2186 ad
891 2126 971 2187 hauc
988 2131 1140 2195 acroasim
1153 2130 1208 2215 Py-

20 2274 23 2281 ,
80 2213 268 2294 thagoricam
282 2209 419 2273 alludens
433 2210 491 2273 ait:

169 2311 320 2399 Cumque
335 2310 404 2375 iter
417 2307 620 2399 ambiguum
635 2317 733 2374 estet
747 2310 840 2375 vitae
855 2309 989 2375 nescius
1006 2335 1116 2394 error,

75 2411 78 2416 ’
167 2394 324 2464 Deducit
340 2393 496 2483 trepidas
511 2418 652 2459 ramosa
669 2394 703 2460 in
720 2395 872 2483 compita
891 2408 1033 2468 mentes.

76 2501 141 2577 ,etsi
152 2499 262 2565 rectius
280 2499 406 2563 omnino
421 2500 567 2562 scribetur
579 2496 726 2577 diducit,
744 2513 845 2563 tamen
856 2505 978 2582 vulgata
989 2503 1081 2565 lectio
1096 2515 1207 2569 utcun-

76 2609 142 2674 ‚que
156 2586 226 2649 ferri
239 2580 358 2671 potest,
380 2604 473 2669 quam
491 2586 559 2648 heic
574 2606 637 2646 non
660 2587 769 2670 patitur
790 2587 943 2650 Latinitas.
987 2587 1033 2667 [E
1047 2592 1208 2655 vetustissi-

84 2673 144 2738 mis
163 2668 289 2757 quidcm
303 2668 401 2734 Cocld.
415 2670 571 2753 pauciores
591 2671 704 2731 habere
724 2670 864 2735 videntur
886 2670 1043 2751 diduxit3
1073 2675 1131 2739 secl
1146 2699 1208 2762 per-

84 2758 212 2843 mutatio
226 2756 329 2837 solita'3
350 2776 381 2820 v.
399 2751 503 2816 laudd.
520 2775 568 2839 ap.
586 2753 630 2817 Pt.
647 2766 677 2816 et
692 2756 804 2836 Web]

171 2855 378 2943 Surgentem
401 2851 523 2929 dentre
547 2854 754 2921 monstravit
773 2856 885 2922 limite
906 2857 1058 2943 callem]
1078 2862 1210 2937 Itnitatru

85 2940 247 3011 Vir‘um
284 2944 406 3010 iub:
599 3008 602 3014 .

73 3082 78 3089 .
143 2941 340 3095 glbsanim'a
355 2940 492 3092 virtutis
507 3023 671 3090 dextram
687 3025 756 3109 [sic]
767 3027 860 3115 petit
872 3027 985 3093 ardua
1000 3028 1144 3104 callem3

23 3147 27 3153 ·
87 3130 443 3217 uterquel‘ythagoricae
458 3129 586 3217 imagini
598 3128 637 3192 de
651 3132 743 3193 ramis
760 3134 863 3195 literae
875 3133 905 3195 Y
926 3135 1034 3196 miscet
1048 3132 1211 3205 doctrinam

89 3215 204 3280 eodem
217 3227 405 3301 spectantem
426 3214 465 3276 de
487 3215 600 3297 duplici
618 3215 684 3293 ria,
708 3219 790 3295 cujus
807 3229 911 3280 auctor
926 3220 1041 3304 primus
1061 3218 1211 3281 Hesiodus

90 3299 169 3381 [ἐργ.
190 3302 253 3365 2'85
267 3301 362 3384 sqq.],
385 3299 496 3362 deinde
518 3300 662 3363 Prodicus
684 3321 751 3362 cam
769 3304 865 3365 fusius
888 3316 951 3365 erat
969 3317 1159 3390 persecutus:
1177 3326 1211 3367 eo

91 3385 197 3449 alludit
207 3407 270 3448 vox
286 3381 396 3446 callis.
440 3386 546 3460 [Web.
562 3388 639 3448 benc
654 3388 751 3447 attulit
762 3390 820 3449 loc.
837 3387 947 3450 Isidori
966 3388 1111 3469 Origg.1,
1133 3412 1159 3453 c.
1179 3392 1212 3453 δι

94 3465 136 3534 Y
147 3466 287 3530 literam
304 3467 530 3554 Pythagoras
543 3467 680 3532 Samius
696 3469 746 3532 ad
762 3472 959 3556 exemplum
976 3472 1070 3537 vitae
1091 3478 1215 3537 buma-

94 3574 160 3619 nae
185 3552 318 3637 primm
333 3549 521 3640 formarit,
553 3553 652 3637 cujus
676 3555 819 3642 virgula
843 3555 1009 3620 subterior
1036 3552 1214 3649 significat

92 3637 247 3728 primam
264 3647 435 3715 aetatem,
457 3637 627 3701 incertam
646 3640 769 3727 quippe
793 3651 828 3704 et
853 3663 939 3726 quae
964 3641 1081 3709 adbuc
1099 3666 1135 3707 se
1157 3663 1214 3709 neo

76 3722 195 3792 -vitiir
208 3745 270 3787 nec
286 3722 467 3789 virtutibus
484 3721 590 3788 dedit.
623 3723 771 3790 Bivium
794 3736 914 3790 autem
935 3726 1027 3814 quod
1048 3739 1214 3815 superest,

82 3807 389 3873 ·-ab·adalesaentia
407 3807 548 3894 incipit.-
570 3809 667 3893 cujus
683 3809 826 3874 dextera
836 3835 924 3896 pare
938 3812 1051 3877 ardua
1067 3824 1136 3887 est,
1158 3812 1218 3877 sed

98 3894 149 3959 ad
162 3893 274 3957 tritam
290 3894 479 3957 bumanam
493 3893 654 3972 tendens3
675 3896 818 3960 sinistra
825 3896 992 3987 facilior,
1013 3898 1077 3962 sed
1097 3897 1147 3962 ad
1161 3902 1216 3962 la·

80 3978 437 4067 ,beminteritumque
462 3978 696 4045 deducens.
747 3982 803 4046 De
825 4006 892 4068 qua
914 3982 964 4046 ric
986 3987 1037 4047 ait
1057 3984 1215 4051 Persius:

78 4062 185 4131 --Eot
200 4088 230 4152 q.
244 4063 277 4130 S.
297 4063 441 4128 deduxit
464 4068 561 4128 cett.“
610 4067 674 4130 Sed
693 4069 776 4154 quod
791 4068 875 4132 idem
897 4068 1033 4133 defendit
1056 4072 1217 4135 lectionem

98 4147 189 4231 cled,
209 4173 325 4237 paucos
336 4152 469 4235 inveniet
487 4153 730 4234 consentientes]
763 4206 766 4214 .
794 4208 797 4213 .

92 4278 96 4285 ¹
158 4263 164 4295 ²
185 4255 237 4319 68.
258 4248 383 4315 Stertie
399 4249 557 4333 adtraat]
579 4251 643 4332 Tu,
663 4256 716 4339 qui
724 4255 941 4341 philosophiae
956 4255 1076 4343 pridem
1095 4279 1218 4342 operam

100 4332 178 4419 clad,¹
194 4356 247 4400 aar
261 4338 474 4426 philosophice
484 4338 660 4406 nonvivis?
681 4358 744 4402 non
754 4340 960 4423 vivistautem,
982 4343 1034 4428 qui
1047 4363 1159 4405 somno
1172 4345 1218 4404 in-
