2700 4972
358 332 421 398 ln
446 294 624 401 ‘rursu
658 330 879 412 sermm
912 332 953 399 v.
1184 340 1250 405 aa

673 462 680 490 t

109 524 200 577 rom,
217 509 315 567 rotae
339 524 406 567 uon
434 502 717 581 contradictor,
742 502 808 567 red
833 512 1001 592 tymporm
1023 505 1248 574 cohaerentia

94 584 174 652 'axi
190 589 358 691 cajani-ta
379 587 642 675 cootboserreo.
687 592 830 655 Meminit
852 594 954 653 canthi
975 595 1067 657 etiam
1087 594 1127 657 B.
1142 597 1247 677 Augu-

107 678 207 741 stinus
221 699 254 737 1n
269 678 321 739 lib.
338 674 389 739 De
407 699 479 741 vcra
498 679 662 757 religione,
686 676 824 756 ejusdem
842 679 937 741 verba
958 681 1078 741 suntin
1099 680 1177 743 libro
1195 682 1245 745 De

108 761 265 847 principiis
283 760 473 826 dialecticae:
496 762 555 825 via
579 761 751 825 dicituro
770 760 878 848 flexu,
903 764 984 848 quia
996 761 1135 851 flexum
1151 766 1246 831 velut

109 846 293 910 incurvum
308 846 439 911 vietum
455 857 589 910 veteres
605 845 782 911 dixerunt:
803 846 893 910 undo
906 848 1030 920 vietor,
1055 849 1147 936 qood
1160 873 1246 915 cao-

108 928 167 995 tho
183 931 402 1006 ambiantur,
428 944 585 996 rotarum
601 932 701 1019 ligno
720 944 858 997 vocant:
883 934 1049 1015 legendum
1071 948 1131 1001 est:
1154 936 1244 1001 nude

106 1016 216 1082 vitos:
235 1040 309 1081 nam
328 1019 428 1082 Latini
446 1016 572 1083 canthos
595 1024 688 1082 etiam
704 1018 789 1082 vitos
809 1019 962 1100 dixerunt,
987 1045 1065 1106 quae
1081 1014 1146 1086 'vox
1163 1025 1245 1111 apud

106 1104 243 1168 lllarium
262 1105 456 1167 Victorinum
483 1117 565 1167 extat
592 1117 622 1167 et
650 1108 735 1167 alios.
791 1102 937 1170 Glossac:
965 1106 1244 1193 norwagcpoxoti,

106 1210 209 1255 urus:
230 1191 328 1253 scribe
351 1213 421 1253 cum
438 1212 552 1271 magno
574 1190 727 1270 Scaligcro
748 1190 851 1275 [Epist
868 1189 1112 1272 cccxxxlll]
1132 1193 1244 1257 vitos:

106 1296 124 1337 a
133 1278 188 1343 ,ria
203 1276 295 1354 vitus,
316 1288 350 1337 ut
362 1276 493 1339 ostendit
504 1276 704 1356 Augustinus:
726 1279 778 1364 qui
791 1288 895 1339 tamen
915 1279 993 1341 inter
1005 1280 1104 1343 titum
1126 1292 1156 1343 et
1172 1303 1244 1344 can-

104 1360 379 1449 thumdiscrimen
392 1363 473 1423 tacit.
514 1360 650 1426 Isidorus
672 1385 746 1427 vero
776 1364 943 1449 quamlibet
961 1368 1077 1428 facetus
1099 1377 1161 1445 est,
1192 1368 1244 1452 qui

107 1456 247 1509 centum
258 1458 371 1510 vocem
384 1447 501 1511 derivat
521 1470 539 1510 a
560 1450 671 1510 cantho
694 1450 761 1513 sive
778 1459 883 1511 canto:
906 1470 979 1512 nam
1000 1463 1129 1537 utroque
1144 1453 1241 1515 modo
1294 1482 1303 1507 ι

104 1534 252 1619 scriptum
274 1534 414 1596 invenias
433 1532 484 1613 [de
496 1556 555 1619 qua
569 1556 602 1596 re
616 1556 648 1596 v.
664 1534 709 1597 l‘l.
722 1556 754 1619 p.
770 1533 854 1614 407]¹
943 1582 947 1602 .

191 1622 244 1683 73.
265 1616 459 1685 Libertate,
471 1639 555 1705 opus
576 1616 648 1699 est]
676 1622 755 1682 Heic
775 1623 839 1698 jam
858 1619 964 1706 incipit
973 1619 1075 1683 'Stoici
1095 1622 1243 1709 paradoxi

104 1705 259 1782 tractatio,
273 1706 393 1789 'estque
415 1704 512 1768 aditus
534 1705 573 1767 ad
594 1708 674 1767 hanc
693 1705 932 1791 disputationem
952 1708 1024 1769 satis
1044 1730 1189 1794 praeceps
1211 1722 1242 1772 et

103 1792 260 1875 abruptus.
308 1789 476 1855 Possumus
496 1804 600 1853 tamen
620 1793 700 1852 hanc
722 1803 841 1877 partem
861 1812 931 1853 cum
953 1813 988 1865 su
1011 1796 1108 1856 eriore
1127 1816 1242 1857 conne-

104 1887 184 1938 ctere
198 1874 381 1939 istomodo:
405 1898 474 1938 cum
494 1880 663 1939 hortaretur
673 1876 794 1940 Persius
813 1880 940 1956 juvenes
959 1813 1008 1939 acl
1018 1877 1118 1941 studia
1137 1882 1241 1964 philo-

102 1962 251 2047 sophiae,
266 1963 376 2025 -lentos
401 1974 433 2024 et
451 1964 718 2049 procrastinatores
741 1974 884 2049 expertus
909 1975 979 2025 ante
996 1967 1100 2027 omnia
1123 1967 1293 2047 vitiumtog

102 2046 178 2109 illud
198 2048 307 2109 tollere
325 2047 794 2134 conatur'admonitionibusque
820 2049 883 2111 suis
902 2050 1038 2127 efficere,
1064 2062 1099 2111 ut
1122 2053 1240 2114 sublata

104 2133 189 2195 onlni
200 2154 290 2195 mora
301 2135 457 2213 accingere
472 2155 540 2196 sese
559 2146 623 2196 tam
638 2136 770 2197 honesto
789 2135 912 2218 incepto
931 2135 1054 2197 vellent.
1097 2134 1152 2198 Es't
1164 2157 1240 2201 veru

101 2218 153 2281 illa
168 2220 286 2303 optima
301 2222 428 2281 morbos
445 2218 570 2281 curandi
592 2221 686 2298 ratio,
709 2240 780 2281 cum
804 2240 929 2281 caussae
947 2220 1033 2306 ipsae
1053 2222 1155 2284 morbi
1173 2220 1240 2283 adi-

102 2316 239 2366 muntur:
260 2303 343 2389 quod
356 2316 460 2367 noster
472 2307 523 2367 hic
537 2307 619 2368 facit.
661 2302 826 2382 Quaenam
836 2304 927 2385 igitur
947 2326 1052 2368 caussa
1068 2308 1160 2386 hujus
1171 2328 1239 2370 ces-

99 2391 251 2455 sationis?
274 2389 355 2475 quod
373 2393 486 2453 assueti
503 2392 565 2452 otio
584 2402 615 2453 et
634 2391 785 2469 luxuriae,
815 2401 849 2451 ut
867 2391 948 2453 vitae
969 2403 1240 2471 genusmutarent

102 2487 133 2547 et
150 2475 270 2553 deliciis
289 2479 370 2538 bona
388 2476 691 2554 fiderenuntiarent,
720 2477 884 2562 impetrare
908 2497 926 2537 a
950 2496 985 2538 se
1004 2499 1068 2538 non
1089 2490 1239 2563 poterant.

103 2558 316 2639 Quamobrem
329 2574 554 2647 peropportune
569 2561 689 2625 Persius
704 2584 743 2624 ex
761 2562 917 2647 superiore
936 2583 1080 2626 sermone
1100 2564 1134 2625 in
1157 2565 1239 2625 hunc

102 2645 267 2710 delabitur:
290 2668 352 2731 quo
366 2646 575 2710 adolescentes
589 2649 718 2709 minime
733 2651 832 2710 malos
845 2648 929 2710 viam
943 2646 1048 2727 docet,
1071 2670 1130 2735 qua
1150 2650 1239 2711 lacile

103 2744 132 2795 et
153 2744 221 2796 tuto
241 2733 394 2818 perveniri
413 2756 450 2795 eo
469 2734 580 2818 possit,
606 2755 667 2818 quo
688 2735 814 2796 volebat
830 2734 901 2795 illos
928 2730 1039 2796 ducere
1062 2755 1162 2819 neque
1179 2735 1240 2821 ipsi
1281 2774 1283 2783 ,

102 2817 340 2881 nolebantducr'.
382 2817 429 2881 Ea
449 2822 501 2882 via
521 2830 583 2897 est,
604 2830 638 2879 ut
651 2818 808 2881 vindicent
826 2839 895 2881 sese
915 2820 998 2904 prius
1017 2820 1048 2881 in
1068 2820 1239 2883 libertatem
1285 2851 1290 2865 ·

103 2916 131 2967 et
142 2904 290 2987 miseram
302 2904 447 2967 vitiorum
462 2906 647 2981 servitutem,
662 2926 740 2989 quae
756 2925 861 2967 caussa
872 2917 935 2967 erat
948 2906 1057 2967 harum
1071 2926 1238 2984 morarum,

103 2991 202 3053 statim
218 2992 410 3075 abrumpant.
452 2991 539 3053 Haec
559 3001 605 3055 est
626 2991 678 3053 illa
694 2992 847 3075 purgatio,
870 3011 963 3074 quam
976 2992 1114 3077 superius
1127 2991 1238 3052 innue-

102 3076 151 3139 bat
167 3076 373 3139 necessan‘am
391 3078 476 3162 prius
497 3097 590 3161 quam
610 3079 698 3156 fruge
720 3074 886 3138 Cleanthea
903 3078 1053 3155 juvenum
1078 3096 1165 3138 aures
1188 3076 1237 3137 in-

101 3156 287 3225 serer‘entur:
315 3182 444 3248 eamque
464 3163 614 3247 optimam
638 3183 706 3224 esse
729 3160 861 3224 docendi
880 3163 1030 3223 rationem
1046 3162 1091 3223 ibi
1107 3161 1237 3223 notaba-
1318 3179 1322 3183 ·

77 3270 82 3279 ·
101 3267 178 3311 mus.
222 3245 294 3309 Jam
308 3268 380 3326 ergo
394 3249 546 3311 habemus
559 3269 673 3309 nexum
691 3249 781 3326 hujus
798 3246 1007 3330 disputationis
1027 3257 1057 3309 et
1066 3247 1154 3309 illum
1168 3245 1237 3331 qui-

101 3331 173 3413 dem
193 3330 399 3411 meoiudicio
421 3334 620 3419 aptissimum.
664 3332 759 3396 Porro
780 3331 919 3395 Stoicum
937 3330 1146 3418 paradoxum,
1173 3354 1235 3418 quo

99 3417 135 3482 de
149 3419 226 3481 heic
239 3419 349 3499 agitur,
372 3440 409 3481 ea
430 3421 595 3499 elegantia,
619 3440 655 3480 ea
677 3430 739 3480 arte
760 3420 925 3503 explicatur
946 3439 964 3480 a
984 3418 1092 3504 polita,
1114 3429 1149 3480 ut
1161 3439 1235 3504 pro-

97 3506 238 3567 nuntiare
255 3516 329 3565 ‘non
350 3504 459 3568 verear
480 3526 580 3587 neque
601 3504 721 3566 Horatii
745 3524 922 3567 sermonem
951 3502 1094 3585 (πολλοῦ
1119 3501 1236 3585 γεκαὶ

96 3588 182 3672 δεῖ),
204 3588 261 3653 sed
275 3610 333 3651 nec
345 3588 499 3653 Ciceronis
518 3591 679 3653 diatribam
698 3589 838 3669 ejusdem
857 3589 1027 3670 argumenti
1049 3588 1167 3670 [Parad.
1180 3588 1233 3668 V.]

95 3670 269 3763 comparari
288 3696 358 3737 cum
378 3674 589 3749 dissertmion'e
609 3677 667 3737 hac
683 3675 779 3739 Persii
797 3678 860 3738 ullo
885 3674 982 3738 modo
1003 3696 1112 3761 posse,
1133 3695 1234 3758 neque

91 3765 188 3827 ullius
201 3772 277 3824 etot
289 3762 452 3841 veteribus,
493 3765 525 3824 ui
540 3760 675 3824 eundem
690 3762 793 3823 locum
808 3762 841 3823 in
855 3762 918 3824 suis
932 3760 1048 3846 scriptis
1064 3761 1233 3840 attigerunt,

88 3851 261 3936 quicquam
275 3858 386 3927 extare,
406 3868 448 3933 qu
503 3859 657 3910 mereatur
668 3868 738 3908 cum
750 3848 807 3909 ista
818 3859 903 3932 parte
916 3848 1006 3927 hujus
1018 3844 1135 3910 Satirae
1145 3867 1235 3907 com-

113 3935 181 4012 oni,
202 3931 320 3995 nedum
335 3934 489 4019 anteponi.
523 3932 718 3996 Paradoxum
730 3934 791 3993 hoc
808 3942 872 3995 est:
894 3926 946 3995 ὅτι
959 3926 1065 4012 μόνος
1082 3925 1102 3994 ὁ
1116 3927 1223 4014 σοφός
1232 3945 1285 4004 4oe

87 3954 288 4100 laetaturos·
312 4016 347 4083 ol
364 4014 401 4083 db
415 4020 541 4101 φαῦλοι
555 4018 689 4082 dotitot:
710 4014 828 4079 Solum
842 4018 1036 4102 sapientem
1050 4037 1123 4078 esse
1142 4015 1232 4080 libe-

87 4125 196 4170 rum:
218 4102 334 4167 motor
348 4123 480 4167 servos.-
506 4106 548 4166 ite
569 4105 737 4189 concipitur
754 4101 836 4189 apud
859 4103 1015 4167 La'e'rtium
1035 4101 1118 4184 [vlt
1138 4110 1167 4181 1,
1180 4103 1232 4180 64,

86 4215 118 4258 s.
143 4192 229 4270 1211,
256 4192 361 4275 paullo
384 4191 470 4252 aliter
490 4189 571 4275 apud
593 4191 688 4251 alios:
719 4184 776 4251 καὶ
790 4183 842 4252 ὅτι
862 4191 928 4264 πᾶς
949 4183 1071 4273 ἄφρων
1091 4188 1232 4263 duitor:

85 4300 175 4353 nam,
187 4272 356 4359 incutiens
373 4276 477 4338 minus
493 4286 540 4338 est
559 4296 651 4361 quam
666 4270 797 4348 molum
819 4275 891 4336 abbi
907 4277 965 4341 sic:
987 4269 1155 4347 adunardi
1168 4293 1233 4355 μω·
1328 4302 1331 4307 >

86 4362 152 4447 pol
165 4362 303 4441 δοῦλοι,
326 4380 443 4423 omues
460 4358 562 4423 stulti
575 4356 683 4436 cervi,
706 4381 745 4422 ex
758 4361 811 4421 illo
832 4361 926 4423 altero
943 4360 1049 4423 Stoico
1065 4356 1233 4444 paradoxo,

88 4472 158 4538 quo
169 4458 293 4537 praeter
302 4468 400 4511 unum
411 4447 582 4532 sapientem
602 4457 744 4509 caeteros
758 4466 868 4509 omnes
879 4448 987 4511 stultos
1002 4456 1093 4530 atque
1106 4442 1232 4509 insanos
