2700 4972
343 339 406 408 au
428 336 595 409 raasn
620 315 891 409 serranus
929 343 932 348 ·
974 306 997 469 ’κ
1141 349 1186 415 ss

68 556 85 597 ,-
122 512 259 589 tofEc
277 504 412 596 [Goddr
435 511 501 596 Ae]
531 511 670 593 nncffius
689 498 840 602 sodates
861 534 1076 618 quoscunque
1096 514 1233 593 νοω)
1267 494 1271 502 ’

67 597 122 680 ia]
144 596 221 681 Non
239 612 401 665 contentus
438 602 508 663 oi'ta
525 600 822 687 simpliciterdicere
843 614 940 668 vitum
956 605 1040 666 male
1059 606 1098 668 ab
1114 605 1181 670 istis

67 686 203 752 allocatis
225 688 359 775 amplius
377 685 416 749 ad
440 689 477 766 't,
498 698 610 766 totam,
638 707 657 750 a
679 689 846 751 carceribus
870 688 911 752 ad
932 701 1067 773 metam3
1096 689 1181 775 quod

67 794 104 836 se
117 771 263 854 designat
281 785 417 836 extrema
433 774 514 836 illius
532 794 652 858 ponens
667 772 906 837 adolescentiam
924 788 956 838 et
970 784 1181 839 senectutem:

67 857 200 928 mitiss,
226 880 320 945 quam
339 861 440 945 priore
459 861 530 921 loco
550 860 724 923 nominavit
749 861 826 945 [per]
848 854 993 944 ὕστερον
1013 855 1180 942 πρότερον

67 943 245 1033 'pessaria
257 956 425 1010 extremam
441 945 546 1007 aetatis
562 947 697 1025 tegulam
712 946 782 1008 heic
796 945 936 1026 denotat3
962 947 1019 1010 etsi
1031 969 1095 1010 non
1109 970 1177 1011 raro

67 1029 162 1110 ecidit,
187 1042 224 1092 ut
245 1034 393 1110 juvenes,
422 1028 576 1101 interdum
598 1032 692 1094 etiam
709 1043 744 1093 ut
763 1031 973 1096 adolescentes
995 1033 1071 1095 fiant
1092 1036 1179 1099 canit

67 1114 173 1178 dimus
186 1136 247 1179 nos
259 1128 291 1179 et
302 1119 408 1181 vivere
421 1118 544 1195 scimus,
565 1118 618 1202 qui
630 1119 662 1178 in
676 1118 777 1203 priore
790 1116 995 1181 adolescentia
1008 1121 1179 1187 canuerint:
1285 1154 1289 1161 ¹

67 1202 134 1264 rilia
147 1198 252 1265 studia
267 1212 298 1265 et
310 1202 471 1266 transitum
485 1224 503 1265 a
515 1203 681 1289 puerilibus
695 1205 785 1284 nugis
806 1202 846 1266 ad
860 1204 997 1268 virorum
1017 1227 1102 1269 carras
1119 1208 1180 1268 hac
1236 1212 1239 1219 '

67 1287 208 1373 atiphrasi
219 1289 385 1375 expressit:
402 1287 738 1368 etnueibussecimas
748 1290 961 1378 quaecunque
974 1288 1110 1363 relictis.
1120 1291 1177 1372 [V.
1195 1293 1229 1350 51

67 1370 141 1436 ldita
160 1372 202 1436 ad
219 1372 360 1460 praeced.
375 1372 538 1439 nob-Est:
557 1396 636 1522 puae
650 1386 756 1437 exacta
775 1377 904 1462 pueritia
924 1377 1053 1440 facimus
1072 1376 1179 1441 tamen

67 1460 165 1543 rerilia
180 1471 213 1522 et
225 1461 335 1546 turpia,
359 1462 500 1549 quamvis
517 1482 555 1523 eo
578 1482 629 1522 em
640 1473 785 1546 tempore.
792 1474 915 1547 patruos
928 1463 1084 1548 sapiamus
1101 1474 1132 1527 et
1144 1465 1179 1527 in
1240 1503 1243 1507 Δ
1274 1509 1276 1515 -

67 1545 110 1608 ios
124 1547 293 1627 agamus]
306 1545 389 1608 Inter
400 1567 567 1631 puerorum
582 1549 805 1610 oblectamenta
818 1560 889 1610 sunt
909 1570 1022 1615 nuces:
1042 1551 1077 1611 in
1091 1570 1179 1613 com-

67 1632 192 1705 entariis
207 1629 420 1695 Rabbinorum
431 1634 533 1712 legere
547 1633 692 1713 memini,
712 1634 938 1720 patrisfamilias
954 1635 1094 1699 officium
1109 1657 1179 1700 esse

67 1736 85 1779 e
107 1719 193 1781 festa
213 1719 372 1781 hilaratatrs
398 1729 599 1781 msuumenta
626 1716 802 1782 domesticis
831 1720 895 1782 suis
922 1724 1087 1805 praebere,
1118 1744 1178 1808 pro

67 1805 182 1888 imque
218 1824 346 1867 ersona:
366 1804 474 1889 pueris
483 1826 558 1868 vero
570 1806 712 1883 jubentur
726 1804 793 1866 dari
807 1818 929 1867 maturo
950 1821 1073 1867 osirim
1095 1803 1179 1888 aad?
1199 1850 1202 1860 ,

67 1884 194 1975 stygiis
233 1902 262 1962 ε’,
281 1910 401 1975 poma,
427 1912 548 1967 uticem
567 1890 674 1976 prima·
688 1889 781 1953 dictio
801 1893 898 1953 multa
925 1891 1091 1972 significat:
1119 1891 1197 1964 sed,

67 1977 163 2039 toties.
182 1990 256 2037 cum
275 1988 385 2036 malie
406 1979 578 2056 ¹junguntur
606 1970 704 2055 calibs
732 1974 946 2062 amygdalae
971 1968 1180 2059 intelliguntur

67 2070 85 2121 li
112 2061 193 2125 alins
223 2063 340 2124 fructus
363 2060 443 2123 unt
468 2062 603 2126 corticis:
636 2061 783 2126 ludebant
809 2064 898 2148 pueri
924 2065 1055 2127 nucibus
1084 2065 1178 2129 variis

67 2144 147 2226 odisg
164 2166 301 2233 quorum
321 2149 462 2209 nonnulli
481 2147 637 2233 hodieque
656 2149 759 2234 pueris
778 2148 812 2211 iu
827 2169 896 2223 usu,
917 2161 951 2210 ut
970 2171 1042 2212 cum
1061 2149 1096 2212 in
1115 2172 1178 2253 py-
1243 2168 1247 2183 ²

67 2231 187 2295 midem
211 2244 342 2319 quatuor
373 2256 468 2296 nuces
494 2246 689 2314 extruuntur3
723 2255 816 2320 quam
851 2235 1005 2298 lusionem
1034 2234 1182 2301 lambit
1238 2277 1240 2289 ι

67 2319 132 2381 ailo¹
144 2316 179 2381 in
197 2318 409 2404 Kodposcosiqe
432 2320 475 2405 [p.
495 2325 534 2384 10
549 2319 589 2382 Ι).
603 2320 652 2384 ed.
674 2326 766 2387 1691.
787 2319 897 2400 Frcf.];
918 2321 952 2382 in
971 2321 1106 2384 carmine
1120 2343 1178 2386 re-
1267 2397 1270 2405 Ι

67 2405 91 2491 ri
109 2400 156 2468 de
177 2426 262 2488 noce
278 2418 314 2493 Ket
334 2403 414 2467 hanc
434 2407 532 2469 habes
554 2419 585 2470 et
604 2407 681 2470 alios
702 2408 816 2469 multos
837 2405 960 2469 modos.
1003 2406 1179 2493 Apud¹Lu-
1286 2396 1290 2412 ’

67 2510 157 2553 tuum
186 2491 220 2553 in
243 2490 505 2563 Cronosolonibus
537 2490 652 2575 [§.17]
683 2486 824 2573 καρύοις
847 2505 879 2555 et
905 2496 1040 2568 πεσσοῖς
1067 2491 1178 2557 ludunt
1263 2514 1265 2521 ·

67 2576 107 2641 ti:
135 2575 221 2663 quod
249 2576 288 2640 de
314 2598 377 2640 una
404 2579 506 2641 secie
533 2580 661 2642 lusionis
687 2577 901 2665 accipiendum
932 2600 1017 2658 esse,
1042 2601 1108 2643 non
1136 2579 1178 2643 de

67 2664 170 2742 abus,
192 2664 350 2749 sequentia
363 2599 509 2744 suadent,
530 2661 699 2729 πεττεύειν
720 2658 947 2745 inclausione
975 2666 1097 2728 calculis
1117 2666 1178 2746 igi-

67 2747 266 2829 eludebant,
296 2748 354 2813 sed
374 2770 469 2812 nuces
490 2763 577 2813 erant
596 2751 768 2838 praemium
790 2751 957 2831 vincentis3
984 2751 1053 2837 ipse
1071 2751 1177 2832 Augu-

67 2854 94 2897 ιε
113 2854 189 2897 cum
208 2835 311 2922 pueris
331 2835 457 2898 minutis
475 2838 605 2901 nucibus
625 2859 661 2900 ac
682 2838 752 2900 talis
771 2834 905 2915 ludebat,
926 2839 1076 2899 referente
1095 2836 1178 2900 Sue-

67 2920 117 2983 nio
139 2924 181 2997 [cs
195 2918 267 3001 dil:
289 2920 374 3007 quod
393 2922 492 3002 magis
512 2923 609 2986 miror
628 2944 720 3009 quarn
742 2921 826 3007 quod
846 2924 917 3004 lego
939 2922 1022 3008 apud
1035 2922 1177 2986 Nicetam

67 3006 219 3076 sonistem
238 3008 380 3071 Alexium
399 3008 617 3094 imperatorem
637 3007 900 3088 subvertentes:
927 3029 1002 3070 nam
1023 3019 1054 3071 et
1074 3030 1177 3094 poene

67 3114 109 3155 rer
134 3092 195 3157 iste
221 3098 285 3156 erat
311 3105 348 3171 et
368 3106 523 3179 praeterea
552 3092 736 3173 Graeculus3
770 3105 802 3156 at
828 3113 995 3181 puerorum
1021 3095 1175 3157 lusionem

67 3179 136 3259 isse,
152 3200 224 3241 non
243 3179 389 3257 virorum,
411 3191 443 3242 et
457 3179 574 3242 Seneca
596 3180 687 3244 docet
699 3179 750 3242 De
763 3180 978 3265 tranquillitate
997 3179 1081 3242 vitae
1094 3181 1175 3243 libro

92 3284 162 3353 cap.
187 3271 237 3331 12.
254 3276 290 3328 et
300 3264 422 3328 Persius
445 3268 533 3344 clare,
555 3267 608 3352 qui
629 3286 729 3330 nrioes
744 3262 935 3352 relinquere
952 3263 1029 3327 dixit
1048 3287 1104 3351 pro
1126 3266 1175 3330 tir

67 3352 94 3414 ri
117 3362 151 3414 et
170 3351 270 3414 virilia
291 3352 415 3431 negotia
438 3373 613 3438 capessere3
642 3351 838 3415 Ptolemaeus
870 3351 903 3413 in
924 3349 982 3414 IV.
1004 3348 1174 3416 Tetrabibli

67 3446 122 3499 cat
141 3429 326 3519 μετάβασιν
355 3430 423 3522 tired
446 3441 514 3501 cciv
541 3438 753 3519 παιγνιωδῶν
779 3434 837 3501 ssi
858 3429 1095 3501 iauraocucoiv
1116 3435 1174 3502 eci

67 3525 189 3587 αστῶν
209 3522 333 3598 (malim
346 3517 535 3598 (issidorus)
563 3518 809 3609 ἁμαρτημάτων
827 3519 893 3587 tet*
901 3517 940 3585 τὸ
955 3519 1176 3604 προσεκτικόν

67 3604 84 3672 i
114 3605 264 3692 αἰδῆμον
288 3606 345 3672 scal
373 3605 587 3691 φιλότιμον..
615 3610 811 3674 Translatum
836 3630 856 3672 a
882 3609 985 3695 pueris
1014 3610 1173 3673 calamitis.

67 3695 157 3760 rrius
186 3694 239 3774 [ad
259 3693 323 3759 Ecl.
344 3694 438 3775 VllI,
461 3696 531 3775 301:
563 3696 733 3761 meritorii
744 3692 866 3780 pueri,
897 3689 1013 3780 quibus
1035 3693 1173 3759 scema
1188 3711 1225 3766 52

67 3778 215 3845 eliaam
233 3779 385 3868 antiqui,
408 3781 600 3846 recedentes
624 3805 648 3845 a
669 3781 766 3870 turpi
786 3777 928 3845 servitio
949 3802 1050 3844 nuces
1071 3802 1174 3867 spar-

67 3865 169 3931 bont.
208 3865 344 3930 Catullus
367 3866 465 3948 [LXL
489 3872 547 3933 131
573 3870 668 3955 sqq.]=
760 3924 762 3929 .

114 3951 180 4016 Da
202 3974 301 4017 nuces
312 3954 449 4039 pueris,
471 3952 564 4018 iners

115 4037 330 4102 concubine.-
357 4037 441 4100 saiis
463 4037 523 4104 diu

115 4123 253 4189 Lusisti
273 4121 420 4187 nucibus.

67 4232 101 4273 rn
121 4210 273 4273 dissimile
299 4209 376 4271 illud
397 4209 556 4290 Augindni
583 4209 684 4296 primo
707 4206 961 4273 Confessionumr
989 4231 1013 4272 a
1026 4207 1173 4275 ,nucibm

72 4295 195 4383 pilulis
213 4304 243 4360 el
254 4293 455 4381 passeribus
473 4294 522 4358 ael
537 4293 732 4381 praefectos
747 4304 782 4358 ei
805 4315 903 4380 reges
923 4292 1085 4359 transire.

118 4386 170 4448 11.
195 4378 282 4445 Cum
302 4380 456 4466 sapimus
467 4383 636 4468 patruos]
667 4378 736 4444 Viri
762 4382 864 4445 severi
892 4381 1058 4444 exisdmari
1080 4384 1173 4444 rolu-

67 4486 117 4532 usa
135 4476 288 4571 patruus
310 4477 344 4530 et
364 4474 458 4532 teror
481 4486 580 4554 saepe
598 4467 686 4532 idem
706 4478 818 4532 sonent
834 4486 875 4528 ac
892 4467 993 4546 gravis
1013 4486 1122 4530 cemos
1140 4479 1175 4531 et
