2700 4972
172 320 239 389 aar
397 268 400 289 '
541 313 947 387 conanum-mas

259 484 316 553 De
327 495 434 576 gente
445 485 590 554 trimano
607 486 864 569 centurionum]
892 487 944 553 De
961 510 1095 553 numero
1115 488 1289 579 eommflfi
1323 532 1331 573 ς

174 576 272 639 cultus
293 577 433 654 neglectu
456 577 584 656 gloriam
598 574 739 641 'virorum
760 574 885 639 fortium
904 587 936 639 et
954 577 1135 639 militarium
1153 578 1289 657 attedm3
1324 594 1331 660 ¹,

174 657 392 730 centuriones
405 663 537 748 appellat
547 663 631 725 aros
643 662 803 742 militares3
824 656 1001 725 tzircosam
1011 669 1160 749 gentem
1173 662 1289 725 nouiuu
1323 698 1331 746 p

173 746 313 809 illuviem
327 766 435 811 eorum
449 758 479 811 et
493 742 686 829 δυσχέρειαν
697 757 825 825 notans,
846 748 997 832 quoniam
1027 748 1059 808 ui
1074 747 1287 827 centurionatus,
1324 790 1331 829 ς

134 866 147 895 ,ι
163 831 341 913 tribunatus
359 832 634 896 etatiosmititares
645 834 731 895 locos
747 834 936 912 ambiebant,
956 832 1000 894 ita
1045 854 1140 897 omae
1156 834 1286 901 sintne
1325 854 1331 914 t

171 915 330 983 Juvenuis
351 915 543 983 sauraxlv
563 917 636 997 [193
651 915 746 1001 sqq.]:
1131 964 1136 971 -
1325 944 1331 999 ί·

494 1020 496 1029 ·
690 999 800 1067 vitem
815 1022 918 1089 posce
938 997 1078 1078 tibrum
1324 1047 1331 1086 2

258 1081 332 1149 Sed
344 1094 448 1171 caput
463 1083 633 1151 intactum
647 1082 736 1149 burro
755 1108 924 1174 naresque
941 1085 1079 1174 pilosas

257 1169 412 1237 Adnotet
427 1180 462 1235 et
499 1170 625 1235 raadee
641 1171 788 1237 miretur
804 1170 953 1237 Laeliae
966 1171 1084 1235 atae.-
1116 1216 1138 1247 ,·

154 1254 257 1321 idem
292 1257 362 1321 oita
383 1193 529 1339 alibiitl,
546 1258 616 1339 11]=
1131 1326 1134 1333 ,
1232 1284 1243 1339 '.
1324 1296 1331 1343 p

145 1360 147 1364 ·
257 1280 414 1428 iiispido
431 1340 588 1428 membra
606 1339 793 1429 qaidem‘et
810 1338 921 1407 durae
936 1361 1003 1429 per
1023 1338 1177 1415 brachiu
1190 1350 1273 1407 setae
1325 1390 1331 1427 ς

257 1426 472 1494 Promittant
491 1426 646 1493 atrocem
665 1426 834 1491 animum.
1229 1442 1232 1447 ·
1324 1474 1331 1514 Ε

171 1534 214 1579 ex
231 1514 320 1579 hisa
363 1525 443 1593 aret,
458 1537 518 1577 sur
539 1512 715 1579 trirroeam
741 1521 887 1601 gentem
911 1512 1148 1597 istosappellet
1170 1510 1285 1577 Persiu:

144 1652 147 1657 .
171 1619 247 1662 nam
262 1621 335 1681 gran
357 1622 390 1664 es
403 1602 466 1663 elas
479 1601 678 1663 lrircussolet
692 1601 845 1680 corniton,
866 1611 900 1663 ut
923 1609 954 1663 et
972 1599 1074 1661 omnis
1084 1598 1286 1663 habatnitieint
1324 1622 1331 1685 p

60 1740 67 1753 .
171 1677 333 1763 ἀλουσίας
350 1706 455 1751 comes
466 1706 587 1772 semper
600 1697 664 1749 erat
678 1684 846 1751 ᾶοοωδίοε
865 1705 964 1769 neque
977 1684 1118 1763 restringi
1142 1680 1285 1747 debetrox
1324 1724 1331 1770 p

172 1765 312 1835 hircosa
325 1769 365 1834 ad
380 1773 457 1835 hirci
471 1773 632 1847 foetorem,
656 1792 833 1857 resumpto
847 1771 957 1855 quovis
977 1769 1037 1831 alio
1058 1768 1158 1831 odore
1176 1781 1247 1831 tetro
1258 1788 1285 1831 u
1325 1818 1331 1845 ,

172 1876 210 1919 ee
236 1879 329 1943 quam
355 1857 488 1920 diximus
518 1878 626 1921 caussa
650 1858 789 1940 γευτκοῖς
817 1853 1045 1941 accipiendum3
1080 1854 1126 1917 sic
1150 1846 1286 1937 potitore
1325 1848 1331 1943 p

58 1932 64 1949 ¹
172 1937 400 2015 Graecidicunt
416 1964 568 2005 nonnum
580 1944 697 2022 solum,
718 1944 770 2026 qui
785 1936 929 2024 γράσον,
950 1938 984 2000 id
997 1949 1043 2001 est
1056 1938 1197 2015 hircum,
1216 1942 1285 2017 otest,
1325 1988 1331 2029 Ι

171 2024 229 2090 sed
242 2028 383 2113 quemvis
401 2025 543 2111 δυσχερῆ
550 2076 559 2106 ,
579 2038 615 2089 ut
628 2030 760 2115 appellat
772 2025 1003 2111 Theophrastus
1022 2022 1054 2086 in
1068 2022 1284 2107 Characterihu.
1325 2054 1331 2114 p

87 2134 90 2151 ·
170 2112 226 2174 ubi
238 2116 325 2198 plura
345 2112 385 2175 de
397 2114 446 2195 his
465 2113 639 2198 scripsimus
663 2113 706 2197 [p.
721 2111 928 2189 attereret.
971 2109 1189 2183 Simitlimeffin
1205 2110 1285 2197 quinto

171 2217 278 2263 osores
291 2198 414 2284 philoso
437 2198 507 2263 hiae
518 2208 610 2264 vocat
622 2194 797 2264 varicosos
812 2192 1144 2275 centar·iones;[l89].
1326 2220 1331 2287 ς

118 2291 174 2349 296
258 2287 309 2349 78.
326 2288 377 2350 79.
408 2221 510 2364 διττά
525 2281 642 2369 sapio,
664 2282 751 2345 satie
773 2291 826 2346 est
847 2280 949 2360 milri3
979 2281 1022 2361 [at
1044 2279 1137 2343 codd.
1162 2288 1286 2367 quotquot
1325 2332 1331 2351 ,

170 2368 316 2439 nouimus
330 2389 454 2432 omnes:
478 2366 519 2448 Q.
542 2367 629 2431 satis
651 2378 717 2447 eet,
740 2368 838 2456 sapio
854 2389 917 2446 m.‚
939 2366 1024 2452 quod
1040 2367 1156 2429 melius
1175 2384 1286 2435 essert-
1326 2416 1331 2455 ,

169 2453 304 2517 tionibus
320 2455 413 2517 etiam
431 2454 521 2520 euicit
533 2454 675 2533 Weber]
698 2474 765 2517 non
788 2473 859 2539 ego·
876 2472 958 2517 roro
972 2451 1059 2516 Esse
1083 2448 1177 2537 quod
1196 2450 1287 2537 Ami·
1326 2502 1331 2543 Ι

169 2535 262 2602 silas
284 2537 547 2624 aerumnosique
571 2536 736 2619 Solones]
769 2540 837 2601 Hae
856 2551 926 2600 sunt
945 2559 1038 2604 voces
1065 2538 1152 2617 vulgi
1170 2536 1286 2613 Rornmt
1327 2588 1331 2609 ,

168 2622 289 2710 Sperne
301 2646 404 2688 mores
417 2626 554 2688 exoticos
574 2636 606 2687 et
616 2625 847 2688 transmarinam
861 2624 1058 2708 sapientiam
1082 2624 1151 2686 ciue
1161 2622 1285 2697 Romanu
1327 2614 1331 2627 ¹

166 2730 262 2773 nemo
281 2710 359 2774 vivit
377 2711 410 2772 in
431 2712 505 2773 orbe
528 2712 655 2791 melius3
678 2707 876 2773 aerumnosi
899 2722 1002 2773 autem
1018 2704 1165 2771 Solones
1184 2718 1285 2795 propter
1327 2742 1331 2771 r

165 2794 322 2859 indefessa
336 2796 619 2881 philosophantium
632 2795 732 2859 studia
744 2808 774 2859 et
788 2796 945 2859 continuas
958 2795 1087 2874 vigilias,
1108 2816 1174 2861 nou
1184 2805 1286 2881 propter
1328 2794 1331 2801 '

167 2882 295 2943 exilium
309 2892 339 2943 et
349 2882 407 2943 atie
421 2884 511 2960 mala,
533 2902 611 2965 quae
627 2884 702 2944 otim
716 2903 823 2966 passus
836 2880 922 2947 Solo.
965 2878 1027 2957 [De
1041 2878 1216 2959 Arcesila,
1232 2900 1286 2941 rm-

167 2964 384 3118 diaepauctore
401 2964 602 3047 Academiae,
628 2988 657 3031 a.
686 2970 751 3031 iere
777 2966 840 3033 244
868 2988 895 3029 a.
923 2963 957 3033 C.
982 2964 1112 3045 denato,
1141 2987 1172 3031 v.
1200 2960 1285 3027 leudd

166 3073 217 3117 n.
266 3056 286 3116 L
1223 3106 1226 3111 .
1314 3105 1317 3115 .

184 3075 206 3139 p
253 3052 305 3205 sti.
327 3133 471 3223 Obstipo
491 3135 630 3224 capite]
657 3136 872 3207 decoratehio
891 3137 993 3200 irrisor
1017 3148 1140 3217 gestum
1162 3132 1285 3223 exprinit
1314 3128 1317 3157 ²

107 3228 109 3233 '
165 3225 302 3287 hominis
327 3223 517 3288 meditantis:
545 3223 691 3309 stipare¹
708 3235 753 3287 est
776 3222 938 3303 assidetur
964 3224 1086 3308 proprie
1107 3226 1235 3287 verbum
1251 3232 1286 3283 est
1311 3224 1318 3240 ⁸

165 3312 335 3389 fullonum,
357 3312 409 3394 qui
428 3310 544 3396 pedum
556 3310 748 3373 motitatione
769 3330 888 3394 pannos
908 3307 1095 3371 condenseat
1109 3308 1286 3373 ethemima

166 3396 303 3457 efficiunt
309 3418 317 3470 3
342 3394 415 3456 inde
431 3408 521 3481 caput
532 3399 703 3479 obstipum,
729 3399 811 3473 cujus
828 3394 929 3457 cervix
946 3393 1044 3473 rigida
1066 3405 1113 3457 est
1125 3406 1158 3457 ot
1174 3393 1286 3477 ohstipt,

164 3491 200 3542 ut
215 3482 347 3565 loquitur
361 3478 525 3544 Suetonius
535 3483 568 3542 in
580 3482 704 3544 Tiberio
717 3480 755 3559 [c.
772 3478 842 3558 68J:
862 3481 904 3541 ita
927 3491 1031 3541 autem
1044 3478 1193 3541 incedunt
1206 3474 1285 3559 rip'do

165 3577 257 3650 atque
268 3567 399 3629 immoto
413 3568 493 3631 colio
506 3569 616 3652 partim
631 3567 755 3651 superbi
772 3566 933 3643 homines,
956 3576 989 3625 ut
1010 3587 1048 3628 eo
1066 3567 1138 3627 loco
1153 3564 1287 3639 Tiberin,

164 3653 276 3799 partim
289 3652 408 3715 attoniti
420 3654 473 3715 vel
488 3653 540 3738 qui
551 3654 607 3715 toti
626 3664 697 3713 sunt
714 3653 748 3713 in
764 3651 889 3731 alicujus
906 3652 951 3713 rei
973 3662 1094 3713 contem
1118 3652 1239 3731 latione,
1264 3658 1289 3709 ut
1313 3690 1316 3697 ·

190 3738 235 3801 eie
249 3747 379 3801 notatur.
405 3736 499 3817 [Vide
511 3736 672 3802 Heindorf.
688 3736 728 3797 ad
743 3737 850 3799 Horat.
865 3735 927 3801 Sat.
943 3735 983 3813 ll,
1001 3738 1031 3813 5,
1046 3673 1117 3815 {tid
1311 3732 1314 3737 ’

251 3820 302 3885 Et
312 3816 470 3911 figentes
483 3821 619 3888 'tremine
640 3823 796 3900 terram]
821 3820 938 3885 Oculos
960 3821 1121 3884 demittere
1145 3820 1289 3885 modestae

100 3922 209 3996 {ldl)⁰⁰
223 3906 379 3973 studiosae
394 3906 559 3991 juventutis
578 3910 715 3990 signum:
744 3908 786 3970 ita
808 3909 892 3970 enim
919 3930 936 3969 a
955 3906 1145 3992 paedagogis
1166 3908 1289 3971 institue·

164 3996 284 4058 amar.
332 3992 525 4059 Plutarchus:
551 3991 631 4070 τοὺς
656 3992 777 4069 παῖδας
800 3990 1018 4057 διδάσκουσιν
1041 3992 1074 4055 οἱ
1096 3988 1288 4075 uastarent

163 4073 352 4158 κεκυφότας
372 4077 410 4144 ἐν
430 4085 503 4157 ταῖς
531 4076 622 4156 ὁδοῖς
642 4083 846 4158 περιπατεῖτε
875 4079 954 4140 adeo
974 4074 1119 4164 quidem,
1151 4092 1185 4143 ut
1202 4102 1241 4143 ne
1257 4072 1287 4139 at

142 4163 339 4229 'salutandos
361 4164 487 4251 quidem
505 4168 615 4229 obvios
636 4178 727 4251 eaput
746 4165 806 4227 illis
824 4167 971 4245 surrigere
990 4166 1104 4229 liceret.
1151 4167 1287 4229 Luriaum

163 4251 324 4315 trnoribus
339 4248 378 4331 [§.
393 4250 452 4330 44}
465 4250 504 4313 de
520 4253 641 4337 ephebo
665 4272 735 4312 cum
755 4271 825 4313 cura
845 4249 973 4313 educato
991 4253 1022 4313 lo
1043 4272 1137 4315 nens:
1160 4246 1225 4317 iai
1243 4250 1288 4331 tis

162 4328 318 4419 πατρῴοις
333 4330 440 4410 ἑστίας
459 4331 616 4419 ἐξέρχεται
637 4331 725 4399 κάτω
739 4333 892 4417 κεκυφώς
909 4331 964 4399 καὶ
976 4272 1105 4419 nadivo
1118 4340 1190 4403 eois
1200 4332 1288 4403 rim·

163 4416 299 4489 τωύτον
319 4416 352 4502 ἐξ
376 4416 531 4489 ἐναντίου
555 4416 790 4508 constitisse:
819 4423 872 4510 qui
896 4432 1000 4486 autem
1016 4424 1164 4491 attentius
1186 4416 1288 4511 ottth
