2700 4972
353 360 417 425 AD
439 358 614 427 PERSII
636 359 861 429 SATIRAM
882 361 906 428 Ι.
930 303 962 431 ..
1158 368 1201 433 sl

57 534 95 599 ad
115 533 223 599 literas
242 530 399 607 accedere,
421 556 482 620 quo
502 544 659 620 parerat,
680 544 734 597 aut
753 533 823 599 illas
841 533 886 599 sic
907 545 1050 612 tractare,
1070 548 1105 600 ut
1124 558 1203 623 γνη-

58 621 157 697 σίους
177 621 341 683 Musarum
362 623 502 683 alrunnos
525 619 663 698 deceret3
691 621 829 708 ipsorum
857 619 990 707 denique
1019 621 1202 705 auditorum,
1251 618 1253 623 ¹

57 707 195 772 universi
215 706 340 792 populi,
361 704 472 785 judicia
494 728 562 769 esse
582 726 735 791 perversa,
758 728 829 768 cum
843 707 922 769 nihil
937 711 1032 789 vulgo
1052 713 1200 795 probara-

57 807 104 856 tur
131 794 199 857 nisi
222 791 308 877 quod
329 792 466 855 maxime
494 792 658 877 vituperari
682 803 858 858 mereretur.
901 792 941 856 ln
965 795 1029 856 fine
1056 797 1198 860 carminis

57 882 142 943 velut
164 878 358 941 corollarium
379 874 530 939 adteritur
548 874 693 942 versuum
712 876 790 959 XII,
810 881 925 964 quibus
942 881 1199 967 philosophorum
1331 954 1332 959 η

51 980 146 1028 more
167 965 300 1068 explicat
313 954 457 1036 Persius,
488 966 610 1047 qualem
630 962 783 1026 desideret
807 967 962 1043 lectorem.
1005 962 1095 1029 Haec*
1111 988 1198 1030 sum-
1215 974 1248 1028 st

23 1054 27 1061 '
58 1073 111 1114 ma
134 1062 182 1121 est
204 1051 322 1113 satirae
342 1050 453 1117 totius:
482 1070 590 1134 quam,
613 1050 640 1112 si
660 1052 760 1129 lubet,
781 1048 926 1117 inscribas
953 1052 1025 1113 licet
1050 1073 1069 1113 a
1088 1055 1200 1132 majori

57 1148 160 1223 parte,
187 1135 311 1198 utheri
331 1147 431 1198 amat:
464 1131 595 1199 Contra
623 1157 679 1197 eos
731 1137 767 1198 ui
793 1134 901 1199 literis
924 1136 1015 1201 male
1039 1148 1199 1212 amatur,-

60 1221 178 1286 G'raece
199 1220 313 1284 dixeris
334 1231 480 1298 venuste,
508 1217 603 1285 Kasai
622 1223 688 1283 coia
710 1158 980 1304 dfioozovpivou:
1008 1225 1090 1284 hunc
1115 1226 1199 1288 enim

57 1309 180 1371 sibilum
199 1305 340 1393 praefixit
358 1305 514 1389 Aristides,
534 1307 582 1368 rir
602 1328 731 1388 magnus
751 1307 870 1386 judicii,
892 1307 1039 1375 diatribae
1053 1310 1105 1375 ,illi
1124 1331 1199 1373 suae

57 1416 122 1457 non
144 1392 302 1457 dissimilis
323 1395 508 1473 aginnensi,
531 1414 624 1478 quam
644 1390 790 1456 adversus
803 1395 853 1457 sui
865 1395 1014 1480 temporis
1034 1396 1198 1481 sophistas,

58 1481 199 1543 rhetoras
219 1490 251 1542 ct
272 1474 409 1541 oratores
429 1479 623 1564 conscripsit,
653 1490 808 1542 mutuatus
834 1500 904 1543 eam
930 1501 1043 1544 vocem
1065 1502 1084 1543 e
1106 1482 1198 1544 sacris

147 1566 248 1629 aneis:
277 1585 358 1650 quae
385 1565 414 1627 si
439 1565 506 1649 quis
534 1565 734 1628 irreverenter
759 1566 909 1630 habuerat
934 1578 987 1628 aut
1011 1565 1198 1654 prodiderat,

57 1577 301 1735 fficiambnt
325 1649 496 1729 dicebatar3
525 1649 670 1714 Aristides
689 1672 765 1715 vero
787 1647 1047 1735 ἐξορχοομένοος
1067 1655 1200 1738 appellat
1255 1708 1266 1735 x.

57 1740 89 1801 in
110 1760 150 1801 es
171 1739 338 1823 epigraphe
357 1732 499 1799 indoctos
519 1747 551 1798 et
570 1756 691 1799 venena
710 1734 828 1800 solidae
849 1736 1042 1801 eruditionis:
1067 1737 1099 1799 in
1122 1758 1199 1885 puos

58 1837 91 1888 et
108 1824 235 1901 Persius
262 1824 323 1886 bac
351 1821 465 1907 Satira,
493 1833 528 1882 ut
548 1820 702 1898 diximus,
732 1823 838 1885 acriter
862 1822 1026 1887 invehitur.
1074 1820 1123 1885 Eo
1145 1844 1199 1887 em

58 1912 154 1975 verbo
175 1930 251 1972 tum
264 1908 448 1972 Athandsius
469 1904 509 1969 de
522 1906 607 1969 Arrio
629 1910 768 1993 loquens,
789 1911 872 1988 cujus
892 1919 959 1971 erat
976 1907 1076 1972 oratio
1098 1911 1199 1971 aum-

18 2050 27 2066 .
58 1998 106 2061 his
132 2007 166 2059 et
185 1996 255 2060 viro
276 1993 417 2074 indigna,
447 2004 480 2054 ut
543 2005 608 2057 stes
636 1992 787 2056 dicemus:
810 1989 992 2074 τοιούτοις,
1020 1994 1063 2057 ait
1091 1995 1143 2057 ille
1164 1992 1198 2057 in

57 2080 195 2146 emunda
215 2081 472 2143 coatraArrianos
493 2015 582 2165 «bip,
602 2073 750 2163 ῥήμασιν
769 2073 907 2163 ἐξορχού
947 2092 949 2097 ’
988 2078 1199 2159 ιπαίζουσιν
1282 2155 1285 2169 ¹

57 2168 92 2233 ol
112 2162 244 2249 ἄτιμοιε
264 2168 368 2253 paullo
388 2166 476 2229 aliter
486 2161 652 2245 Gregorius
668 2165 881 2229 Nazianzenus
910 2240 913 2245 ⁴
959 2165 1074 2229 eodem
1093 2166 1197 2231 Anio:

58 2267 90 2317 at
109 2253 235 2317 diversa
262 2252 390 2315 notione
418 2249 458 2313 de
485 2272 520 2313 se
545 2249 580 2314 id
605 2254 736 2316 verbum
755 2252 914 2337 usurpavit
937 2251 1086 2333 Synesius
1107 2252 1199 2339 epist.

60 2336 268 2405 CXXXVII.
317 2335 475 2414 Quoniam
504 2349 607 2399 uatem
635 2348 724 2400 vetus
753 2348 799 2399 est
828 2338 922 2400 etiam
950 2335 1200 2401 doctissimorum

58 2428 182 2528 querela
210 2412 372 2487 de'Persii
401 2423 598 2501 obscuritate,
626 2444 686 2485 nos
714 2435 817 2485 autem
847 2434 988 2570 optamus
1004 2426 1064 2487 rel
1095 2424 1199 2511 pueris
1278 2432 1282 2437 “

58 2511 274 2599 planissimum
295 2529 388 2594 opera
407 2519 511 2571 nostra
533 2528 606 2583 eum
624 2507 728 2570 reddi:
756 2529 815 2589 age
841 2529 859 2570 a
900 2507 1027 2572 ma'oris
1049 2510 1201 2596 interpre-
1277 2559 1279 2562 .

58 2599 183 2663 ationis
201 2600 307 2659 lucem
320 2593 549 2675 consideremus
562 2592 789 2674 Satirae'hujus
807 2588 887 2679 μέλη
906 2615 928 2659 s
985 2589 1076 2679 μέρη,
1097 2614 1201 2658 mem-

60 2686 112 2748 bra
132 2686 264 2768 inquam
285 2693 316 2744 et
333 2683 546 2743 membrorum
563 2691 675 2766 pamas,
691 2694 753 2765 quo
774 2681 893 2743 facibus
912 2702 986 2742 cum
1006 2702 1047 2744 ex
1063 2680 1200 2755 universi

58 2770 214 2837 carminis.
230 2780 299 2830 tum
327 2788 369 2829 ex
394 2766 591 2847 singularium
618 2766 751 2852 partium
785 2764 1029 2830 consideratione
1056 2776 1201 2852 appareat
1297 2786 1301 2813 ³

58 2855 142 2942 quod
169 2876 233 2919 nos
263 2852 390 2939 quidem
416 2851 647 2931 contendimus,
682 2852 794 2915 nullius
821 2850 1000 2938 philosophi
1022 2855 1200 2916 'omtionem

58 2944 199 3006 scholam
221 2940 306 3021 gregi
325 2960 383 3001 suo
405 2938 583 3024 explicantis
609 2939 720 3001 melius
740 2939 906 3001 cohaerere
924 2937 1073 3024 potuisse,
1090 2950 1198 3024 *quam
1214 2955 1251 3012 32

59 3029 119 3092 sint
138 3048 253 3090 omncs
284 3027 376 3105 hujus
402 3023 519 3087 Satires
539 3035 639 3109 partes
660 3045 701 3086 ex
725 3045 796 3087 sesa
821 3023 958 3088 invicem
984 3034 1076 3110 aptae
1103 3035 1252 3111 atquqsv)
1333 3094 1335 3099 .

60 3135 229 3176 muneras.
273 3109 353 3173 Eam
370 3132 431 3174 nus
452 3109 588 3191 διδαχῆς
608 3105 707 3192 χάριν
720 3109 754 3171 in
767 3112 908 3172 membra
926 3110 994 3172 sive
1016 3103 1201 3197 ὁλοσχεροῦς
1332 3148 1336 3155 ,

59 3212 159 3287 partes
190 3209 262 3261 octo
291 3197 461 3260 tribuimus.
519 3195 621 3258 Prima
653 3194 906 3258 deliberationem
933 3194 1041 3257 Persii*
1065 3194 1202 3258 continet

60 3308 130 3349 cum
153 3285 274 3362 amico,
304 3282 414 3345 debeat
440 3303 538 3344 necne
551 3280 684 3344 Satiram
706 3281 854 3344 scriberes
883 3292 930 3344 est
950 3280 1034 3343 euim
1056 3279 1202 3343 dramati-

57 3394 130 3435 cum
149 3373 217 3436 hoc
239 3374 378 3446 carmen,
406 3366 491 3457 quod
509 3369 577 3453 ipse
596 3367 690 3452 poeta
709 3378 819 3428 monet
837 3367 891 3429 illo
911 3387 1019 3431 versu:
1044 3366 1203 3460 Quisquis

59 3480 107 3537 ss,
123 3480 147 3523 o
162 3453 272 3539 modo
286 3476 386 3543 prtem
396 3476 438 3516 ex
454 3452 604 3517 advorso
625 3451 740 3516 dicere
748 3449 829 3536 seca
866 3450 1021 3516 ‘Rationes
1042 3453 1133 3533 igitur
1153 3453 1204 3515 in-

58 3556 105 3607 ter
124 3562 168 3609 sc·
186 3544 348 3605 canferunt
367 3540 487 3607 Persius
508 3551 540 3602 et
558 3540 612 3603 ille
632 3541 730 3617 alten.
751 3559 845 3624 quem
870 3538 937 3601 sine
958 3539 1086 3601 nomine
1106 3539 1204 3601 intro-
1273 3575 1278 3585 ·

63 3628 143 3693 ducit
164 3636 280 3693 aecum·
303 3618 490 3712 loquentem.
533 3626 593 3689 Hic
614 3625 721 3689 Persio
748 3625 968 3710 superveniens
989 3621 1108 3701 Satires
1133 3643 1203 3687 ma-

63 3715 170 3780 ditsnti
191 3726 225 3779 et
243 3716 315 3793 jam·
328 3713 460 3776 scribere
478 3710 623 3793 adgressa
636 3712 725 3775 illum
745 3712 934 3798 aproposito
956 3721 1084 3773 conatur
1099 3708 1205 3773 dimo-
1251 3774 1256 3783 ,

65 3822 133 3879 rere
155 3822 197 3864 eo
211 3810 401 3880 argumento
419 3798 530 3877 unico,
557 3796 645 3883 quod
670 3816 769 3878 genus
798 3795 832 3859 id
858 3796 995 3882 poliscos
1015 3794 1138 3859 Romae
1157 3799 1206 3859 le-

66 3900 179 3953 ctorem
210 3888 279 3949 non
312 3886 353 3948 sit
384 3885 596 3948 inventurum:
629 3883 696 3945 imo
725 3894 831 3945 contra
862 3884 932 3962 ejus
959 3882 1117 3959 auctorem
1144 3882 1206 3945 sint
1262 3900 1267 3915 ·

64 3972 268 4063 aspernaturi,
283 3983 328 4034 'et
349 3971 501 4058 principes
520 3982 554 4032 et
581 3970 633 4031 alii
653 3990 795 4054 proceres
822 3980 913 4054 atque
940 3970 1122 4031 rmorerbo
1144 3988 1205 4054 po-
1300 4011 1303 4017 ·

59 4063 151 4146 palus
171 4058 345 4122 universus.
382 4054 569 4142 'Respondet
591 4055 726 4119 Persius:
753 4076 819 4116 non
842 4055 973 4118 tantiae
994 4052 1107 4133 judicia
1128 4054 1206 4116 isto·

66 4168 131 4211 1um
150 4164 298 4232 perversa
319 4147 436 4221 facere,
465 4154 499 4203 ut
527 4163 635 4223 eurum
655 4141 807 4203 rationem
833 4140 868 4202 in
894 4140 956 4202 hae
976 4138 1205 4222 deliberatione

60 4245 188 4299 amseat
203 4231 265 4295 sibi
274 4227 554 4293 assa-habendam:
575 4248 670 4314 porro
682 4237 793 4304 autem,
807 4247 826 4289 a
838 4223 940 4289 Satira
950 4223 1112 4289 scribenda
1124 4234 1206 4295 tem-
1233 4276 1241 4291 .

67 4340 170 4405 peram
197 4338 265 4380 non
285 4315 384 4401 magis
412 4315 506 4400 p'osse
528 4335 621 4399 quam
652 4333 672 4374 a
692 4310 841 4387 ridendo,
864 4311 894 4374 si
921 4314 1025 4375 oblata
1045 4310 1137 4372 merit
1156 4326 1206 4371 res

68 4405 207 4469 ridicula:
236 4394 421 4483 adadaydp
442 4395 612 4482 ἐφέλκεται
632 4391 743 4479 ἄνδρα
772 4396 925 4481 σίδηρος,
954 4408 986 4459 et
1007 4393 1107 4459 olera
1120 4393 1207 4479 ‘ipsa

73 4490 138 4557 olla
149 4488 254 4579 legit·
265 4512 276 4539 ·-
293 4487 410 4565 Postea
425 4485 636 4563 demonstrare
654 4483 765 4570 incipit
774 4479 1206 4563 Persiusrsaamdignhstna
1226 4562 1230 4571 Ι
