2700 4972
407 286 869 377 no1ron1s.
1089 268 1116 311 ³
1172 254 1282 378 vs

72 487 110 563 in
141 485 217 563 hae
247 485 351 563 urbe
377 484 507 562 critica
534 476 661 563 multa
690 487 861 566 meliora
885 486 1007 565 dandi
1038 491 1197 590 insignis

71 640 165 717 mihi
190 656 295 718 esset
323 641 619 743 opportunitas,
656 642 730 717 nisi
756 666 900 742 magna
922 642 987 721 illa
1009 646 1197 744 glossaria

69 796 219 895 Latina,
262 821 438 901 quorum
471 795 614 897 justam
653 801 989 900 exspectationem
1019 803 1210 915 excitarit·

68 936 329 1065 Ruhnkenius
363 953 404 1028 in
430 951 681 1058 praefatione
705 954 756 1033 ad
778 955 991 1059 Apuleium
1000 994 1014 1055 ‚¹
1047 982 1069 1032 e
1102 957 1194 1058 plus

68 1109 196 1208 viginti
219 1110 436 1188 Codicibus
456 1100 740 1189 'concinnanda
761 1136 831 1193 me
863 1124 1052 1218 tenerent
1073 1137 1193 1190 occu·
1233 1202 1236 1207 ,
1284 1164 1307 1191 ι,

68 1267 319 1366 patissimum.
370 1265 525 1345 Eadem
541 1265 592 1345 de
615 1291 728 1343 causa
740 1266 782 1342 in
798 1250 966 1369 plagulis
987 1292 1008 1345 a
1028 1267 1192 1345 redem-

67 1437 176 1525 ptore
192 1423 245 1503 ad
259 1449 327 1500 me
344 1419 472 1499 missis
494 1420 595 1497 nihil
618 1418 706 1498 fere
726 1423 951 1516 retractavi3
978 1423 1190 1500 Huetiita-

66 1604 174 1679 men,
211 1579 354 1676 Guyeti
379 1592 420 1656 et
440 1577 625 1677 Scaligeri
653 1578 759 1653 notis
782 1576 1023 1680 quibusdam
1046 1604 1190 1656 manu-

12 1792 30 1820 „
66 1737 230 1836 scriptis,
260 1735 426 1837 quaein
446 1732 691 1841 bibliotheca
716 1735 839 1831 Regia
861 1747 1082 1830 servantur,
1117 1733 1187 1810 ali-

65 1892 155 1995 quid
175 1916 324 1993 operae
341 1904 382 1969 et
404 1888 621 1992 pauxillum
645 1888 686 1962 in
708 1887 782 1991 hac
801 1880 978 1965 editione
992 1889 1070 1965 loci
1090 1914 1187 1965 con-

64 2046 203 2123 cedere
232 2046 356 2124 malui
385 2070 508 2148 quam
529 2044 735 2123 oblivione
765 2070 829 2121 eas
854 2044 972 2121 obrui
992 2046 1185 2125 sinerem:
1318 2140 1324 2147 .

63 2226 141 2280 non
157 2202 401 2307 obpretium
418 2196 637 2299 insolitum,
664 2200 738 2277 sed
752 2203 844 2303 quia
858 2200 1003 2300 negligi
1020 2202 1183 2303 aliquid,

63 2359 170 2460 quod
201 2358 401 2458 cogitandi
421 2322 573 2455 'ansam
604 2356 801 2459 praebere
834 2371 989 2457 posset,
1035 2359 1076 2433 in
1104 2358 1183 2435 hoc

59 2530 174 2616 poeta
197 2513 382 2613 religioni
412 2512 620 2591 ducebam.
688 2513 831 2627 Guyeti
863 2513 1029 2613 quidem
1061 2530 1182 2594 notae

58 2666 131 2766 jam
151 2668 392 2769 legebantur·
407 2672 448 2746 in
463 2668 583 2788 Miclr.
605 2665 780 2744 Marullii
799 2671 983 2748 versione
1006 2673 1180 2747 Franco·

57 2825 188 2923 gallica
217 2827 366 2927 (Paris,
404 2831 538 2924 1658):
573 2823 646 2901 sed
669 2824 701 2898 is
720 2827 831 2924 quasi
849 2798 1038 2905 consulto¹
1055 2850 1179 2928 pauca
1251 2909 1255 2919 ,

57 2983 220 3061 meliora
242 2982 395 3081 omisit,
416 3007 560 3084 parum
578 2980 687 3056 utilia
708 2980 923 3083 descripsit.
981 2988 1108 3061 Porro
1138 2983 1179 3057 in

57 3139 303 3218 Praefatione
351 3137 550 3235 corrigere
594 3134 782 3239 volebam
831 3135 983 3238 aliquot
1034 3140 1178 3216 Casan-

56 3293 146 3373 boni
170 3319 349 3390 errores,
365 3278 445 3394 'qui
469 3291 510 3366 in
530 3289 831 3392 prolegomenis
853 3289 1068 3388 habentur;
1106 3294 1177 3371 de·
1234 3270 1238 3279 Ι

55 3446 409 3530 senderePersium
423 3447 470 3523 ab
487 3443 628 3544 injusta
646 3470 810 3525 censura
824 3447 897 3523 viri
907 3448 1013 3526 inter
1025 3475 1176 3553 paucos
1256 3440 1259 3449 ’

55 3603 225 3707 insignis,
256 3603 493 3683 Bemhardii
520 3604 578 3702 (in
598 3610 691 3681 Hist.
712 3611 778 3680 litt.
799 3596 941 3702 Rom),
977 3605 1176 3706 quaedam
1209 3696 1231 3715 Ι,

57 3762 255 3839 additurus
284 3754 336 3837 'de
357 3759 632 3837 dissertatione
661 3757 989 3857 Cherhuliesii*)‚
1032 3761 1101 3861 qui
1124 3759 1184 3836 de.

56 3920 186 3996 satirae
206 3916 313 4020 apud
334 3918 541 3996 Romanos
564 3915 746 4014 historia,
781 3915 833 3992 de
853 3915 1019 3993 Horatio
1044 3928 1085 3993 et
1103 3920 1176 3993 Ju-
1263 3958 1268 3969 x

248 4064 258 4103 l

57 4153 253 4167 *tu—“⁸⁸0“

130 4284 158 4366 ⁴)
180 4286 274 4343 Essai
301 4304 352 4373 sur
372 4284 405 4345 la
425 4285 515 4342 satire
531 4285 664 4359 latitia,
681 4303 744 4363 par
757 4284 860 4342 Andre
880 4281 1062 4341 Cherduliez.
1112 4282 1173 4338 Ge-

59 4423 134 4481 ma,
160 4409 253 4472 1829·
614 4404 618 4417 '
752 4423 754 4429 ·
