2700 4972
533 319 585 387 nt
612 319 861 397 PERSIUM,
1237 326 1260 389 't
1294 266 1297 271 Ι

118 512 244 555 murrum
256 489 400 578 denique,
413 512 483 557 non
491 515 579 557 secus
589 505 680 579 etque
693 497 820 558 elterum
825 491 1013 556 Heraclitum
1023 497 1074 558 rel
1082 493 1212 560 Cinnam
1219 493 1258 580 *).

117 575 199 641 Pax!
222 579 273 642 eir
286 579 548 664 incomparabilis,
570 575 672 643 κοῖόν
690 593 727 644 ee
751 576 829 656 icor
848 571 958 661 φύγεν
975 575 1070 659 ἕρκος
1089 575 1258 646 ὀλόννοον.Ι

116 662 240 727 Persius
253 675 288 726 ut
300 665 341 728 sit
354 665 500 750 ineptus?
521 666 550 728 si
562 666 702 751 ineptum
721 665 835 728 diceret
851 687 945 752 quem
958 662 1068 729 Graeci
1082 658 1261 734 ἀπίθανον.

117 744 152 813 iv
166 751 217 835 τῷ
232 748 354 835 γελοίῳ
371 749 455 828 (non
472 751 690 836 aptissimi-m
708 750 758 815 od
766 750 972 837 jocandum,
994 764 1028 814 ut
1045 751 1107 818 cic.
1126 752 1166 817 de
1180 752 1259 841 Epi·
1340 818 1346 831 ,

116 836 215 917 cum),
237 835 459 901 concederem
480 858 522 899 ne
539 860 599 900 nos
613 837 836 922 quidem-enim
853 837 934 901 imus
949 837 1066 901 inficiae
1080 842 1258 904 facultatem

114 921 207 1001 hujus
220 922 268 984 rei
280 922 325 984 illi
340 921 485 1009 defuisse:
507 923 561 986 sed
576 935 794 987 ostentatorem
807 922 985 987 eruditionis
1004 923 1088 1008 quod
1108 926 1256 1006 nominet,

114 1008 246 1071 omnino
259 1007 345 1071 haud
362 1007 542 1095 persuadet:
563 1012 697 1074 fatemur
712 1009 950 1073 eruditissimum
968 1009 1094 1095 poe'tem
1111 1010 1257 1075 eruditio-

114 1114 189 1194 qem
201 1093 320 1179 ubique
342 1093 674 1182 ostendere,1usquem
696 1107 848 1197 ostentare
866 1116 1033 1176 negemus:
1053 1095 1130 1201 illud
1143 1096 1274 1161 doctis--

113 1183 657 1353 ttettttttl‘tbttsstttt
674 1183 1257 1355 {liihqiiiaiiiiiiiiiiieii

112 1350 227 1432 chyme
239 1356 385 1416 veterum
401 1351 536 1438 undique
551 1353 709 1433 redolere,
729 1352 815 1416 haud
830 1375 955 1416 mecum
974 1355 1083 1417 sentit:
1103 1357 1165 1417 hoc
1176 1358 1256 1427 solet

111 1435 300 1501 tenuemus
312 1438 439 1522 quisque
455 1450 601 1518 tentum,¹
612 1441 869 1504 insolentissimus
888 1435 945 1503 eal
964 1433 1305 1522 ὀψιμαθὲσνανοςείδθ)

108 1542 245 1673 ποῖον)
262 1524 343 1585 nihil
360 1525 394 1585 in
417 1523 667 1611 splendissimum
688 1528 770 1588 hunc
790 1524 971 1589 Romanum
992 1527 1127 1613 equitem
1157 1526 1255 1589 cedit:

170 1611 260 1688 cujus
281 1610 429 1689 singulari
453 1609 607 1674 modestia
633 1623 665 1673 et
683 1612 800 1674 liberali
823 1610 1004 1676 educatione
1031 1615 1089 1677 sub
1109 1614 1253 1677 maximis

109 1695 380 1781 praeceptoribus,
399 1716 466 1759 non
484 1708 588 1759 autem
610 1694 804 1759 mthedreriis
826 1698 988 1782 sophistis,
1018 1708 1050 1760 et
1068 1697 1153 1762 vitae
1172 1700 1253 1762 illius

107 1790 215 1841 erector
226 1781 374 1843 meminit
388 1792 420 1843 et
439 1804 498 1845 nos
514 1782 629 1867 eliquid
649 1803 742 1868 supra
760 1782 926 1863 attigimus.
967 1782 1026 1863 „At
1043 1785 1191 1847 obscurus
1206 1797 1252 1848 eet

107 1868 140 1927 et
154 1856 271 1946 dignus
289 1866 339 1928 cui
358 1888 477 1933 nomen
494 1866 617 1930 indatur
630 1865 789 1931 Scotino.“
830 1867 936 1931 Mirari
958 1868 1051 1931 subiit
1071 1890 1134 1931 non
1154 1873 1252 1939 semel

106 1947 147 2013 de
163 1951 354 2015 obscuritate
363 1951 461 2016 Persii
472 1955 568 2017 rerba
586 1954 699 2017 fecisse.
708 1954 797 2017 illum
810 1954 927 2032 virum,
950 1953 999 2015 cui
1019 1954 1097 2017 nihil
1116 1965 1181 2017 eret
1193 1957 1251 2019 ob-

104 2044 250 2100 scmumr
273 2049 355 2099 certe
373 2036 680 2118 eliud'Quintilienus
704 2038 759 2118 [X,
780 2045 807 2117 1,
823 2041 878 2119 94]
897 2037 1052 2119 judicabat
1067 2044 1149 2102 cum,
1161 2062 1250 2105 vere

104 2118 213 2185 laude
225 2120 387 2209 'dignum
410 2126 633 2211 pronuntiaret3
655 2124 740 2188 eliud
758 2114 982 2207 Hieronymus,
1005 2146 1077 2188 cum
1094 2123 1249 2190 disertis-

103 2206 234 2273 simum
246 2206 436 2273 Sotiricum
446 2223 588 2292 vocaret,
608 2211 688 2273 mihi
698 2232 821 2298 quoque
841 2233 905 2273 non
918 2211 1009 2297 pauci
1027 2213 1118 2291 hujus
1137 2209 1248 2298 poitee

102 2310 212 2358 tersus
226 2295 278 2357 ita·
291 2295 364 2358 clari
381 2308 415 2359 et·
427 2293 541 2362 λευκοὶ
558 2295 717 2377 videntur,
739 2309 774 2359 ut
791 2296 843 2361 rel
861 2297 895 2359 in
917 2297 991 2359 cisio
1014 2317 1033 2359 e
1051 2295 1249 2360 mediocriter

102 2376 205 2443 doctis
221 2379 285 2461 legi
305 2381 440 2467 possint:
467 2402 560 2467 quere
581 2405 646 2446 non
671 2394 754 2459 totus¹
769 2383 849 2445 liber
863 2385 1003 2469 profecto
1025 2394 1072 2446 est
1091 2384 1246 2463 obscurus,

101 2464 161 2528 ssd
172 2468 244 2529 loce
259 2476 378 2529 tentum
391 2471 550 2531 nonnulla.
593 2466 702 2548 Quid?
723 2471 808 2532 solus
822 2469 873 2531 hic
884 2469 1055 2535 obscurus?
1076 2491 1140 2530 non
1153 2468 1247 2533 etiem

101 2551 240 2637 optimus
250 2554 380 2639 quisque
392 2556 628 2618 ettenfissimum
646 2566 677 2617 et
694 2551 993 2638 πολυμαθέστατον
1005 2554 1130 2639 requirit
1140 2557 1246 2621 ‚lecto-
1298 2602 1301 2608 .

100 2639 194 2702 rem?
216 2660 285 2701 non
302 2643 556 2704 commemorabo
581 2640 774 2722 Thucydidis
793 2634 855 2716 τοὶς
873 2635 1097 2721 περινοήσας,
1114 2637 1173 2717 τὰς
1193 2635 1245 2722 ἐμ-

100 2719 294 2807 zebedei-cic,
313 2719 356 2788 ert
368 2723 622 2810 γλωσσηματικοὶ
639 2723 696 2790 καὶ
713 2722 808 2804 ξένα,
831 2719 872 2790 rei
892 2720 1128 2804 ἀνακόλουθα,
1147 2736 1178 2787 et
1200 2727 1245 2789 ei-

98 2809 314 2890 miliemulte‚
355 2813 445 2876 uibus
465 2812 598 2879 obducta
611 2814 708 2893 caligo
732 2814 842 2893 ingens
859 2813 941 2875 illius
959 2811 1131 2893 historiae,¹
1145 2813 1246 2874 silebo

98 2894 239 2961 Pletonie
251 2890 312 2971 eda
329 2833 497 2980 deprimam
514 2896 572 2964 xci
589 2892 728 2984 ἀπηνεῖς
744 2893 955 2982 μεταφορὰς,
977 2896 1016 2960 de
1037 2898 1147 2982 quibus
1159 2896 1245 2959 Lon-

97 2980 189 3061 ginm
206 2980 266 3056 [de
281 2981 366 3045 subt.
381 2990 434 3064 st,
451 2982 478 3067 §-
494 2987 545 3067 71:
566 2987 628 3048 hoc
642 2987 745 3051 solum
757 2983 872 3063 dicam,
893 2983 1099 3046 maximarum
1112 2980 1244 3045 difficul-

98 3076 198 3131 mum
217 3089 257 3130 ee
274 3068 474 3154 potissimum
492 3072 604 3156 scripte
626 3085 695 3133 esse
713 3073 822 3156 plena,
850 3091 929 3155 quae
951 3069 1092 3131 omnium
1122 3071 1244 3131 seculo·

97 3172 168 3217 rum
188 3151 279 3215 docti
292 3155 437 3219 homines
458 3154 595 3218 maxirne
614 3167 686 3219 sunt
706 3155 866 3219 admirati:
888 3155 954 3240 quis
969 3152 1137 3216 Pindarum
1150 3154 1244 3216 intel-

96 3239 205 3319 ligeret
218 3250 271 3301 ent
282 3239 536 3329 Aristophanem,
555 3245 671 3326 absque
691 3263 799 3303 eorum
816 3240 1030 3325 interpretibus
1049 3240 1153 3304 toret?
1175 3239 1242 3324 quis

97 3320 226 3393 Graecis
239 3326 333 3389 literis
349 3326 457 3391 docms
473 3330 584 3391 choros
597 3328 781 3408 tragicorum
797 3327 953 3389 inoffenso
972 3323 1054 3411 pede
1095 3326 1241 3391 emunit?

95 3407 258 3475 Theocriti
278 3407 319 3475 τὰ
342 3408 469 3497 σκληροὶ
490 3424 599 3476 notent
624 3424 744 3478 veteres
770 3412 878 3492 critici,
904 3433 1006 3496 neque
1028 3347 1242 3491 indignmnm

94 3518 157 3560 nos
171 3496 335 3560 offendent
346 3499 511 3563 Persianae
527 3498 747 3564 difficultates?
769 3510 800 3562 et
815 3499 867 3584 qui
880 3497 1049 3561 laboriosas
1068 3497 1150 3560 illius
1171 3498 1241 3599 opi-

93 3582 187 3646 lion‘m
198 3584 333 3669 ineptiae
344 3607 410 3648 non
431 3605 611 3667 gravemur:
635 3596 701 3649 tem
718 3606 862 3649 severum
880 3586 974 3663 hujus
994 3603 1117 3644 carmen
1136 3594 1171 3644 ut
1190 3604 1241 3646 rn-

93 3669 291 3750 telligenms,
317 3692 432 3759 operae
452 3694 512 3736 nos
532 3671 726 3759 poenitebit?
752 3692 847 3758 porro
868 3668 1060 3733 obscuritatis
1080 3671 1171 3749 hujus
1191 3663 1240 3730 di.»

128 3954 1238 4101 ‘³littaristsstti‘tttaitttttsfltt'tteabtstttt

164 4104 220 4162 cet,
237 4099 356 4168 intelligi
370 4100 456 4153 noluit
474 4101 729 4169 queetlegereaturr
752 4113 913 4168 quemquem
931 4113 1000 4149 νννο
1020 4113 1039 4148 α
1058 4096 1132 4149 nobis
1148 4097 1237 4148 omnia

161 4166 366 4238 intelligentem
385 4176 417 4224 et
425 4171 484 4238 sote
500 4178 618 4238 tempor,
637 4182 694 4222 cem
709 4170 780 4222 ieter
795 4170 890 4238 ignora
904 4166 1053 4219 babeam.
1089 4166 1169 4218 utum
1182 4166 1237 4234 igt-

128 4234 132 4239 ’
163 4244 211 4292 ter
224 4239 360 4291 mitterem
377 4275 384 4289 .
399 4276 406 4291 .
426 4274 454 4291 ..
469 4246 615 4293 ostentator
621 4238 801 4307 febriculosus
815 4237 969 4290 eruditionis
985 4243 1094 4289 aretem
1112 4236 1238 4304 neglexit.

162 4304 291 4361 Oimiltter
311 4308 427 4361 Pesticos
451 4308 497 4362 lib.
516 4309 566 4375 ΙΙΙ,
588 4326 613 4364 ο.
629 4312 664 4365 98
671 4314 683 4361 r'
701 4326 751 4373 ee,
770 4308 840 4378 quod
853 4307 925 4373 fecit
949 4305 1069 4367 Persius,
1089 4305 1235 4363 obstrusam

163 4385 279 4431 ementes
301 4378 482 4433 eruditionem.
517 4378 548 4432 ln
563 4378 757 4450 Scaligerieeis
773 4380 807 4433 22
826 4376 949 4439 Persius,
966 4376 1127 4429 αιϋοπίνινν
1137 4381 1238 4440 eodm,

161 4446 432 4518 memoratorum]
