2700 4972
120 382 123 389 ,
168 276 234 392 rte
350 300 353 305 “
535 287 943 393 commaneamus

168 491 443 562 somnolenta
460 491 504 557 v.
523 488 557 557 ra
576 492 777 579 possesorem
802 489 844 556 aa
862 489 983 577 atam
1008 491 1105 572 oua
1132 502 1165 558 e
1185 450 1332 561 suntn-¹

24 650 25 663 ρ
66 573 77 623 “·
168 584 264 647 heic:
292 580 440 663 tenerae.
457 577 540 643 enin
561 560 745 643 adrieuloe
770 589 841 643 sunt
863 599 941 664 quae
963 579 1098 664 appellat
1122 576 1306 663 cnmoeu-
1337 591 1338 594 ’

169 689 240 731 mus
255 672 421 752 corrupto
436 658 635 748 αἰσθητήρια
650 674 680 727 et
694 659 757 747 τήν
771 667 840 729 τῶν
854 659 1073 746 κακουμένων
1088 658 1304 751 daemonio.
1331 676 1334 681 '

170 752 227 837 [V.
243 749 373 832 Quintil.
385 748 443 831 111,
463 757 492 829 1,
511 748 540 833 §·
554 757 592 817 sc
615 769 760 837 quorum
780 769 823 811 ne
834 747 967 836 jejuna
988 756 1092 835 atque
1110 740 1219 815 brida
1240 760 1306 817 tro·

170 833 260 902 ditio
283 832 455 902 averterat
471 833 606 899 animoa
629 843 666 898 et
678 855 783 898 aurea
799 831 1014 921 praesertim
1036 844 1113 899 tam
1131 832 1305 901 delicato·

62 969 65 977 -
171 920 383 1001 raderst,;·
394 918 612 987 verebamur.
662 919 714 985 De
733 919 865 983 dictione
892 921 996 985 multis
1025 920 1088 1002 agit
1111 921 1244 989 wales
1269 920 1306 987 ed

64 1042 70 1051 ·
171 1009 290 1075 Lucret.
307 1006 364 1087 lV,
378 1008 450 1073 531.
471 1004 599 1088 Poss.];
621 1018 652 1068 at
671 1017 774 1069 contra
791 1008 825 1068 in
837 1005 870 1069 V
891 1006 969 1086 [8612

257 1091 391 1157 Stoicus
410 1090 468 1157 bic
484 1113 607 1156 aurem
620 1089 781 1155 mordaci
803 1089 895 1154 lotus
915 1097 1013 1155 aceto

103 1234 107 1239 .
173 1178 214 1245 de
228 1201 285 1260 eo,
307 1179 360 1264 qui
381 1190 412 1250 et
427 1177 532 1241 audire
549 1188 580 1241 et
596 1177 696 1242 dicere
717 1199 827 1243 verum
846 1179 976 1240 libenter
992 1177 1091 1259 solet,
1112 1175 1157 1241 sic
1178 1169 1308 1241 δάκνειν

173 1263 255 1352 apud
270 1262 404 1328 Graecos
420 1275 451 1327 et
462 1262 543 1349 apud
557 1263 721 1326 Sidonium
737 1260 906 1350 piperata
920 1258 1018 1325 dieta
1030 1275 1061 1326 et
1070 1260 1308 1350 piperalafa·

173 1348 312 1437 cundia.
355 1348 428 1412 Erat
449 1361 551 1413 autem
573 1371 591 1411 e
612 1348 786 1413 Stoicorum
808 1349 890 1412 scitis
910 1351 972 1412 hoc
992 1371 1106 1428 unum,
1129 1369 1243 1411 omnes
1262 1368 1309 1411 sa·

195 1439 294 1501 ientes
309 1456 377 1499 esse
391 1447 528 1498 austeros
548 1445 578 1496 et
591 1435 651 1499 illis
668 1436 784 1498 similes
800 1435 898 1515 vinis,
921 1456 999 1520 quae
1016 1434 1236 1497 medicaminis
1248 1434 1309 1499 vim
1343 1479 1345 1482 -

173 1459 291 1587 debent
311 1520 352 1585 ad
372 1521 614 1607 compotationes
632 1521 746 1628 inepta.
795 1518 953 1600 Diogenes
973 1521 1110 1584 Lae'rtius
1128 1520 1163 1583 in
1185 1520 1309 1583 zenone

87 1652 92 1663 ,
176 1609 215 1688 [c.
227 1613 260 1679 t.
276 1605 306 1691 §.
321 1610 363 1672 64
378 1629 404 1670 s.
420 1609 511 1686 llll:
534 1602 638 1688 pontu
652 1601 842 1688 αοσιηρούς
862 1600 948 1670 εἶναι
966 1600 1096 1683 πάντας
1116 1598 1199 1683 τοὺς
1214 1618 1309 1669 ακον-

175 1691 302 1771 dalevo,
324 1693 372 1777 epi
386 1684 466 1775 μήτε
479 1684 603 1765 αὐτοὺς
618 1691 705 1774 πρὸς
717 1684 846 1773 ἡδονήν
860 1684 987 1773 ὁμιλεῖν
999 1689 1084 1776 μήτε,
1097 1682 1185 1771 παρ’
1204 1682 1308 1757 ἄλλον

173 1772 217 1845 πολ
243 1774 328 1860 πρὸς
348 1772 474 1860 ἡδονὴν
502 1771 759 1859 προσδέχεσθαι·
786 1773 842 1842 καλ
867 1774 974 1852 ἄλλως
1002 1777 1103 1855 [eddr
1135 1769 1310 1882 ddlovj'dl

175 1856 261 1931 εἶναι
278 1858 449 1945 αὐστηρόν
463 1859 536 1941 (cdo
552 1860 675 1945 σοφόν)
691 1861 926 1945 παραπλησίως
942 1859 1122 1946 λεγόμενον
1135 1865 1184 2013 sp*
1197 1872 1308 1946 ανστρ-

175 1953 225 2038 ρῷ
242 1949 341 2035 οἴνῳ,
365 1938 393 2032 ᾦ
405 1944 492 2032 πρός
504 1943 563 2031 μὲν
577 1948 851 2032 φαρμακοποιΐαν
864 1951 1019 2031 χρῶνται,
1033 1944 1152 2030 nadad
1183 1942 1308 2030 πρόκα·
1349 1951 1350 2000 l

158 2051 231 2102 Ισιν
256 2033 297 2099 ού
317 2028 428 2099 πόνοι
456 2035 499 2096 ita
519 2034 698 2097 scribendus
719 2036 770 2097 hic
788 2037 890 2116 locus,
921 2046 1010 2120 atque
1033 2034 1073 2097 ad
1093 2036 1156 2099 hoo
1172 2032 1307 2103 Stoicum
1346 2025 1350 2083 Ι

177 2121 291 2207 dogma
312 2122 441 2184 allusum
458 2116 579 2182 videtur
595 2141 613 2180 a
627 2119 733 2184 Persio
754 2121 807 2182 illo
827 2141 918 2184 versu
933 2118 1049 2183 Satirae
1059 2119 1103 2183 V.
1115 2166 1126 2183 .-
1193 2134 1196 2139 '
1252 2154 1256 2163 ·
1295 2166 1299 2187 2
1345 2095 1350 2198 i

42 2274 51 2283 ,,
264 2211 335 2274 108.
360 2199 454 2271 Vide
476 2200 543 2281 sis,
565 2224 607 2267 ne
631 2203 808 2288 majorum
831 2201 897 2268 tibi
914 2201 1009 2287 forte
1037 2201 1186 2269 Limina
1196 2198 1306 2292 frige·
1325 2241 1335 2257 ι

177 2294 300 2367 soant-2]
321 2290 370 2357 Ne
388 2290 449 2353 inci
471 2290 516 2353 ias
530 2293 705 2376 putentibus
725 2312 760 2353 ao
781 2290 897 2355 Neroni
912 2290 1061 2377 imprimis
1080 2290 1212 2359 odiosus
1231 2310 1305 2371 estet

176 2381 257 2443 refer
284 2375 324 2440 ad
352 2311 597 2462 quotidianarum
618 2376 835 2441 salutationum
862 2399 1001 2441 morem:
1030 2398 1106 2440 nam
1132 2377 1187 2462 qui
1210 2394 1306 2463 pum
1344 2377 1350 2424 ¹

177 2465 253 2546 grati
271 2471 371 2542 erant,
394 2459 497 2524 durius
510 2464 712 2525 tractabantur
723 2465 761 2526 ab
780 2463 907 2526 ostiariis
930 2475 960 2525 et
979 2463 1207 2537 admissionum
1218 2459 1307 2543 mugi·
1328 2437 1350 2534 i

177 2549 263 2614 stru:
284 2549 346 2635 hoc¹
367 2557 458 2611 vocat
476 2545 595 2611 Persius
616 2551 770 2627 eleganter
796 2544 923 2610 limina
940 2544 1163 2636 frigesceret
1182 2548 1321 2621 -trsnslse,
1346 2547 1350 2596 ¹

171 2647 245 2699 tum
263 2631 369 2696 acibis
383 2631 529 2718 pridianis
541 2640 572 2696 et
586 2633 719 2714 frigidis,
743 2633 796 2718 qui
816 2634 919 2697 mium
941 2634 1160 2720 placent,[imo
1183 2628 1350 2713 astudit'l

173 2720 305 2799 alicujus
319 2717 498 2796 ardentiore,
514 2716 619 2804 quod,
640 2740 711 2782 cum
723 2719 900 2799 remittitur,
919 2722 1005 2805 quasi
1016 2721 1160 2800 frigescit,
1179 2740 1253 2785 nam
1264 2726 1308 2797 ,ot
1347 2720 1350 2792 ἶ

177 2807 287 2887 amens
303 2825 391 2867 amor
405 2814 437 2866 et
448 2805 541 2884 gratia
562 2806 678 2885 calori,
694 2804 738 2867 sic
757 2803 868 2868 eadem
888 2808 1121 2885 relanguescere
1141 2816 1175 2871 et
1191 2804 1309 2869 remma
1348 2804 1350 2860 l

171 2886 308 2978 frigori
324 2891 534 2959 assimilatur.“
557 2889 723 2955 Ruhnken.
743 2889 784 2953 ad
807 2889 929 2961 Terent.
953 2890 1095 2971 Eunu,
1117 2895 1220 2971 ast.
1236 2907 1308 2977 (μ.
1333 2888 1350 2897 ’

152 3023 155 3028 -
178 2999 209 3064 p.
228 2980 298 3044 103.
317 2973 459 3061 Sohop.];
480 2974 611 3039 undeet
632 2973 819 3040 Graecorum
836 2978 1053 3063 proverbimu,
1075 2977 1146 3062 qui,
1168 2998 1245 3053 cunr·
1261 2974 1310 3061 ali,-

180 3061 254 3149 quid
271 3063 433 3139 elevarem,
454 3061 537 3124 soliti
551 3060 670 3142 dicere,
692 3060 740 3124 ad
746 3057 872 3146 forum
876 3055 1097 3150 frigidorum
1109 3052 1311 3127 ciborimrid

129 3143 371 3235 143pertinere·
413 3145 590 3211 Plutarchus
600 3147 652 3211 De
671 3148 885 3213 communibus
908 3144 1310 3223 notionibus‘cuntrafitni·

182 3256 235 3298 cos
258 3233 268 3311 [
290 3281 297 3296 .
320 3237 412 3299 1060.
432 3229 498 3312 B.]=
532 3229 628 3297 ταυτὶ
645 3229 705 3317 μὲν
726 3232 771 3308 εἰς
793 3229 854 3316 τήν
875 3237 942 3298 τῶν
965 3230 1078 3299 ἑώλων
1103 3230 1161 3298 καλ
1183 3232 1311 3316 ψυχρᾶν

181 3256 327 3401 o’tyoodu,
352 3316 381 3381 al
402 3317 477 3395 [om.
498 3317 583 3399 edd]
611 3320 740 3404 βούλεο,
771 3320 945 3401 παρῶμεν·
978 3317 1015 3385 ἐν
1044 3316 1080 3385 dd
1107 3322 1181 3396 τοῖς
1203 3312 1251 3395 ὥς
1270 3312 1312 3382 ἔνι

180 3397 320 3488 μάλιστα
338 3407 577 3483 πραγματικοῖς
603 3402 660 3469 καλ
683 3399 764 3487 μετὰ
783 3405 932 3490 σπουδῆς
951 3404 1142 3488 λεγομένοις
1172 3396 1312 3489 ποιησαί-

181 3492 269 3573 μεθα
283 3488 344 3552 τοῦ
358 3481 463 3570 λόγου
480 3483 539 3551 τὸν
551 3486 735 3573 ἐξετασμόν.
781 3488 935 3578 Majorec
948 3497 1041 3574 vulgo
1058 3491 1177 3555 Latinis
1190 3488 1226 3557 ολ
1241 3510 1313 3570 uae

75 3628 78 3633 .
179 3572 378 3658 γενέσπεροιι
399 3573 469 3637 heic
489 3574 592 3637 alitere
616 3596 770 3658 majores
792 3579 875 3639 enim
892 3577 968 3641 dixit
987 3601 1042 3665 pro
1062 3601 1119 3655 eo,
1148 3576 1235 3663 quod
1252 3576 1313 3639 Ho-

180 3662 272 3758 ratius
294 3658 370 3755 [Sat
384 3655 425 3755 IJ,
440 3664 468 3739 1,
483 3664 535 3739 61,
556 3682 649 3746 quem
661 3673 754 3749 poeta
774 3663 914 3747 respicit,
935 3686 965 3726 v.
990 3665 1034 3727 ibi
1047 3663 1227 3744 Heindortl]
1245 3680 1313 3726 ma·

198 3768 273 3809 ores
289 3764 407 3807 amara.
626 3792 629 3797 .

129 3768 195 3914 (81)]
273 3835 346 3895 109.
368 3826 477 3893 Sonat
497 3827 575 3894 heio
596 3825 639 3893 de
659 3851 744 3894 nare
767 3828 895 3894 canino
917 3830 1074 3916 Latera-J
1095 3831 1207 3915 Heio,
1228 3834 1262 3899 id
1277 3843 1316 3897 att

181 3916 388 3980 numinibus
399 3915 530 3979 Neronis
546 3936 581 3979 ac
596 3938 774 4002 procerum,
796 3938 920 3981 serrare
940 3919 1045 3984 litera
1062 3920 1194 3987 canina
1208 3921 1315 3998 dicimr,

122 4046 125 4053 ·
182 4024 253 4064 cum
272 4002 402 4065 irritatus
416 4002 524 4087 aliquis
545 4003 646 4065 minas
664 4003 814 4084 funditor,
834 4008 954 4092 proprie
974 4009 1006 4069 in
1029 4009 1154 4071 canibus
1172 4006 1317 4071 hinnienti-

181 4091 240 4152 bus
254 4089 358 4149 locum
372 4089 467 4151 habet
482 4087 523 4165 [v.
537 4086 668 4170 Plum.];
688 4112 754 4152 non
767 4091 966 4155 incommode
979 4093 1083 4157 Persio
1102 4105 1233 4180 possent
1247 4095 1317 4155 haec

181 4175 276 4239 verba
296 4173 404 4236 tribui:
427 4184 494 4236 tum
508 4184 612 4237 autem
627 4170 705 4236 heic
717 4177 860 4239 fueritin
882 4178 942 4242 tuis
962 4180 1080 4258 verbis,
1102 4181 1147 4243 mi
1167 4179 1317 4243 monitor:

181 4279 289 4323 sensus
300 4258 374 4337 erit,
396 4256 532 4339 intelligo
544 4257 619 4346 quid
638 4262 731 4325 velis:
751 4263 921 4349 perieulum
939 4266 1024 4327 enim
1040 4286 1188 4352 praesqs
1206 4266 1321 4329 denun-

178 4344 252 4424 tias,
274 4342 354 4407 siin
373 4344 531 4431 proposito
569 4367 755 4411 ennansero.
800 4349 937 4415 Priorem
960 4350 1243 4438 interpretationem
1261 4354 1320 4429 jure

179 4428 288 4515 ολίριιίι
310 4431 471 4515 praeferat.
513 4429 525 4508 [
561 4441 628 4495 sete
643 4430 755 4497 Orell.:
778 4433 915 4503 Monitor
936 4437 1107 4502 censendus
1130 4449 1178 4502 est
1199 4439 1320 4501 innuere
