2700 4972
361 351 423 419 AD
451 342 623 433 Pultstt
650 346 876 417 sstlntu
901 350 973 423 ΙΙΙ.
1180 356 1246 426 2115

72 542 76 549 ’
191 530 248 593 90.
269 502 413 608 sursus]
436 520 651 609 Διοιτνχθιίρι
671 526 754 587 male
769 521 820 585 alii
838 522 907 586 libri
922 524 1034 605 νιιιιις1
1054 522 1244 593 medicorum
1337 556 1341 565 =

105 632 200 676 voces
216 606 402 677 διατάττειν
415 623 445 673 ct
461 608 661 689 συντάττειν,
679 608 762 695 quod
774 610 903 673 verbum
916 630 934 672 e
945 609 1073 673 medicis
1086 624 1244 699 acceptum

104 699 263 778 eleganter
275 699 336 761 alio
348 702 497 760 transfert
513 697 635 759 lllarcus
648 697 817 757 Antoninus
833 696 886 757 lib.
897 694 953 758 lli.
970 695 1012 777 [i]

74 794 79 801 ’
161 796 448 882 ῙΙίτρνίευιιντ.]
478 796 595 860 Seneca
610 796 662 858 Dc
680 797 724 857 ira
743 798 794 858 lib.
811 793 873 860 III:
905 793 1016 863 Initia
1037 797 1243 865 morborum
1312 854 1317 871 ,

102 880 201 973 quies
222 892 333 947 curat.
377 882 474 961 [Adde
489 882 571 947 Celsi
585 885 669 945 locos
684 902 732 967 ap.
745 881 802 961 Pl]
1129 902 1134 917 ·

188 990 244 1053 91.
268 982 633 1070 compositumne]
664 979 758 1045 Κατά
780 976 885 1066 φύσιν
907 977 1063 1067 Exoritur:
1085 984 1127 1049 ita
1147 1009 1241 1075 saepe

102 1070 336 1159 compositum
352 1070 556 1156 diciturquod
569 1070 782 1133 convenienter
794 1081 918 1131 naturae
932 1091 966 1133 se
979 1072 1087 1152 habet:
1103 1093 1241 1137 currere

97 1171 207 1222 autem
221 1179 319 1222 venas
334 1156 410 1219 dixit
423 1178 513 1221 usum
527 1153 671 1240 loquendi
687 1166 807 1217 secutus
828 1156 912 1234 vulgi
926 1158 1019 1219 etiam
1031 1156 1240 1224 medicorum:

100 1244 229 1325 arterias
243 1242 329 1305 enirn
340 1243 487 1323 intelligit,
510 1263 587 1327 quac
601 1262 665 1302 non
678 1251 805 1317 currunt,
820 1238 876 1301 sed
890 1235 1093 1321 σφύττουσιν
1109 1254 1140 1305 et
1150 1249 1240 1330 pulsu

98 1326 379 1413 ἐπισημαίνουσιν
405 1349 443 1389 ac
470 1325 543 1389 dant
572 1326 825 1407 significationem
854 1328 957 1390 bonae
985 1330 1126 1394 malaeve
1147 1333 1295 1401 vale-soa

98 1414 227 1479 tudinis.
730 1416 734 1421 ’
805 1470 809 1478 .
1139 1420 1142 1425 ’
1238 1412 1311 1485 (1⁸²)

188 1520 244 1582 92.
273 1511 333 1579 De
353 1512 489 1597 majore
514 1508 616 1576 domo
639 1509 775 1577 modice
803 1508 875 1595 sit]
915 1511 988 1576 Duo
1008 1520 1115 1601 peccat
1136 1530 1241 1582 contra
1312 1558 1318 1578 .

101 1600 331 1668 valetudinem:
353 1600 437 1684 quod
455 1602 571 1663 balneis
593 1601 698 1678 utitur,
720 1597 803 1683 quod
820 1601 928 1663 vinum
946 1601 1039 1664 bibit:
1059 1602 1093 1663 in
1113 1615 1240 1690 utroque

104 1708 218 1769 genere
234 1706 393 1765 aegrorum
411 1680 674 1770 intemperantiam
692 1686 807 1770 passim
826 1683 940 1746 medici
958 1697 1078 1749 veteres
1098 1702 1241 1752 accusant

105 1774 147 1852 [v.
161 1772 248 1837 Cels:
261 1770 363 1850 illst,
380 1776 432 1835 21.
454 1769 531 1834 l'lin.
555 1791 603 1856 ep.
620 1769 645 1849 I,
668 1772 700 1835 8.
720 1766 849 1849 Doara]
871 1782 902 1830 et
918 1768 1096 1835 Plutarchus
1113 1776 1240 1859 periisse

104 1861 219 1922 multos
242 1856 346 1921 scribit
366 1866 485 1917 tantum
510 1868 632 1955 propter
655 1856 848 1925 lavationem,
868 1854 1136 1940 intempestivam,
1168 1881 1240 1923 cum

104 1946 213 2009 leviter
222 1950 414 2023 aegrotantes
427 1962 534 2026 capere
548 1943 650 2003 erbum
670 1962 736 2002 non
752 1940 933 2005 sustinerent
948 1941 1037 2007 illoti.
1079 1943 1181 2008 Locus
1193 1956 1240 2009 est

104 2030 137 2093 in
149 2025 572 2121 Sabrbribuspracceptislp.
588 2030 659 2093 123.
674 2024 736 2106 B.].
879 2104 884 2129 Ι

175 2126 330 2195 'Modica
344 2125 482 2191 sitiente
494 2125 646 2215 lagena]
665 2122 834 2201 Ἑπιιιιιῶς
848 2123 985 2212 μεγάλῃ,
997 2130 1122 2216 μετρίᾳ.
1143 2130 1238 2198 Parce

102 2218 186 2283 enim
201 2217 349 2303 exquisita
368 2216 439 2278 vina
455 2216 672 2294 largiebantur:
691 2212 847 2279 Juvenalis
866 2216 899 2275 in
913 2215 945 2277 V
962 2216 1048 2295 [3212

210 2296 383 2366 Cardioco
400 2319 577 2386 nunquam
599 2296 763 2385 cyathum
793 2298 962 2362 missurus
984 2298 1109 2363 antico.

109 2450 114 2461 ,
185 2410 241 2473 98.
263 2400 379 2469 Lenia
395 2399 509 2471 lature
523 2398 590 2464 cibi
610 2398 815 2464 Surrentina
838 2399 999 2487 rogavit]
1031 2400 1240 2469 Surrentina

102 2488 198 2555 lenia
217 2500 305 2564 sunt,
346 2508 404 2551 uae
423 2488 510 2572 potui
531 2488 604 2549 fecit
625 2498 695 2571 apta
715 2489 807 2566 longa
831 2484 914 2550 dies:
944 2509 1018 2550 nam
1036 2500 1105 2574 post
1123 2511 1239 2555 annum

101 2577 230 2643 demum
249 2574 322 2639 XX
354 2621 362 2637 .
388 2572 553 2657 incipiebat
571 2573 635 2635 bibi
655 2573 763 2635 vinum
784 2572 1011 2637 Surrentinum:
1041 2585 1112 2637 tunc
1135 2590 1239 2641 autem

100 2658 179 2727 inter
213 2662 293 2725 raeci
316 2680 355 2721 ua
368 2660 545 2721 censebatur
559 2670 589 2720 et
602 2658 883 2721 convalescentibus
900 2658 1145 2723 accommodum.
1173 2662 1240 2725 Pli-
1296 2654 1300 2662 ¹

100 2751 170 2813 nius
182 2685 249 2829 ΓΗ.
270 2683 314 2811 ΝΡ
332 2742 425 2823 XIV,
442 2742 475 2823 6]
502 2755 532 2805 et
553 2741 662 2807 Gracci
681 2741 804 2805 medici.
855 2743 1018 2824 [„Negligit
1042 2758 1239 2832 praeceptum

99 2834 217 2898 medici
238 2829 400 2897 lavationis
419 2829 584 2915 voluptati,
612 2827 824 2891 consuetudini
842 2825 992 2892 Romanis
1009 2831 1166 2910 familiari,
1187 2834 1238 2894 in-
1286 2853 1289 2858 ·

100 2916 264 3001 dulgens.“
279 2914 338 2987 Pl.
352 2937 382 2999 q.
398 2917 494 2977 cfa-
506 2913 680 2981 Perfectum
695 2910 832 3001 rogavit
847 2913 950 2976 aoristi
963 2916 996 2977 lr.
1011 2916 1109 2980 lvim
1122 2918 1239 2983 habere

99 3018 183 3070 recte
196 3003 319 3067 monuit
336 3000 446 3080 Web]

126 3144 129 3149 .
189 3106 242 3172 94.
266 3097 486 3180 Bersabeae,
506 3108 544 3163 tu
563 3097 703 3186 pallea]
730 3100 848 3165 illedici
862 3104 957 3167 verba
972 3098 1012 3165 ad
1025 3120 1164 3183 segma,
1185 3092 1244 3189 qui.

102 3197 169 3276 ejus
184 3191 388 3255 consiliumet
400 3189 534 3250 oblatam
554 3186 739 3249 medicinam
758 3189 880 3274 respuit,

188 3307 243 3376 95,
264 3304 389 3396 Surgit
403 3302 509 3369 tacite
531 3302 594 3368 tibi
605 3303 705 3369 lutea
716 3305 848 3392 peltis]
883 3302 999 3369 Pallida
1020 3305 1116 3370 cutis:
1137 3308 1238 3373 luteus

101 3399 203 3475 color,
287 3392 365 3457 lidus
389 3404 420 3455 et
444 3394 530 3454 albus
554 3393 669 3476 passim
696 3392 939 3455 confunduntur:
969 3389 1051 3475 apud
1074 3392 1238 3458 Horatium

101 3481 217 3570 [Epod.
229 3414 303 3559 Pil,
322 3478 371 3543 16.
393 3476 505 3557 X,16]
526 3474 641 3551 luteres
656 3476 778 3564 pallor
798 3490 828 3541 et
850 3474 949 3539 albus
962 3473 1095 3560 pallor,
1118 3491 1148 3540 et
1161 3501 1238 3544 mox

99 3568 225 3633 Persius
236 3562 343 3627 timor
357 3560 464 3625 albus
506 3563 658 3639 Homines
678 3574 783 3626 autern
801 3587 819 3626 e
838 3564 947 3625 :norbo
966 3560 1096 3646 pallidos
1117 3585 1172 3648 per
1187 3568 1238 3642 jo-

101 3674 173 3717 cum
184 3674 225 3738 ap
277 3652 379 3711 labant
391 3646 502 3711 Graeci
512 3646 673 3723 πυξίυονς
686 3660 716 3711 et
727 3650 789 3714 τοῦ
805 3648 933 3731 χρυσοῦ
947 3644 1073 3727 γένους,
1095 3660 1129 3709 ut
1143 3654 1238 3713 rel'ert

98 3738 297 3803 Eustatluus:
332 3736 414 3797 tacta
435 3731 579 3796 videlicet
600 3734 748 3797 allusione
776 3734 816 3797 ad
836 3733 1046 3819 proverbium,
1079 3733 1164 3817 quod
1195 3734 1236 3799 de

98 3824 230 3905 insignis
249 3820 394 3884 bonitatis
420 3818 493 3883 viris
515 3820 714 3903 usurpabant:
746 3819 886 3893 λείψανα
911 3818 994 3880 enim
1015 3818 1080 3878 τοῦ
1105 3821 1236 3900 χρυσοῦ

99 3908 221 3995 γένους
239 3906 402 3983 vocabunt.
444 3899 616 3985 [„Pellem
632 3926 650 3966 a
672 3913 747 3967 cute
767 3904 949 3984 distinguere
967 3900 1087 3965 videtur
1098 3903 1228 3985 Persius,
1235 3913 1287 3974 301

99 3988 438 4069 attavorum-192„
479 3988 565 4051 Haec
583 3991 680 4068 sanis,
701 3990 752 4052 illa
774 3988 904 4072 aegrotis
927 3998 958 4050 et
976 3984 1100 4072 quidem
1118 3980 1237 4072 Hydro-

100 4085 176 4171 pieis
190 4074 366 4143 conveni&
392 4070 466 4153 PL]

184 4204 238 4265 97.
255 4188 476 4278 Jampridem
489 4187 579 4256 tnnc
594 4144 720 4277 sepeli:
743 4182 782 4256 tu
804 4190 937 4270 restas]
966 4188 1079 4271 Tangit
1096 4189 1235 4255 insolen-

98 4288 173 4353 tiam
187 4280 355 4367 juventutis
378 4277 573 4365 depravatae,
595 4300 674 4365 quae
692 4282 773 4342 bene
789 4278 984 4343 monentibus
1008 4274 1087 4337 adeo
1107 4279 1235 4355 gratiam

98 4396 161 4437 non
185 4373 281 4434 refert
298 4364 456 4441 meritam,
483 4375 519 4424 ut
538 4386 631 4534 εοοᾶτ
651 4367 769 4427 malum
786 4367 949 4429 minitetur.
999 4360 1181 4427 Pistoclerus
1199 4364 1234 4429 in

97 4456 306 4524 bacchidibus
318 4448 402 4541 apud
417 4449 558 4517 Plautum
635 4455 852 4534 sc.2,vv.39.
866 4450 919 4519 40.
932 4444 1004 4527 47]ι
1070 4502 1110 4541 ,Ι
1212 4470 1217 4477 ·
1313 4506 1336 4585 J
