2700 4972
380 1162 844 1327 mearco
898 1246 937 1337 s,

172 1356 1136 1526 cnsnoeonosrsn

418 1606 735 1674 LECTORI
778 1608 811 1672 S.
855 1607 889 1673 P.

548 1848 760 1867 -h-b-——n--o-t—

79 2050 221 2154 lseaei
243 2081 471 2147 Casanboni
492 2082 524 2144 in
546 2082 687 2146 Persium
700 2078 805 2145 Libri
825 2078 1080 2145 Commentarii
1100 2082 1219 2147 dudum

79 2181 143 2248 est,
167 2169 266 2232 amice
279 2166 404 2248 Lector,
426 2184 497 2230 cum
514 2189 581 2232 rare
594 2181 666 2232 sunt
682 2169 715 2230 ln
736 2170 797 2232 hoc
810 2188 904 2248 regno
924 2169 1124 2255 exemplaria,
1146 2192 1218 2257 per-
1241 2164 1256 2247 ‘.

79 2257 168 2319 tinex
186 2266 291 2317 antem
308 2257 394 2317 fama
411 2265 443 2317 et
462 2253 536 2317 inde
557 2254 658 2318 studia
675 2257 825 2317 lectorum
845 2275 1002 2339 nunquam
1014 2254 1216 2335 flagrantiore.

79 2336 188 2422 Quare
209 2350 281 2403 ante
302 2341 417 2426 aliquot
433 2356 558 2404 menses
582 2345 620 2404 ab
641 2340 770 2403 homine
783 2339 953 2426 bibliopola
971 2340 1049 2402 mihi
1063 2353 1139 2403 noto
1160 2363 1213 2404 ro-
1243 2342 1250 2357 ⁸

79 2440 187 2510 gatus,
208 2422 320 2511 ecquid
337 2428 486 2489 haberem
505 2426 588 2512 quod
608 2425 648 2489 ad
671 2446 923 2573 novamsepuam
943 2427 1045 2488 moliri
1062 2448 1097 2489 se
1116 2428 1212 2513 proti·

78 2516 201 2578 rebatur
215 2511 392 2590 editionem,
408 2515 596 2575 conferrem:
618 2513 669 2598 qui
683 2514 800 2598 primae
854 2513 957 2575 itionis
966 2511 1106 2575 codicem
1119 2533 1215 2575 manu

76 2603 110 2665 b.
126 2621 172 2663 ιιι.
187 2599 320 2685 parentis
340 2599 445 2661 multis
459 2599 491 2659 in
510 2601 585 2662 locis
604 2610 742 2676 auctum,
770 2597 933 2683 aliquando
960 2599 1053 2661 etiam
1068 2596 1217 2662 emenda-
1269 2674 1272 2681 Ι

77 2699 147 2750 rum
162 2687 329 2763 haberem,
358 2683 398 2747 ‹le
412 2696 497 2770 patre
513 2694 544 2747 et
559 2686 773 2749 communibus
790 2684 896 2747 litteris
910 2686 991 2746 bene
1006 2684 1146 2769 merendi
1161 2706 1215 2747 oc-

78 2773 240 2837 casionem
258 2772 388 2834 libenter
410 2773 571 2856 amplexus
588 2768 691 2834 statim
709 2782 740 2833 et
758 2768 904 2832 codicem·
912 2781 943 2832 et
964 2790 1091 2856 operam
1110 2790 1215 2834 meam

78 2858 180 2923 obtuli
198 2868 246 2937 et,
282 2867 316 2918 ot
338 2855 499 2918 hominem
523 2868 607 2919 tanto
634 2856 733 2936 magis
756 2857 992 2936 obstringerem,
1027 2853 1215 2919 Graecorum
1271 2898 1274 2903 -

77 2956 220 3032 quoqne,
241 2944 296 3005 ubi
310 2964 388 3028 opus
408 2953 504 3017 esset,
525 2943 805 3028 interpretationem
817 2944 896 3004 ultro
911 2941 1088 3028 promisi*).
1128 2943 1223 3009 Lae-¹

76 3044 128 3095 trts
148 3033 203 3093 itte
222 3050 280 3116 pro
303 3029 416 3091 ositum
432 3049 539 3109 urgere
557 3040 588 3091 et
607 3051 666 3092 me·
679 3027 810 3092 subinde
831 3030 1001 3114 appellare3
1028 3028 1106 3089 nihil
1126 3029 1158 3090 in
1179 3050 1214 3092 se

78 3134 189 3181 morae
219 3050 366 3202 profiteri.
416 3113 495 3178 Cum
512 3113 552 3177 ad
578 3134 646 3177 rem
663 3126 791 3179 ventum
812 3125 875 3191 est,
908 3102 989 3198 onan
1009 3134 1081 3175 uam
1102 3113 1214 3177 eadem

22 3228 25 3233 ·
75 3213 236 3290 supererat
256 3199 297 3263 ad
318 3199 533 3286 praestandum
555 3200 706 3279 alacritas,
743 3220 822 3284 quae
845 3201 944 3262 luerat
970 3136 1011 3261 ai
1027 3201 1213 3284 promitten-

76 3288 181 3353 dumr·
198 3296 265 3351 noh
279 3297 383 3348 tamen
397 3298 461 3349 tam
484 3284 663 3370 expeditum
681 3306 761 3433 opps
778 3282 946 3363 experienti
967 3285 1025 3347 fuit
1045 3306 1139 3371 quem
1164 3287 1214 3350 vi-

74 3392 148 3441 sum
172 3384 239 3437 erat
265 3372 412 3458 opinione
437 3371 653 3456 praesumenti
730 3382 862 3457 mutique
885 3371 970 3433 enim
990 3392 1099 3457 parens
1118 3375 1213 3435 verba
1317 3400 1320 3413 ·

73 3463 146 3549 ipse
166 3460 351 3536 bulborum,
375 3479 453 3544 quae
472 3456 576 3520 addita
599 3458 753 3545 cupiebat,
781 3457 815 3518 in
831 3457 992 3542 capacibus
1005 3459 1067 3520 oris
1082 3458 1151 3520 libri
1163 3458 1212 3520 in-

73 3546 201 3611 terdem
222 3542 399 3624 adjecisset,
425 3544 459 3606 in
481 3545 632 3629 plerisque
652 3554 757 3607 tamen
777 3541 818 3604 ad
832 3543 959 3628 paginas
978 3553 1098 3607 tantum
1106 3545 1213 3606 remit-

73 3634 179 3713 nbat,
201 3652 266 3693 non
277 3630 443 3717 capitibus,
464 3652 528 3692 non
540 3630 642 3710 libris,'
656 3641 690 3690 ut
705 3629 881 3715 plurimum,
902 3627 1051 3708 indicatis,
1066 3640 1212 3715 ¹neparte

75 3718 205 3804 qnlrletn
222 3718 284 3779 looi
305 3734 399 3802 quem
417 3717 543 3781 volebat
564 3716 613 3794 (ut
634 3734 727 3801 saepe
746 3714 793 3795 fir)
816 3715 965 3801 apposite.
1016 3712 1102 3795 Quid
1122 3716 1213 3797 lgitur

50 3792 214 3869 ‚tanmem
235 3802 296 3867 nisi
313 3803 413 3889 ipsas,
433 3804 544 3887 qulbus
555 3823 628 3865 usus
652 3812 732 3880 erat,
763 3798 915 3863 editiones
929 3801 1078 3875 libromm
1099 3822 1213 3865 consu-

75 3891 201 3955 lerem?
227 3886 276 3952 Ita
296 3886 439 3989 haerenti
449 3888 483 3951 in
502 3887 585 3951 vado
605 3896 833 3991 peropportuna
854 3886 981 3987 ocoprn‘t
995 3887 1061 3949 Viri
1081 3886 1160 3950 Glar.
1178 3897 1212 3962 ot

75 3972 941 4165 tamarectractataeclaaaa
954 4058 1211 4145 n

78 4240 287 4255 w·-

78 4350 174 4489 mt’p
194 4338 272 4421 [llam
297 4358 346 4403 noe
368 4344 530 4414 delevimus,
554 4346 711 4419 ubicumque
744 4346 779 4403 'sb
802 4340 895 4402 isaaco
919 4336 979 4401 Cet.
1007 4349 1128 4418 prolecta
1158 4364 1210 4402 non
