2700 4972
255 25 292 67 Ψ

255 275 257 279 ⁴
330 272 586 388 anraasrr
613 320 832 389 samara
860 320 925 389 vr.
1132 328 1194 392 aar

55 512 134 557 nam
149 489 272 579 quando
284 491 387 555 anima
400 503 543 558 movetur
553 493 688 580 appetitu
707 492 820 580 aliquid
834 491 963 575 mendi,
982 505 1107 582 propter
1126 516 1197 583 par-

55 578 138 641 tium
153 578 360 664 sympathiam
374 579 477 641 statim
490 579 585 642 saliva
600 581 634 642 in
647 602 701 643 ore
715 581 855 669 nascitur,
877 590 1024 666 tanquam
1036 584 1196 684 supplente

55 684 117 751 pro
133 684 189 726 sua
200 663 279 726 virili
290 674 396 726 natura
412 661 567 727 defectum
579 666 624 727 rei
637 677 774 751 optatacr
788 663 873 751 quod
887 666 981 728 etiam
994 667 1028 729 in
1041 667 1109 730 abis
1118 669 1249 742 affe-487

58 749 158 813 etibus
172 748 264 812 simili
276 749 394 811 ratione
404 760 504 834 potest
517 752 682 814 observari.
706 750 757 829 [Ut
770 746 955 815 turdarum
964 752 1025 814 hoc
1034 773 1063 816 v.
1072 752 1197 832 majoris

57 835 243 897 auctoritatis
259 845 305 898 est
315 855 408 920 quam
423 830 567 914 tardor„
588 835 630 898 ita
643 846 675 898 et
688 833 1004 915 teneres-salivas,
1026 836 1109 922 quod
1123 859 1141 902 e
1156 842 1197 904 10

58 917 165 1067 Codd13
172 918 257 1085 qut,
279 919 313 983 in
332 920 415 1006 quib.
435 920 559 1008 optimi,
586 920 684 1002 Ebm,
717 921 849 988 Chemn.
871 932 1072 1009 reposuerunt
1087 922 1198 1006 elidem

57 1026 91 1071 r.
110 1027 142 1069 sc
166 1027 205 1066 o.

148 1093 201 1158 25.
221 1086 336 1178 Messe
357 1095 457 1154 unua
470 1087 620 1176 propria
637 1088 744 1172 viva]
777 1089 853 1157 Esto
874 1092 1008 1157 liberalis
1030 1086 1116 1157 nard
1135 1086 1197 1177 τὴν

59 1171 196 1254 οὐσίαν,
218 1173 251 1237 id
266 1187 312 1239 est
325 1197 381 1262 pro
395 1174 492 1239 modo
513 1187 633 1239 tuarum
659 1198 764 1264 opum.
814 1176 870 1242 Est
893 1179 978 1241 enim
997 1173 1196 1258 ἐλευθέρως,
1246 1202 1248 1207 ⁴

56 1263 157 1349 inquit
167 1260 386 1347 philosophus,
408 1255 524 1327 ὁνανά
539 1258 600 1345 τήν
621 1256 743 1327 οὐσίαν
759 1261 919 1328 δαπανῶν
937 1260 994 1329 καὶ
1015 1261 1061 1339 εἰς
1087 1258 1110 1327 d
1127 1262 1199 1328 dria

59 1346 184 1412 messis
196 1357 241 1411 est
253 1341 381 1429 ἄφενος
397 1346 464 1411 sive
475 1368 592 1412 annuus
605 1347 736 1429 reditus3
760 1347 874 1413 vivere
889 1368 999 1411 ncesse
1015 1357 1124 1428 tenus,
1147 1350 1198 1412 ni-

56 1435 106 1499 bil
119 1433 280 1520 quicquam
295 1430 335 1494 de
346 1431 444 1495 reditu
455 1434 511 1495 reli
530 1455 606 1495 uum
618 1438 736 1499 facere:
757 1433 790 1496 id
802 1436 885 1498 enim
898 1447 946 1503 est
958 1442 1077 1497 tenua:
1097 1446 1198 1498 totum

58 1519 145 1584 enim
169 1539 294 1605 semper
309 1515 437 1580 includit
453 1455 545 1599 illud,
566 1517 686 1604 dequo
708 1519 830 1582 dicitur:
864 1521 907 1582 ita
925 1532 1027 1583 autem
1039 1541 1199 1606 exponen-
1254 1528 1257 1533 ’

57 1605 137 1669 dum
152 1625 221 1669 esse
233 1602 391 1689 sequentia
406 1606 501 1668 verba
515 1607 661 1669 clamant:
683 1609 749 1668 vult
769 1606 852 1668 enim
867 1616 967 1668 totum
985 1608 1107 1692 penitus
1123 1627 1199 1668 con·
1219 1654 1221 1659 .
1298 1676 1302 1697 Ι

55 1691 142 1756 sumi
156 1698 340 1777 protentum
358 1710 511 1754 annuum:
539 1689 623 1775 quod
637 1702 744 1754 tamen
766 1693 969 1754 oeconomiae
988 1703 1088 1754 rectae
1111 1712 1201 1777 prae-

57 1776 155 1864 ceptis
177 1778 327 1863 repugnat
345 1785 375 1838 et
396 1774 442 1837 illi
460 1774 547 1840 Pauli
568 1775 795 1841 Jurisconsulti:
822 1771 947 1839 Omnis
955 1773 1110 1862 pecunia
1126 1775 1201 1840 sine

53 1858 195 1950 Ρσειιὶἰο
208 1854 434 1947 fragilia-eat.
478 1858 541 1923 Sed
554 1860 674 1925 Persius
690 1861 842 1925 abducere
860 1863 1003 1926 homines
1022 1865 1088 1925 vult
1102 1865 1140 1926 ab
1164 1883 1202 1925 ea

57 1946 245 2026 diffidentia,
269 1964 347 2032 quae
359 1946 429 2009 illos
437 1945 565 2033 impellit
573 1966 679 2034 parere
693 1946 813 2012 divitias
823 1948 925 2033 potius
940 1969 1031 2034 quam
1046 1949 1138 2033 partis
1146 1948 1202 2013 uti.

146 2046 197 2113 Et
216 2047 406 2135 granaria,
427 2042 494 2134 fas
513 2042 581 2126 σεῖ’,
603 2045 757 2129 Emvla]
786 2047 872 2128 Quid
895 2051 1024 2131 cogitas,
1046 2039 1161 2135 inquit,
1181 2071 1202 2112 o

57 2138 167 2215 stulte,
198 2132 274 2195 dum
293 2132 416 2196 assidue
438 2135 520 2201 bona
541 2135 679 2214 congeris
702 2135 863 2198 inhorreo
884 2147 916 2197 et
939 2136 1099 2216 grmaria?
1129 2135 1204 2221 quin

57 2222 163 2309 potius
176 2220 291 2306 promis
307 2240 385 2304 quae
399 2240 503 2283 servas
518 2217 657 2299 condita,
680 2231 712 2282 et
732 2219 837 2283 amicis
857 2221 1042 2306 pauperibus
1055 2220 1107 2282 illa
1124 2223 1204 2282 elar-

59 2307 158 2389 giris?
180 2303 330 2379 deirorum
351 2302 487 2389 politicae
516 2302 628 2366 emole
647 2306 824 2392 granario
837 2326 894 2392 pro
909 2306 1035 2369 exhauri
1053 2304 1202 2369 molendo

59 2415 97 2456 ac
107 2391 243 2478 quotidie
257 2391 419 2453 liberaliter
429 2388 626 2453 insumendo.

146 2482 199 2543 26.
223 2472 318 2557 Quid
329 2473 491 2537 maturari),
508 2496 614 2538 occa:
637 2482 672 2538 et
691 2495 790 2564 seges
806 2473 922 2540 altera
937 2472 974 2538 in
994 2471 1102 2540 herbo
1124 2478 1202 2556 aab]

59 2559 154 2643 Quae
170 2572 232 2640 est,
256 2562 315 2640 ait,
333 2563 411 2624 baec
424 2559 616 2628 diffidentia?
637 2561 704 2648 quis
715 2574 816 2627 metus
831 2563 997 2644 egestatis?
1019 2562 1082 2626 vin’
1096 2573 1130 2624 tu
1143 2582 1204 2649 po-
1242 2562 1248 2575 ¹

19 2718 22 2725 ,
60 2670 136 2712 nere
150 2649 275 2712 stultum
289 2648 371 2709 hunc
383 2657 502 2711 metum
519 2659 550 2709 et
562 2650 623 2709 hoc
640 2648 743 2710 solum
758 2670 876 2728 curare,
905 2659 939 2710 ut
954 2647 1076 2711 ociosus
1093 2668 1134 2710 ne
1153 2647 1204 2711 ri-

60 2755 135 2813 vas,
158 2731 214 2797 sed
229 2733 349 2795 labores
367 2743 398 2794 et
415 2730 556 2818 Spartam
572 2754 677 2810 ornes,
699 2754 793 2818 quam
807 2742 840 2797 os'
857 2745 981 2798 nactus:
1003 2745 1094 2820 atque
1109 2733 1204 2795 inter-

61 2841 101 2884 ea
119 2830 199 2882 certa
219 2816 327 2881 fruaris
346 2837 402 2903 spe
421 2838 485 2879 non
507 2815 614 2881 defore
633 2819 782 2881 laboranti
797 2817 881 2903 quod
899 2821 1035 2880 summm
1052 2816 1092 2880 sit
1105 2818 1203 2883 satis?
1313 2882 1316 2889 ,

61 2902 95 2970 0
109 2925 220 2992 praece
243 2914 308 2965 tum
322 2901 478 2965 divinum!
502 2901 575 2988 quid
587 2903 670 2966 enim
685 2903 785 2990 potuit
805 2904 1035 2966 convenientius
1049 2901 1202 2966 mandatis

60 2988 193 3057 Domini
211 2925 310 3055 lesu?
345 3009 432 3051 occa
450 2989 519 3053 heic
544 3010 608 3050 non
634 2987 803 3052 secundum
822 2990 956 3052 nominis
984 2988 1204 3078 proprietatem

61 3071 292 3163 accipiendum,
319 3072 376 3136 sed
394 3067 505 3150 dulcia
526 3076 713 3160 prolabore.
747 3073 897 3153 [Dimidia
912 3095 982 3162 pars
999 3071 1097 3137 Codd.
1111 3073 1255 3151 Acamas
1304 3078 1313 3154 f

60 3162 187 3227 Hamn.
203 3181 326 3237 omnes,
349 3157 431 3241 Tm,
451 3158 556 3239 Paris,
579 3160 698 3224 Wimr
722 3156 762 3240 Q.
782 3156 922 3239 metuis,
950 3156 1033 3247 quod
1049 3160 1138 3220 facile
1155 3160 1205 3219 in-

45 3248 269 3329 'telligiturcur
280 3244 372 3307 fuerit
389 3256 549 3309 mutatum.
592 3242 716 3308 Deinde
731 3245 827 3308 Ach.=
858 3265 907 3308 sn·
924 3263 1041 3332 seges,
1070 3243 1153 3329 quod
1170 3247 1222 3328 in¹

61 3334 154 3397 nullis
168 3330 266 3395 Codd.
281 3329 341 3412 legi
354 3328 497 3413 videturi]
529 3327 653 3397 Herba
673 3342 721 3395 cst
737 3353 831 3416 quam
845 3329 952 3394 Cicero
973 3331 1205 3399 herbescentem

60 3417 247 3487 viriditatem
259 3416 301 3479 ait
317 3437 473 3497 emergere
493 3413 665 3481 desemine
684 3428 808 3481 occato:
837 3416 949 3480 melius
967 3414 1205 3478 autemPersius

62 3524 163 3593 aegea
177 3501 214 3653 ip
229 3497 335 3651 bqu‘ba
347 3509 406 3564 ear·
419 3523 513 3588 qnam
537 3501 660 3567 messis
675 3499 714 3567 in
733 3498 842 3565 herba
863 3498 934 3579 est,
956 3513 990 3564 nt
1003 3499 1085 3586 apud
1099 3500 1205 3580 Virgi-

61 3593 150 3655 lium.
211 3592 242 3653 f.'
288 3634 294 3647 .
741 3616 744 3621 ·

148 3589 202 3741 bd·
222 3587 415 3738 advocas
436 3668 617 3760 officium]
655 3672 761 3737 Virtus
780 3664 1012 3753 ἐλευθεριότης
1028 3670 1064 3733 in
1083 3669 1205 3733 duobus

58 3762 164 3851 posita
192 3772 256 3824 est:
286 3769 319 3821 ut
341 3759 453 3845 opibus
470 3760 582 3823 nostris
602 3770 633 3822 et
651 3761 789 3822 fiuamur
806 3757 868 3845 ipsi
889 3768 921 3823 et
943 3757 1012 3821 aliis
1031 3757 1206 3837 largiamur.
1298 3760 1302 3771 '

58 3848 108 3914 Ad
125 3847 209 3934 prius
223 3847 399 3908 membrum
412 3845 542 3929 pertinet
556 3843 640 3930 quod
653 3843 817 3932 praecedit,
928 3918 937 3933 ,ι

148 3944 264 4013 Mesae
279 3945 535 4032 tennaprop'rio
549 3944 649 4011 vive.-
878 4034 882 4045 Ι

57 4074 137 4120 narn
153 4049 269 4116 vivere
283 4047 496 4136 accipiendum
508 4071 566 4134 pro
585 4049 738 4129 liberalius
754 4043 823 4124 (sed
836 4045 914 4109 intra
925 4044 1094 4109 honestatis
1114 4045 1204 4119 fines)

59 4141 155 4224 genio
177 4135 350 4217 indulgere:
381 4156 453 4198 eum
474 4156 567 4199 usum
593 4156 687 4222 opum
710 4131 876 4197 definiebat
894 4130 1015 4194 Persius
1036 4124 1119 4195 κατὰ
1145 4126 1207 4214 τὴν

58 4223 202 4304 ον’σίνν,
225 4220 489 4308 quemadmodum
504 4232 534 4285 et
548 4220 706 4286 Juvenalis
728 4216 800 4315 [XL
817 4214 859 4284 35
873 4218 964 4303 sqq.]:

149 4338 340 4411 Noscanda
355 4348 579 4404 salman-sura
593 4338 648 4405 aui
660 4331 914 4440 spectandaque
931 4329 1031 4399 rebus
1199 4346 1274 4430 (192)

56 4455 60 4461 ·
149 4429 194 4495 In
207 4425 352 4492 summis
366 4423 608 4515 minimisque:
629 4435 740 4495 ettam
753 4443 833 4491 oum
839 4421 950 4509 pascis
964 4426 1107 4497 emetur,

104 4514 325 4574 commemo.
336 4512 453 4567 odPorr.
771 4580 775 4591 Ι
889 4510 933 4571 21
