2700 4972
105 313 171 375 sss
298 247 302 255 ¹
471 302 873 371 conunursurus
924 332 981 404 '.

105 482 191 545 Haec
201 478 337 541 Persius:
351 473 583 563 etque-omnino
597 476 640 539 ita
649 488 709 539 est:
725 466 994 562 procrssfinetores
1001 476 1230 543 finemdesirliee

105 587 180 630 suae
190 584 310 649 semper
328 563 436 625 facturi
452 573 526 625 sunt
539 566 679 642 jamjam,
701 584 759 643 nec
778 564 894 626 faciunt
913 585 1062 649 unquam.
1106 562 1156 629 De
1167 566 1229 629 rotis

104 651 189 715 idern
208 653 272 712 sere
286 644 491 736 symphosius
507 648 542 709 in
554 647 740 728 Aenigmatis
759 648 841 728 [76]:

212 733 373 818 Quotuor
387 730 556 817 aequales.
569 742 714 796 currunt
728 751 770 794 eu
791 742 866 795 arte
882 753 1031 813 sorores,
1069 740 1078 753 ‘
1174 792 1183 809 ,

201 818 270 883 =Sic
286 816 388 907 quusi
402 814 592 894 certantes,
617 818 755 881 cuncsit
770 816 870 881 luber
891 817 1053 881 cunutus
1069 840 1175 883 unus:
1261 818 1266 839 ⁸

188 934 193 963 ·.
212 904 260 969 Et
271 926 379 990 prope
393 911 475 966 sunt
484 900 637 987 pariter,
661 924 724 967 nec
736 924 773 965 se
787 904 988 990 contingere
997 913 1156 990 possunt.

167 986 264 1055 Nom
286 987 442 1077 quumvis
462 1008 569 1075 prope
591 991 646 1067 te]
676 989 713 1053 ln
733 992 794 1053 hoc
814 991 906 1053 simili
925 990 1103 1055 desidiosus
1121 1013 1229 1077 procre-
1270 1050 1272 1063 ,

104 1077 238 1157 stinator,
261 1077 346 1140 diem
362 1098 456 1157 agens
470 1075 670 1155 hodiernum,
689 1075 855 1161 respondet
869 1078 1037 1161 posteriori
1053 1089 1154 1157 rotae,
1175 1076 1228 1141 dies
1270 1076 1272 1081 ’

104 1165 251 1227 crastinus
262 1168 348 1225 rotae
359 1163 468 1248 priori,
488 1162 607 1222 temoni
621 1161 676 1221 uni
689 1172 776 1223 tenor
790 1162 882 1225 totius
894 1164 985 1227 riute.

191 1254 241 1313 71,
269 1242 305 1313 V
305 1255 472 1309 ertentem
490 1265 562 1309 sese
574 1245 717 1330 frustra
741 1243 915 1308 sectabere
939 1243 1125 1327 cunctum]
1154 1246 1228 1309 Prio-
1270 1256 1272 1267 '

21 1403 30 1428 1
104 1356 173 1396 rem
196 1346 295 1396 rotam
313 1354 470 1417 nunquam
491 1334 636 1412 attinges,
659 1330 808 1395 canthus
821 1323 1066 1413 συνεκδοχικῶς
1086 1354 1143 1418 pro
1156 1344 1229 1395 rote:

53 1430 150 1489 toses
164 1441 243 1482 voce
262 1431 332 1483 ante
345 1419 482 1482 Persium
498 1438 570 1479 usus
587 1438 699 1481 nemo:
719 1418 791 1481 ideo
808 1430 930 1483 notetus
942 1419 993 1480 hic
1009 1421 1099 1481 locus
1111 1419 1173 1479 anti
1192 1418 1229 1481 uis
1245 1418 1249 1429 '

106 1506 231 1568 criticis:
261 1503 467 1583 Quintilianus
487 1503 540 1564 lib.
562 1501 578 1564 Ι
600 1501 643 1581 [5,
665 1500 694 1584 ξ.
716 1503 764 1583 8];
796 1500 1067 1567 Barbas-smum
1083 1440 1229 1600 plenius

105 1588 218 1653 modis
241 1587 453 1674 accipimus.-
482 1607 589 1649 uuum
605 1595 729 1674 gente,
753 1589 855 1673 quale
879 1589 1005 1675 siquis
1024 1586 1160 1675 Afrum
1182 1586 1229 1653 vel

104 1672 304 1762 Hispanum
317 1673 470 1743 Latinae
486 1670 638 1735 orationi
651 1695 774 1737 nomen
788 1672 934 1751 inserat,
955 1684 992 1737 ut
998 1672 1152 1761 serrum,
1174 1694 1229 1761 qrto

105 1771 203 1825 rotae
217 1760 426 1836 vinciuntur,
451 1757 522 1823 dici
536 1758 624 1820 solet
646 1758 850 1823 canthus:
872 1781 964 1844 quan
988 1782 1075 1823 uum
1095 1781 1135 1823 eo
1157 1770 1229 1823 tnn-

104 1869 211 1934 qunm
232 1857 367 1932 recepto
388 1843 499 1923 utitur
513 1843 663 1913 Persius.
707 1846 779 1909 Non
801 1848 938 1927 agnoscit
956 1782 1165 1925 (iuintilianus
1180 1868 1228 1933 pro

104 1935 220 1999 Graeca
235 1936 315 1995 hanc
327 1954 454 1996 vocem:
476 1952 576 2015 neque
586 1952 646 1993 nos
660 1954 734 1995 sane
748 1932 831 2017 apud
842 1935 937 1993 ullum
951 1954 969 1995 e
982 1929 1229 1997 veteribus'Grue-

104 2023 147 2083 cis
170 2018 203 2081 id
222 2019 309 2084 verbi
330 2018 528 2081 meminimus
551 2019 669 2096 legere,
692 2018 748 2079 etsi
769 2018 957 2097 grammatici
976 2015 1089 2080 Graeci
1106 2030 1227 2095 numm,
1262 2085 1267 2097 ,

103 2104 161 2169 sed
171 2116 315 2189 tunquam
330 2104 426 2189 petito
449 2125 466 2164 e
481 2103 567 2183 vulgi
587 2123 746 2165 sermone:
769 2104 882 2165 Auctor
895 2102 1103 2184 Etymologici
1116 2105 1227 2185 magui:

104 2188 361 2269 ἐπίσσωτρα,
391 2186 425 2252 οῦ
448 2182 543 2263 ἐκτὸς
568 2190 636 2249 τῶν
657 2190 786 2271 τροχῶν
808 2182 969 2269 σιδήρειοι
992 2186 1113 2253 κύκλοι
1134 2188 1167 2254 οἱ
1185 2184 1228 2253 lul

103 2275 164 2358 τὴν
176 2274 241 2358 γῆν
255 2269 462 2357 κνλιόμενοι·
485 2268 526 2336 τὰ
539 2268 649 2355 κύκλῳ
665 2278 733 2336 τῶν
752 2275 814 2337 τοῦ
837 2269 983 2356 ἅρματος
999 2278 1130 2357 τροχῶν
1144 2273 1228 2359 cliu-

104 2382 161 2440 ρα·
184 2358 224 2424 τῦ
236 2355 422 2424 luecurtis
436 2359 567 2440 :osyris
581 2354 735 2442 σίδηραῆ
747 2362 861 2442 χαλκᾶ,
884 2356 906 2421 ἅ
921 2360 1077 2425 κανθοὶ
1097 2364 1229 2427 καλοῦν

102 2467 174 2510 ταιε
198 2444 308 2508 eadem
319 2448 412 2511 verbe
425 2447 508 2524 leges
523 2443 605 2529 apud
623 2442 765 2523 Suidaru,
786 2444 980 2509 Eustathiurn
1001 2459 1032 2510 et
1043 2450 1122 2512 alios
1138 2468 1229 2528 grum·

102 2533 245 2594 melicos:
268 2542 436 2593 esttamen
454 2551 528 2614 pura
552 2540 625 2614 puta
646 2552 710 2593 vox
731 2533 842 2594 veteris
857 2528 1002 2594 Graeciae
1024 2526 1166 2609 κανθόςι
1184 2528 1230 2597 ἐπὶ

101 2619 163 2681 τοῦ
179 2610 378 2699 ὀφθαλμοῦ,
402 2617 485 2698 ajunt
500 2613 586 2677 idem
604 2617 808 2695 grammatici,
831 2615 936 2680 sionei
958 2614 1088 2701 κνηθός
1109 2640 1159 2695 τις
1179 2614 1229 2697 sir,

103 2696 247 2767 ἀπὸτοῦ
264 2695 452 2783 scrineolis:
470 2701 628 2782 οννεχοῦςε
652 2702 733 2763 oculi
753 2705 881 2783 angulos
898 2703 1014 2765 medici
1028 2716 1142 2769 vocent
1161 2726 1229 2770 καν-
1248 2732 1251 2737 ·

50 2844 54 2849 .
100 2782 196 2867 loric,
219 2786 382 2849 canthos:
404 2785 460 2849 sed
474 2787 583 2848 orbern
596 2798 696 2849 toturn
709 2808 745 2849 ea
765 2809 844 2871 voce
866 2787 1017 2869 designari
1036 2794 1140 2875 placet
1158 2814 1229 2855 non-

99 2874 202 2938 nullis.
246 2872 435 2953 Hesychius,
464 2866 611 2948 κανθός,
643 2868 666 2936 ὅ
690 2875 751 2936 τοῦ
778 2866 960 2955 ὀφθαλμοῦ
985 2871 1130 2953 κύκλορε
1164 2898 1228 2957 ergo

100 2962 195 3023 etiam
209 2981 279 3021 cum
297 2962 412 3019 serrmn
423 2957 498 3019 illud
516 2958 715 3038 significetur,
738 2980 798 3042 quo
819 2970 904 3023 rotae
920 2973 1080 3025 curvatura
1094 2984 1229 3047 praemu-

99 3047 180 3109 nitur
197 3043 237 3107 ad
250 3064 432 3129 compagem
448 3055 546 3105 totam
564 3044 845 3124 constringendam,
865 3067 928 3109 vox
943 3042 1061 3109 Graeca
1071 3050 1145 3111 erit:
1164 3070 1230 3111 nem

100 3144 132 3194 et
149 3132 201 3194 ille
216 3132 342 3192 canthus
359 3128 441 3191 orbis
463 3128 586 3213 quidem
602 3142 648 3193 est
667 3130 733 3193 sive
754 3131 889 3195 circulus.
930 3132 1145 3214 Hieronymus
1159 3137 1229 3199 lilrro

99 3217 189 3279 tertio
211 3217 244 3277 in
267 3214 478 3277 Ezechielem:
510 3209 659 3277 circulos
681 3222 841 3277 rotarum
862 3216 1005 3283 curtillos
1021 3214 1160 3307 ferreos
1176 3238 1229 3305 op·

32 3298 262 3391 (msyrelluvit,
285 3297 406 3385 quibus
421 3296 597 3386 lignorum
612 3298 806 3363 rotunditas
823 3294 961 3376 artatur
978 3304 1228 3390 etstriugitur:

101 3392 134 3450 in
155 3398 239 3449 textu
260 3388 428 3470 prophetae
449 3397 494 3447 est
513 3402 631 3447 tarsum
658 3409 735 3472 quae
757 3409 823 3449 vox
846 3388 995 3453 Hebraeis
1018 3403 1118 3455 totam
1137 3404 1228 3457 rotem

100 3472 255 3552 designat:
275 3472 347 3534 slibi
363 3482 451 3534 vetus
468 3471 615 3558 interpres
636 3495 692 3558 pro
708 3489 775 3551 pon
794 3468 1013 3555 ἐκίνοωτρον,
1034 3479 1140 3562 posuit
1151 3500 1227 3541 con·

100 3556 188 3622 llius.
232 3556 378 3619 Martialis
396 3557 541 3619 canthum
561 3555 719 3621 assimulat
733 3561 841 3642 puerili
861 3564 985 3641 trocho,
1007 3584 1104 3649 quem
1119 3575 1228 3629 constet

47 3644 250 3707 totlnbuisse
265 3644 359 3705 instar
373 3654 474 3720 rotae,
494 3643 547 3705 illo
563 3664 655 3705 versu
672 3642 775 3723 [x1V,
792 3648 881 3724 168]:

184 3726 254 3792 Iste
272 3724 409 3789 trochus
420 3726 559 3813 pueris,
584 3737 623 3789 ut
640 3727 728 3793 milti
744 3729 889 3793 canthus
905 3730 982 3797 erit.
1067 3800 1072 3809 ¹

96 3814 269 3880 Diomedes
282 3813 360 3876 libro
375 3812 430 3877 lll.
444 3814 486 3898 [p.
504 3814 576 3877 474.
590 3814 743 3895 Putsch.]:
761 3826 858 3879 rotae
879 3818 965 3881 solis
986 3817 1081 3883 latus
1100 3842 1143 3885 ac
1160 3820 1227 3885 ῦπα-

97 3902 214 3965 viatus
238 3898 402 3977 corellius,
433 3896 594 3961 radiatus
612 3899 800 3965 luminibus
823 3901 858 3965 in
878 3914 1068 3990 angustum
1088 3904 1226 3971 modioli

98 3986 269 4050 circulum
300 3982 495 4047 cohibetur:
521 3985 643 4049 videtur
669 3986 789 4051 diversa
816 3993 975 4076 paululum
1000 3994 1130 4056 notione
1155 3998 1225 4057 hanc

97 4096 209 4137 vocem
225 4093 370 4157 usurpare
388 4092 423 4132 ac
444 4072 606 4155 scriptores
618 4075 805 4159 superiores:
829 4076 946 4139 centhis
966 4080 1130 4142 utebantur
1141 4082 1224 4143 etiem

97 4160 203 4221 inillis
225 4158 371 4220 vehiculis
394 4157 459 4219 sive
481 4160 619 4242 plostris,
644 4183 773 4244 quorum
791 4172 875 4223 rotae
899 4183 955 4247 pro
970 4162 1067 4228 radiis
1088 4177 1223 4253 tympuuu

96 4247 260 4308 habebant.
303 4242 420 4305 Probus
431 4241 464 4303 in
475 4242 549 4305 illud
565 4244 687 4325 Virgilii
706 4243 868 4325 [Georg.l,
885 4247 977 4327 163J:

175 4324 372 4413 ,Tardaque
392 4322 582 4393 Eleusinae
601 4330 729 4414 neutris
746 4329 922 4418 polveutio
941 4326 1128 4419 plaustra:

96 4413 261 4504 imperiti,
273 4414 438 4510 iuquitffl
711 4414 1223 4509 ⁸:Jrsnteru'mvehiculo,quc-

679 4506 682 4512 .
721 4509 779 4558 ,Γ
819 4513 828 4526 ,.
