2700 4972
137 312 201 359 nu
500 290 900 381 PRAEFAIIO
987 350 992 361 .

91 488 95 497 ¹
138 462 220 549 cipui
232 460 320 543 libri,
341 483 472 547 quorum
488 473 551 526 erat
562 484 651 541 usus,
679 485 719 526 ex
732 461 844 545 Regia,
868 466 952 542 cujus
964 460 1016 525 ille
1032 471 1132 525 custos
1146 459 1265 542 dignis-

137 550 252 627 simus,
277 546 471 629 Bibliotheca
490 561 612 635 praesto
631 553 770 613 fuerunt:
799 550 908 633 quibus
928 548 1071 633 inspectis
1091 548 1169 609 nihil
1188 550 1266 609 ultra

137 635 251 698 laboris
273 646 445 721 supererat,
474 636 533 698 nisi
555 647 589 697 ut
608 635 712 699 verbis
730 636 845 721 aliquot
864 634 962 720 iisque
977 656 1070 719 quam
1082 634 1169 719 potui
1186 654 1267 718 pau-¹

139 720 284 799 cissimis,
325 719 410 805 quod
438 718 478 782 ad
504 721 651 785 orationis
679 720 907 783 cohaerentiam
932 719 1049 797 deerat,
1083 720 1266 804 supplerem.

139 804 234 869 Erant
248 819 420 893 praeterea,
440 809 553 885 fateor,
574 803 729 869 interdum
741 804 910 893 quaedam,
940 827 1018 890 quae
1031 805 1147 885 legenti
1161 826 1196 867 se
1216 807 1268 867 of-

138 894 267 969 ferrent,
298 906 356 954 nec
386 892 601 977 intempestiva
620 890 756 977 alioquin
774 912 834 955 neo
860 892 976 973 ingrata
997 893 1126 953 fortasse
1147 889 1268 953 Lectori

138 980 256 1040 futura:
285 976 341 1039 sed
354 979 461 1057 religio
474 979 549 1053 fuit,
576 976 740 1063 quicquam
760 976 882 1041 Lectori
898 974 1078 1056 obtrudere,
1103 973 1189 1061 qnod
1204 996 1269 1036 non

140 1062 308 1145 gsnrrinum
327 1065 392 1141 ejus
416 1073 512 1141 esset,
534 1064 757 1143 cujus-nomen
775 1058 1032 1125 Commentarii
1047 1063 1269 1148 praeferebant.

225 1146 273 1210 Ad
298 1144 484 1211 Graecorum
504 1148 682 1225 versionem
708 1146 795 1251 quod
812 1148 936 1229 attinet,
963 1168 1057 1235 quarn
1074 1145 1109 1208 id
1128 1147 1269 1231 impense

140 1232 230 1298 multi
250 1231 457 1296 desiderarent
482 1233 516 1295 in
537 1232 655 1319 scriptis
671 1252 733 1299 rou
749 1232 951 1317 permisso,
981 1254 1046 1295 non
1069 1233 1269 1313 ignorabam:

141 1317 198 1383 sed
227 1330 258 1381 et
279 1318 382 1405 ipsum
409 1322 509 1381 abeo
532 1318 678 1397 consilio,
713 1322 882 1383 mutromm
908 1319 1156 1405 persuasionibus
1177 1316 1271 1378 indu-

143 1415 244 1480 ctum,
269 1426 333 1465 non
356 1424 500 1468 aversum
514 1405 619 1484 fuisse,
639 1404 725 1469 testis
742 1408 810 1484 eius
822 1404 864 1469 ad
878 1405 1040 1469 Lectorem
1054 1399 1269 1481 Admonitio,

37 1498 45 1507 ‘
141 1510 221 1576 quae
243 1484 559 1553 Exercitationibus
587 1490 620 1551 in
641 1486 812 1555 Baroniurn
838 1501 909 1576 post
936 1489 1137 1555 Praelationis
1163 1489 1271 1550 ultima

140 1576 274 1661 praefixa
288 1587 342 1639 est.
382 1574 422 1638 At
439 1590 540 1661 neque
559 1577 637 1653 hoc,
669 1596 740 1639 oum
752 1574 949 1657 aggrederer,
969 1577 1162 1660 inexpectata
1179 1577 1272 1660 plane

143 1661 320 1723 difficultate
337 1660 440 1723 caruit.
482 1662 575 1724 Aliter
598 1662 682 1723 enim
698 1682 790 1747 saepe
812 1661 851 1724 de
865 1662 941 1724 locis
965 1662 1129 1723 authorum
1147 1671 1271 1739 statuas,

143 1747 170 1809 si
184 1746 314 1809 seorsim
326 1758 532 1833 exponantur,
568 1747 669 1825 aliter,
696 1747 723 1808 si
735 1746 817 1833 apud
828 1748 977 1809 Autbores
989 1747 1074 1831 ipsos
1088 1744 1272 1819 anteceden-

142 1831 221 1893 tium
240 1842 273 1895 et
287 1833 480 1917 sequentium
500 1832 620 1895 ratione
638 1834 742 1895 habita
755 1831 983 1919 expendantur,
1003 1833 1154 1895 Authores
1168 1843 1273 1894 autem

143 1920 224 1981 bene
238 1918 336 1997 multi,
357 1940 415 1980 nec
429 1938 539 1981 omnes
550 1916 590 1981 ad
601 1912 747 1979 'manumr
769 1917 825 1981 sed
837 1940 896 1981 nec
909 1919 971 1980 loci
985 1915 1067 2002 apud
1078 1917 1149 1979 illos
1159 1916 1272 1979 inven-

143 2015 176 2065 tu
187 2003 307 2081 faciles,
328 2003 388 2065 nisi
410 2004 499 2065 toties
520 2002 638 2084 integer
657 2004 781 2088 aliquis,
809 2001 963 2066 Plutarchi
983 2013 1056 2088 puta
1070 2004 1123 2066 vel
1135 2000 1272 2065 Platonis

144 2090 237 2166 liber,
259 2100 341 2151 esset
352 2086 558 2153 evolvendus:
590 2088 673 2173 quod
689 2111 747 2151 nec
766 2089 821 2151 otii
836 2089 932 2152 nostri
946 2100 1010 2151 erat
1028 2109 1086 2150 nec
1098 2088 1273 2173 patientiae.

146 2170 252 2253 Quare
268 2173 430 2258 siquando
447 2174 568 2255 longius
583 2179 622 2236 ab
643 2176 777 2238 authoris
791 2186 895 2237 mente
907 2175 991 2237 abire
1006 2174 1178 2254 contigerit,
1201 2195 1275 2236 can-

146 2258 212 2328 didi
232 2259 367 2322 Lectoris
387 2260 444 2323 erit
462 2259 564 2323 studio
583 2270 687 2323 nostro
708 2261 775 2324 aliis
799 2257 1019 2323 commodandi
1038 2258 1073 2321 id
1089 2257 1275 2321 condonare.

146 2342 243 2424 Quod
255 2356 360 2407 tamen
377 2367 419 2409 ne
439 2346 562 2431 saepius
581 2344 747 2425 accideret,
774 2348 917 2409 authores
930 2346 1031 2432 ipsos,
1060 2345 1179 2429 quoties
1190 2345 1276 2406 bosut

146 2440 352 2516 quantumque
371 2430 520 2494 mediocri
537 2430 692 2511 diligentia
710 2432 855 2517 consequi
867 2434 1039 2518 potuimus,
1067 2431 1276 2517 inspeximus,

146 2517 276 2579 aliorum
295 2538 417 2602 quoque
436 2516 595 2581 versiones
616 2515 689 2589 (nisi
705 2519 731 2580 si
750 2521 789 2580 ab
807 2520 935 2580 authore
951 2517 1072 2596 longius
1091 2516 1177 2601 ipsae
1190 2538 1277 2579 rece·
1329 2556 1334 2563 -

147 2600 221 2665 dere
235 2602 320 2665 visae
338 2603 440 2681 sunt),
469 2624 543 2686 quas
566 2603 754 2666 exhibebant
765 2605 851 2679 libri,
881 2605 976 2666 libere
989 2622 1025 2664 ac
1043 2603 1172 2665 libenter
1186 2601 1277 2663 adhi-

106 2686 117 2725 '2'
146 2688 280 2751 buimus.
308 2685 345 2749 In
361 2688 437 2750 locis
455 2689 570 2773 aliquot
585 2690 722 2751 haesisse
740 2711 792 2752 me
806 2701 837 2752 et
854 2688 954 2751 adhuc
968 2690 1094 2750 haerere
1107 2690 1221 2751 fateor:
1242 2689 1278 2749 in

190 2772 258 2835 ’bus
271 2776 324 2836 vel
335 2774 426 2835 lectio
440 2776 493 2837 vel
503 2774 630 2859 probata
638 2773 735 2837 doctis
748 2775 954 2860 interpretatio
966 2774 1045 2836 mihi
1059 2794 1110 2836 sus
1133 2784 1198 2835 ecta
1211 2784 1277 2836 est:

147 2794 311 2943 idquibus
321 2857 395 2944 quid
407 2880 465 2939 ego
477 2859 616 2937 sentiam,
631 2863 721 2945 paulo
735 2871 806 2946 post
818 2860 921 2946 paucis
931 2859 1086 2922 indicabo.
1111 2796 1278 2945 I&aeterum

147 2944 322 3007 meminerit
340 2945 459 3024 Lector,
481 2967 539 3008 nos
553 2942 749 3024 Graecorum,
764 2958 882 3008 tantum
897 2947 951 3009 ubi
968 2967 1049 3032 opus
1066 2956 1137 3023 erat,
1159 2945 1279 3009 versio-

148 3052 222 3093 nem
233 3030 419 3115 promisisse.
464 3031 612 3111 lllagnam
624 3033 709 3093 enirn
730 3054 793 3093 non
806 3032 924 3118 parenti
937 3042 1070 3108 tantum,
1098 3028 1154 3093 sed
1169 3028 1279 3092 corda-

149 3116 221 3179 tiori
237 3116 333 3179 cuivis
343 3117 475 3180 Lectori
491 3118 633 3195 injuriam
652 3118 846 3197 fecissemus,
876 3118 902 3181 si
923 3116 1048 3197 singulis
1064 3112 1188 3179 Graecis
1206 3117 1280 3179 toti-

150 3200 224 3265 dem
247 3201 370 3282 Latina,
405 3204 458 3289 qui
485 3203 652 3267 multorum
680 3225 749 3267 mos
774 3214 834 3283 est,
867 3205 1117 3282 subjecissemus,
1153 3224 1224 3265 cum
1245 3200 1281 3263 id

149 3290 277 3350 solenne
294 3290 414 3434 parenti
428 3290 462 3351 in
479 3290 647 3376 plerisque,
678 3310 758 3375 quae
778 3293 816 3353 ab
838 3311 876 3352 eo
897 3298 968 3353 sunt
987 3287 1083 3367 edita,
1113 3288 1219 3367 suerit,
1244 3298 1280 3349 ut

150 3393 277 3436 sensum
306 3395 434 3436 ecorum
449 3374 590 3437 liberiore
602 3376 690 3459 quasi
702 3376 845 3441 versione
859 3374 1078 3460 praemitteret,
1100 3374 1281 3459 praesertim

150 3458 178 3521 si
196 3460 247 3520 vel
266 3459 413 3541 prolixior
431 3463 483 3525 vel
503 3460 647 3523 illustrior
661 3463 758 3523 locus.
808 3460 843 3523 Si
863 3461 931 3545 quis
952 3459 1058 3539 igitur,
1095 3458 1281 3545 quidnobis

150 3545 342 3630 propositum
353 3545 461 3619 fuerit,
481 3545 627 3609 curiosior
637 3546 805 3626 intelligere
816 3557 947 3626 satagat,
969 3543 1060 3607 adeat
1071 3545 1157 3607 illam
1169 3565 1281 3632 paren-

150 3630 207 3708 tis,
242 3650 335 3714 quam
361 3628 509 3710 diximus,
547 3627 984 3695 Admonitionemsuadeoa
1017 3650 1097 3717 quae
1123 3630 1215 3695 nobis
1246 3630 1282 3691 in

150 3716 213 3777 hoc
233 3736 326 3801 opere
346 3718 536 3781 versantibus
559 3738 615 3802 pro
639 3714 798 3799 Cynosura
818 3718 891 3797 fuit,
918 3715 1070 3819 nequid,
1099 3714 1201 3801 quoad
1215 3718 1282 3795 ejus

151 3812 272 3887 posset,
300 3822 364 3863 non
388 3822 429 3865 ex
454 3804 535 3865 illius
555 3814 660 3867 mente
679 3802 902 3883 admitteretur,
929 3800 1067 3865 additam
1087 3812 1192 3866 tamen
1209 3798 1294 3863 loco·¹

152 3907 215 3947 uno
232 3898 283 3947 aut
297 3889 409 3961 altero,
429 3889 482 3953 uhi
495 3910 560 3951 non
578 3910 657 3975 opus
671 3901 748 3967 erat,
770 3888 1068 3973 interpretationem',
1086 3910 1164 3951 sero
1180 3886 1284 3949 anim·

153 3969 358 4048 advertimus;
386 3972 443 4037 sed
462 3986 493 4037 et
511 3975 660 4038 omissam
675 3977 804 4039 fortasse
826 3974 981 4061 pluribus,
1009 3974 1064 4036 ubi
1078 3972 1198 4035 Lector
1217 3994 1284 4036 non

152 4077 232 4121 unus
247 4068 389 4144 optasset

244 4145 401 4209 Hactenus
427 4164 504 4229 quae
527 4142 662 4209 Lectoris
689 4147 852 4209 intererant
878 4146 917 4207 ab
947 4146 958 4205 i
996 4166 1015 4205 o
1044 4166 1108 4207 non
1138 4144 1284 4225 ignorarit

154 4250 211 4291 nec
226 4232 303 4291 ultra
317 4241 505 4303 teneremus,
526 4230 586 4293 nisi
603 4230 718 4317 aliquid
733 4231 773 4295 de
784 4231 919 4294 Authore
934 4166 1007 4292 addi
1019 4232 1194 4316 importuna
1205 4252 1283 4316 quo-

153 4313 283 4377 rundam
304 4314 515 4378 maledicentia
535 4328 666 4399 cogeret.
721 4316 755 4381 Si
770 4320 822 4381 vel
841 4315 992 4379 modestia
1017 4337 1206 4402 quenquam,
1232 4318 1286 4400 qui

154 4398 194 4462 ad
211 4401 343 4486 aliquam
354 4401 488 4465 nominis
502 4402 705 4467 celebritatem
717 4400 878 4467 scribendo
900 4401 1086 4487 pervenerit,
1108 4405 1147 4464 ab
1158 4400 1285 4483 invidia,
