2700 4972
102 356 169 446 sss
297 304 1063 445 rnrsnnraormiummro‚
1181 401 1189 409 ·
1282 382 1287 407 ¹

437 567 502 610 nec
517 556 687 628 metuam,
709 543 794 634 quid
807 540 852 610 de
864 569 920 613 me
931 545 1074 635 judicet
1091 547 1201 627 lenes,

234 627 336 717 Quod
356 653 426 696 non
446 632 553 716 plura
572 631 666 696 dotis
679 632 869 698 invenerit:

106 721 249 808 sequitur,
271 719 352 808 apud
368 720 520 798 Persium,
541 722 645 805 paullo
659 732 730 807 post
749 743 783 784 v.
798 720 857 788 412

107 870 109 877 ,
236 802 339 871 Haec
357 803 474 869 cinere
493 802 642 869 ulterior
660 806 824 869 metuas?

190 891 243 960 34.
266 891 370 975 Quod
388 889 694 973 remunereris]
722 891 843 956 Ibidem
861 891 937 970 [imo
960 888 1029 954 Sat.
1045 887 1088 970 ll,
1104 893 1136 968 3,
1156 888 1239 970 wll:

36 974 326 1063 (tltbQuootulum
346 974 441 1041 enim
471 998 628 1042 summae
651 973 804 1041 curtabit
822 975 965 1064 quisque
985 972 1146 1059 dierum
1176 977 1240 1038 item

106 1068 180 1134 Ode
198 1065 326 1129 XXIV.
340 1065 409 1128 libri
429 1065 509 1126 tertii
525 1063 723 1144 Carminum,
744 1086 774 1130 v.
794 1067 865 1127 ult:
1041 1061 1045 1067 ’

237 1149 365 1216 Curtoe
378 1148 497 1214 rreccio
509 1147 595 1236 quid
610 1171 747 1236 semper
767 1146 867 1214 obest
885 1144 947 1215 rei.

76 1287 80 1317 3
191 1237 251 1305 δᾶ·
265 1234 335 1299 Seu
351 1238 483 1325 spirent
501 1237 667 1299 cinnamo
687 1233 853 1317 surdum]
875 1233 1065 1299 Duriuscula
1083 1236 1241 1315 translatio,

106 1326 146 1389 ab
180 1323 301 1387 auditus
328 1344 421 1386 sensu
448 1321 488 1384 ad
515 1345 641 1386 sensum
666 1324 811 1386 ollactus:
838 1320 895 1385 sed
919 1320 1063 1384 Persium
1089 1325 1242 1386 auctoritas

104 1410 243 1490 magistri
260 1419 377 1486 tuetur,
409 1408 462 1493 qui
480 1410 573 1471 etiam
591 1407 708 1488 durius,
737 1419 772 1469 ut
791 1409 870 1471 milri
885 1405 1025 1486 videtur,
1056 1406 1241 1473 exsurdore

105 1498 236 1561 verbum
249 1493 289 1558 de
304 1505 393 1574 gustu
404 1494 522 1579 posuit,
544 1496 578 1556 in
590 1506 699 1559 octava
709 1493 836 1558 secundi
847 1493 952 1573 Satin,
974 1513 1005 1556 v.
1017 1497 1081 1561 38:

234 1576 388 1644 Fervida
406 1576 496 1664 quocl
510 1577 636 1643 subtile
654 1576 844 1642 exsurdant
858 1576 941 1643 vino
958 1576 1147 1665 palatum:

105 1667 168 1732 boc
189 1676 236 1730 est
252 1664 414 1730 offendunt
429 1666 496 1729 sire
511 1659 621 1753 parum
643 1677 726 1748 grata
746 1665 903 1745 accidunt,
924 1675 959 1726 ut
975 1684 1088 1750 aspera
1106 1686 1174 1731 vox
1190 1667 1243 1727 cla-

44 1746 48 1755 ’
105 1752 217 1815 mantis
234 1773 322 1815 aures
336 1748 527 1814 audientium
541 1751 636 1814 laedit
652 1763 743 1838 atque
764 1751 923 1817 exsurdat:
945 1752 1043 1815 etiam
1059 1747 1244 1817 Graeciae-

105 1841 234 1987 gutpeiv
258 1859 314 1925 pro
334 1832 500 1921 βλάπτειν.
521 1837 613 1917 [bene
633 1839 784 1925 interpp:
806 1840 951 1903 obtusum
966 1848 998 1907 et
1018 1839 1169 1902 hebetem
1181 1835 1244 1901 red-

128 1936 191 1990 unt.

108 2070 111 2077 ,
192 1927 246 2075 189.
266 2006 464 2095 Postquam
481 2026 603 2094 sapere
620 2000 698 2072 urbi
716 2005 806 2072 Cum
819 2008 928 2073 cicere
948 2016 984 2071 et
998 2006 1144 2095 palmis
1162 2006 1245 2073 verrit

45 2170 48 2183 1
108 2103 266 2162 nostrum
280 2093 346 2159 lroc
364 2091 638 2179 moris.expers.]
668 2093 772 2159 Etiam
790 2107 879 2180 atque
902 2094 995 2158 etiam
1016 2100 1147 2159 acutum
1160 2098 1244 2159 lecto-

24 2186 28 2193 '
105 2205 175 2247 rem
199 2193 229 2244 et
251 2193 413 2245 emunctae
430 2180 512 2244 naris
528 2201 710 2260 monemus,
733 2176 845 2261 cogitet
862 2178 902 2243 de
923 2201 979 2260 eo,
1000 2180 1090 2265 quod
1110 2184 1146 2245 in
1161 2181 1244 2247 Gom·

4 2342 12 2353 .
106 2269 258 2332 menteris
274 2266 469 2333 dicebamus:
490 2288 568 2330 num
580 2266 702 2331 Persius
717 2266 800 2352 apud
814 2267 920 2329 Horat.
938 2268 1036 2330 verba
1056 2268 1112 2330 illa
1128 2269 1161 2330 in
1173 2267 1244 2331 Fun-

56 2354 210 2421 sutdanio
228 2352 301 2433 [Sat
316 2350 403 2433 II,8‚
418 2354 480 2431 15],
503 2350 617 2418 Alcon
636 2351 763 2417 Citium
780 2349 891 2415 moris
909 2370 1044 2436 expers,
1065 2355 1157 2417 aliter
1171 2375 1245 2417 acce·

108 2440 187 2529 perit
202 2448 295 2526 quam
308 2441 404 2518 vulgo
418 2449 620 2523 exponantur:
641 2436 704 2500 hoc
727 2450 774 2501 est
795 2461 851 2526 pro
868 2437 947 2500 mari
968 2436 1099 2505 condito
1116 2443 1170 2504 vel
1180 2439 1244 2503 mari

108 2525 256 2604 adrect03
286 2534 404 2587 constet
427 2533 546 2587 veteres
567 2523 686 2587 criticos
700 2525 792 2587 'varie
814 2524 968 2610 accepisse
988 2526 1082 2589 illum
1103 2528 1205 2591 locum
1221 2536 1247 2589 et

107 2611 231 2678 videtur
246 2606 427 2673 Glosssrum
440 2609 593 2691 magister,
616 2631 687 2671 cum
701 2607 837 2675 diversas
856 2609 1001 2675 notiones
1021 2612 1115 2676 vocis
1135 2631 1246 2698 expers

108 2699 246 2777 afferret,
266 2717 341 2759 eum
351 2696 547 2783 potissimum
563 2697 667 2759 locum
684 2707 848 2783 spectasse,
868 2718 969 2781 neque
982 2697 1126 2761 alienum
1137 2703 1175 2761 ab
1189 2699 1247 2761 Ho-

107 2785 176 2849 ratii
200 2782 344 2867 iugenio,
372 2793 407 2845 ut
424 2782 555 2863 figuram
574 2780 832 2864 καννοπρεπείας
850 2782 884 2844 in
905 2783 959 2846 illa
977 2804 1060 2849 roce
1079 2785 1247 2935 usurpamt

107 2870 165 2939 Sin
179 2868 298 2951 uulgari
311 2868 439 2932 notione
454 2866 580 2931 Flaccus
595 2864 633 2931 id·
642 2869 730 2932 verbi
749 2869 817 2955 capi
830 2869 942 2948 voluit,
964 2871 1143 2939 referemus
1167 2892 1247 2935 ocum

106 2956 203 3022 Persii
217 2954 257 3018 ad
269 2976 365 3036 genus
380 2951 456 3016 illud
466 2953 655 3029 imitationis,
674 2975 745 3016 cum
756 2957 851 3019 verba
862 2955 1041 3033 retinentur,
1064 2955 1126 3019 sed
1140 2956 1248 3023 dives

107 3045 249 3107 notione:
272 3039 445 3120 cujusmodi
458 3061 524 3104 non
538 3060 635 3126 pauca
647 3051 775 3126 possunt
789 3042 960 3122 observari,
981 3044 1036 3105 vel
1053 3042 1146 3128 quod
1154 3042 1248 3132 proxi-

107 3150 160 3193 me
176 3129 360 3190 notabamus
382 3123 421 3187 de
433 3124 569 3187 ‘nomine
589 3121 742 3189 surdum.
1023 3155 1027 3159 ·

193 3214 248 3277 44.
271 3207 304 3275 0
320 3208 422 3291 bone,
443 3230 528 3273 rrum
545 3209 731 3298 rgnorosll
754 3210 792 3277 In
805 3207 997 3301 Damasippo
1022 3213 1078 3278 lib.
1092 3212 1139 3283 II.
1160 3215 1247 3293 Satin,

107 3323 139 3368 v.
158 3305 222 3369 31:
271 3304 275 3311 '
1256 3309 1261 3317 '

767 3405 787 3446 ο
810 3379 912 3465 berre,
941 3404 984 3448 ne
1007 3394 1043 3451 ta

236 3465 433 3533 Frustrere.

193 3560 247 3623 62.
269 3546 359 3616 Sum
377 3549 442 3616 tibi
456 3548 675 3636 Mercurius]
699 3554 846 3621 Horatius
869 3554 989 3620 ibidem
1013 3578 1047 3622 r.
1063 3562 1130 3625 682

236 3638 388 3707 Re'ect'cr
400 3636 547 3738 praeda,
571 3663 677 3728 quam
689 3660 854 3728 praesens
871 3638 1173 3730 Mercuriosfert.

193 3731 244 3794 66.
268 3664 352 3793 deo
371 3722 467 3790 drcta
487 3748 614 3814 repone
633 3729 810 3815 paterna]
832 3727 921 3808 Quae
936 3727 1066 3793 Flaccus
1079 3730 1246 3796 Venusinus

108 3811 263 3892 dictata,
283 3825 389 3877 noster
410 3809 506 3878 dicto
526 3816 684 3882 nominat:
707 3813 794 3881 lroec
812 3812 1134 3903 recinoerjoveaes
1149 3815 1246 3884 dicto-

64 3968 66 3979 ,
109 3909 167 3965 tat
189 3903 222 3963 in
243 3898 342 3988 prima
367 3898 452 3986 epist.
474 3922 505 3967 v.
525 3902 577 3968 55.
935 3982 937 3986 ,

179 3992 249 4061 ,68.
270 3984 468 4075 Impensius
488 4005 594 4076 unge,
622 3984 737 4077 Uaga,
756 4006 863 4075 puer,
888 3984 1037 4069 caules]
1059 3986 1246 4057 Horatiusin

104 4070 261 4141 'simiiidis
318 4072 430 4150 atione,
451 4072 549 4138 Satira
562 4074 616 4141 1112
631 4076 700 4139 libri
714 4095 797 4152 sec,
819 4094 851 4140 r.
872 4074 952 4140 125:

239 4156 435 4311 Gogaraei
452 4159 573 4226 caules
590 4159 664 4225 oleo
681 4156 827 4225 meliore
843 4169 1029 4249 cornuque¹

268 4266 307 4308 oe
334 4264 413 4309 erra.
1022 4284 1025 4289 ·

196 4337 249 4399 ts.
277 4264 452 4395 Pirrittae
475 4329 534 4395 im.
556 4335 598 4414 ru]
627 4329 717 4395 Idem
736 4336 868 4397 verbum
887 4329 999 4395 eadem
1022 4334 1159 4398 notione
1177 4342 1249 4398 extat

170 4414 194 4481 d
211 4416 393 4499 Horatium,
419 4430 450 4485 et
466 4416 565 4483 Satira
584 4440 647 4484 sec·
676 4420 745 4482 libri
765 4417 791 4483 I.
810 4440 842 4486 v.
863 4422 910 4486 'lo
929 4429 961 4481 et
977 4420 1011 4481 in
1032 4422 1172 4507 septima
1191 4416 1249 4486 nbi

172 4525 203 4573 r·
224 4507 277 4576 62.
