2700 4972
336 326 940 452 anaaasusa‘rmirrc,
1116 387 1184 452 rra
1296 367 1303 382 ‘

69 545 128 624 ea,
157 545 275 632 inquit,
300 549 385 628 leget
398 548 440 627 is,
462 550 514 633 qui
533 546 653 634 scriptis
671 545 847 634 Eupolidis,
865 548 993 614 *Cratini
1016 562 1048 613 et
1066 552 1183 617 Aristo-
1288 615 1292 621 ,

69 633 150 695 ranis
172 653 209 694 ac
229 632 414 717 reliquorum
438 636 555 719 priscae
569 633 749 698 comoediae
763 634 924 720 poitarum
943 636 1033 698 fuerit
1053 636 1183 707 innunt-

69 719 282 864 stdhosenim
295 718 491 798 suggillandis
511 721 629 784 ritimis
650 721 829 785 hominibus
846 722 1017 800 imitamur,
1037 720 1116 787 hino
1125 725 1184 787 toti

69 826 97 865 tn
120 825 220 866 emus.
373 865 375 873 ,
1085 830 1088 836 ·
1118 831 1121 835 ·

120 885 270 958 Audaci
288 885 456 968 Cratino]
479 889 563 953 Vere
581 888 708 954 audaci':
730 892 872 954 omnium
892 889 976 955 enim
991 891 1104 956 veteris
1118 915 1182 975 ‘co-

70 972 182 1051 oediae
195 974 364 1060 ¹po'e'tarttm
381 975 519 1039 Cratinus
541 976 713 1040 liberrimus
733 979 791 1038 tuit
806 979 858 1039 vel
871 978 972 1062 potius
993 977 1182 1041 maledicen-
1300 1036 1304 1053 ,

69 1061 190 1138 simus,
213 1072 244 1123 et
264 1062 316 1146 qui
336 1061 483 1136 convitia,
505 1061 614 1144 quibus
635 1065 763 1124 refertae
789 1073 874 1125 erant
894 1063 974 1126 illius
991 1062 1182 1143 comoediae,
1258 1126 1260 1130 Α

69 1147 121 1217 cllo
134 1148 201 1209 sale
219 1145 343 1209 condire
358 1157 491 1225 curaret,
508 1145 590 1230 quod
606 1145 733 1233 Eupolis
749 1158 780 1211 et
789 1148 1007 1233 Aristophanes
1021 1144 1183 1212 studiosis-

69 1253 114 1293 ne
129 1234 284 1311 fecerunt,
307 1231 363 1295 sed
380 1243 485 1317 aperto
499 1232 612 1316 capite,
635 1232 836 1316 quodajrmt,
859 1255 931 1296 cum
951 1234 1032 1302 vitiis
1053 1255 1183 1297 manum

69 1329 220 1379 »aser-aec
278 1317 487 1402 Aristophanis
513 1319 694 1380 scholiastae
725 1319 763 1398 [e
787 1318 945 1383 Platonio:
972 1341 1002 1404 p.
1031 1317 1109 1401 Vlfl
1132 1319 1182 1384 ed.

69 1404 168 1465 :hain
179 1400 357 1483 Dindorf.]:
379 1404 563 1483 Κρατῖνος,
585 1397 675 1485 ὁτῆς
689 1407 831 1480 παλαιᾶς
842 1403 1019 1486 κωμῳδίας
1031 1399 1182 1490 ποιητὴς,
1252 1456 1255 1473 ι

69 1508 91 1551 :s
104 1482 150 1571 δὴ
163 1483 249 1553 κατὰ
265 1484 324 1565 τὰς
335 1482 522 1570 Ἀρχιλόχου
538 1482 683 1571 ζητήσεις
696 1488 788 1570 (forte
803 1485 887 1554 ιιατα
909 1485 950 1553 τοί
961 1484 1056 1573 ιἈρχ.
1081 1486 1192 1574 ζήσας.

69 1571 106 1657 η)
124 1572 246 1653 [„miro
259 1574 310 1635 hic
326 1595 426 1636 errore
442 1576 545 1659 lapsus
561 1585 606 1636 est
620 1573 704 1655 Cas.;
727 1576 825 1638 scribe
847 1576 949 1659 potius
963 1567 1181 1660 Ἀριστάρχου

69 1650 312 1743 οἈρχιλόχον,
334 1681 413 1744 quae
424 1658 552 1721 nomina
566 1661 811 1744 frequentissimo
835 1681 934 1722 errore
954 1661 1034 1726 inter
1051 1668 1093 1725 se'
1107 1685 1182 1735 con,-

69 1742 125 1813 ndi
137 1742 244 1809 docum
253 1743 419 1826 Ruhnken.
427 1746 524 1830 praef.
535 1743 575 1805 ad
589 1744 725 1826 Hesych.
738 1768 768 1831 p.
777 1743 870 1808 Vfl.“
887 1745 1025 1814 illeinelc.
1037 1744 1180 1826 Quaeri.

69 1850 127 1894 cn.
146 1850 233 1918 spec.
253 1828 280 1894 1.
301 1853 334 1918 p.
363 1836 433 1904 19.]
457 1824 622 1911 αὐστηρδς
638 1835 710 1906 ταῖς
724 1827 914 1910 ,λοιδορίαις
932 1827 1037 1895 ἐστίν·
1060 1826 1180 1916 ori-yda

69 1932 151 2003 περ
171 1908 220 1997 [d]
238 1907 479 1998 Ἀριστοφάνης
500 1909 678 1997 ἐπιτρέχειν
700 1910 764 1999 τήν
792 1913 892 2000 χοίριν
913 1921 982 1993 τοῖς
1006 1912 1181 2002 σιιοίμμασι
1269 1918 1273 1931 ’

69 2006 146 2081 mi,
166 1999 207 2073 ,τδ
222 1999 385 2082 φορτικὸν
397 2004 455 2083 τῆς
465 1996 681 2083 ἐπιτιμήσεως
697 1997 898 2086 διδιταιίτης
919 1996 1086 2083 ἀναιρῶν,
1106 1988 1231 2068 dll'157

69 2086 149 2165 ιλός
170 2085 250 2170 [τινί]
272 2083 357 2152 uacci
371 2083 432 2170 τὴν
451 2087 637 2170 παροιμίαν
659 2088 772 2173 γυμνῇ
786 2090 829 2151 τ’
849 2090 978 2171 κεφαλῇ
993 2089 1105 2171 τίθησι
1122 2089 1181 2166 τὰς
1311 2113 1314 2117 ’

69 2172 248 2258 arowasiae
268 2169 352 2239 aucti
374 2175 441 2236 των
464 2167 734 2255 ἁμαρτανόντων.
778 2108 962 2253 [Custodem
977 2196 1025 2261 ap.
1039 2174 1125 2239 Pass.
1146 2199 1177 2262 p.

69 2263 106 2329 ἰν
178 2258 265 2341 3sed
288 2282 319 2324 u.
342 2258 478 2324 Meinek.
500 2257 597 2321 modo
618 2258 700 2323 laud.
719 2280 751 2343 p.
780 2258 931 2337 tlt-253
955 2257 1122 2324 Cratinus
1144 2269 1179 2325 el

69 2367 137 2433 upo
161 2345 201 2423 ἰ,
220 2344 295 2409 diss.
313 2367 369 2409 scr.
392 2366 411 2406 a
432 2342 465 2408 C·
484 2340 522 2407 G.
545 2344 662 2423 Lucas;
684 2342 830 2424 Bonnae,
861 2349 952 2412 1826.
995 2345 1178 2428 Fragmenta

70 2433 158 2514 liegit
169 2431 216 2494 Μ.
228 2430 359 2494 Runkel.
376 2431 459 2515 Lips.
478 2429 583 2510 tuan]
925 2460 930 2473 ·

69 2560 74 2577 ι
100 2511 261 2771 ,issam
284 2514 460 2593 Gracina]
489 2513 660 2577 Familiaris
677 2514 782 2578 Persio
804 2517 956 2597 enallage:
986 2538 1006 2579 ο
1030 2514 1177 2603 quicun—
1267 2515 1272 2523 ’

330 810 334 819 x

69 2624 133 2668 tea
201 2610 236 2664 te
251 2600 411 2677 (latino,
434 2621 491 2687 pro
505 2611 578 2669 otu
601 2602 772 2686 quicunque
792 2623 826 2664 es
848 2603 968 2665 afflatus
983 2602 1124 2686 Cratino;
1144 2606 1177 2667 in
1224 2616 1229 2624 “

69 2691 120 2754 ιῑὶα
147 2699 166 2755 2
637 2688 639 2693 ’
776 2696 778 2701 ’
914 2694 926 2717 “

120 2689 350 2840 Genioramve
362 2781 462 2835 tuum
475 2770 534 2841 uel
548 2770 641 2858 quoti
655 2769 811 2837 trabeate
828 2771 975 2836 salutas.
997 2775 1064 2864 [ubi
1084 2773 1128 2854 v.]

69 2863 142 2925 citarr
154 2873 258 2924 autem
277 2855 421 2947 afflatus
430 2856 578 2922 ,Cratino
590 2860 633 2937 is,
662 2861 715 2943 qui
735 2859 847 2924 Cratini
860 2860 1032 2922 fabulanun
1046 2862 1176 2924 lectione

69 2947 155 3013 sidua
173 2947 264 3008 tuerit
272 2946 408 3007 ‘affectus
415 2955 446 3007 et
456 2965 595 3008 amorem
614 2945 732 3007 vitatis
748 2944 822 3006 inde
842 2947 1026 3030 conceperit:
1049 2951 1177 3009 transla-

69 3053 98 3096 tn
121 3036 161 3097 ab
177 3032 376 3109 annualibus,
405 3051 484 3115 quae
505 3032 547 3115 τῇ
568 3026 660 3102 ἐντὸς
681 3025 770 3110 αὔρη
788 3029 1049 3108 προσπνέουσιν,
1072 3043 1106 3092 ut
1125 3035 1176 3094 Ιοι

72 3121 133 3182 itur
155 3119 196 3180 Hi
219 3129 357 3203 pocrates
372 3116 404 3176 in
425 3117 552 3200 epistola
570 3113 611 3176 ad
633 3114 794 3178 Crateveun
813 3114 870 3196 [T.
884 3114 923 3178 ΙΙ.
946 3139 977 3201 p.
994 3120 1052 3180 931
1074 3115 1123 3178 ed.
1139 3138 1171 3178 v.

69 3203 121 3268 nd.
135 3204 171 3267 L.
188 3139 252 3284 list,
266 3204 317 3265 vel
327 3223 348 3263 a
361 3203 471 3288 pratis,
493 3199 758 3285 quemadmodum
772 3201 810 3263 de
822 3201 962 3265 Platonis,
975 3199 1107 3265 dictione
1127 3200 1175 3265 di-

69 3290 225 3371 tDionys.
240 3288 338 3350 Halic.
364 3283 458 3367 [περί
477 3289 535 3369 τῆς
553 3291 705 3369 Δημοσθ.
725 3279 851 3350 tricor,
870 3308 900 3371 p.
923 3289 964 3351 53
987 3309 1014 3350 s·
1039 3293 1110 3367 166,
1127 3291 1174 3359 ,ta
1262 3302 1266 3319 ¹
1296 3364 1297 3369 χ

69 3376 149 3481 rlb.]=
173 3371 285 3453 ὥσπερ
301 3365 368 3437 aad
388 3373 456 3436 coia
472 3368 704 3437 εὐωδεστάτων
717 3368 889 3453 λειμώνων
905 3360 994 3450 αὖρά
1009 3393 1059 3449 τις
1078 3369 1174 3456 ἡδεία

82 3463 192 3545 αντῆς
211 3457 365 3543 φέρεταιι
385 3457 440 3520 sed
463 3456 571 3522 Graeci
588 3478 692 3521 auram
713 3460 867 3544 appellant
889 3470 920 3519 et
944 3459 1083 3534 afflatum
1103 3461 1222 3537 vimttl't]

69 3570 174 3627 mem,
204 3567 283 3631 quae
303 3547 341 3608 ab
357 3544 418 3606 alio
440 3544 583 3609 inalium
595 3544 718 3622 transit,
740 3556 774 3606 ut
795 3564 885 3622 cum,
907 3545 1040 3627 exempli
1058 3565 1172 3624 caussa,

69 3630 253 3712 nsuetudine
272 3626 457 3715 sapientium
469 3631 622 3714 sapientes
637 3627 745 3708 fiinus,
767 3628 933 3690 doctorum
948 3627 1046 3708 docti,
1068 3631 1111 3692 sic
1131 3632 1173 3693 ait

69 3723 136 3799 tito,
159 3717 212 3782 De
225 3716 401 3793 insomniis,
424 3716 593 3800 sapientem
606 3715 744 3799 spiritum
764 3713 918 3797 quendam
940 3716 1038 3794 longe¹
1052 3717 1172 3798 lateque

69 3804 177 3882 adero,
200 3821 297 3889 quem¹
311 3802 494 3864 attrahentes
516 3803 582 3880 ejus
599 3801 692 3864 vicini
710 3801 852 3863 meliores
872 3818 976 3862 mores
996 3812 1170 3875 assumant:
1283 3827 1296 3852 v

69 3906 106 3955 ὀι
117 3889 278 3974 γείτονες,
300 3888 358 3965 ait,
377 3883 438 3950 οιαὶ
456 3879 576 3967 ὅμοροι
600 3888 710 3967 σοφοῦ
733 3888 792 3969 τῆς
816 3876 875 3964 ἅττ’
897 3878 1005 3948 αὐτοῦ
1028 3888 1172 3962 σπῶντες

69 3972 137 4057 {pag
150 3972 207 4039 tat
223 3968 384 4057 μήκιστον
396 3967 550 4059 χεομένης
564 3972 793 4053 βελτιοοῦνται
808 3965 848 4033 τοὶ
860 3964 949 4053 ἤδηι
970 3970 1042 4034 inde
1056 3973 1171 4056 passim
1232 4009 1236 4019 ·

69 4063 111 4125 ud
125 4065 215 4124 illum
224 4063 310 4139 leges
324 4060 382 4138 τῆς
398 4052 516 4138 ἀρετῆς
532 4056 620 4141 αὔρᾳ
634 4052 845 4121 ἐπινοεῖσθαι
864 4067 895 4116 et
912 4049 1000 4135 αι’ίρα
1019 4059 1078 4137 τῆς
1096 4054 1169 4121 ἐτα-
1235 4069 1239 4073 ’

69 4146 156 4232 ήμης
170 4146 467 4212 saracenam
483 4143 595 4207 similia
608 4145 719 4221 multa,
740 4143 784 4206 sic
803 4136 892 4219 αὔρα
909 4118 1071 4216 σννίσεως
1087 4142 1170 4228 apud
1202 4148 1204 4153 '

69 4235 256 4323 tiphanirun3
287 4227 445 4292 veritatis
464 4248 591 4290 auram
615 4224 783 4314 colligere
800 4226 884 4312 apud
904 4227 1113 4306 Lactantium,
1135 4228 1168 4290 in

69 4325 114 4385 tia
126 4317 342 4388 Institutionea
363 4327 394 4379 et
415 4311 573 4377 veritatis
595 4311 700 4376 odore
723 4309 845 4401 afflari
865 4333 902 4375 eo
922 4333 1014 4376 sensu
1030 4312 1116 4375 idem
1135 4313 1170 4376 in
1307 4363 1313 4370 .

69 4408 100 4472 Ι.
119 4442 133 4451 ·-
148 4406 189 4468 Ut
201 4413 304 4465 atatem
318 4395 440 4488 afflari
451 4419 477 4462 ιτ
493 4397 653 4475 Cratino,
674 4401 736 4463 hoc
757 4411 804 4465 est
829 4397 947 4483 scriptis
968 4396 1099 4476 Cratini,
1122 4397 1188 4469 di„

82 4491 229 4566 Persius,
251 4488 295 4551 sic
304 4490 405 4554 πνεῖν
423 4478 466 4552 τοὶ
482 4484 596 4570 βιβλία
615 4485 757 4549 dicuntur·
776 4482 911 4635 Grueqiq
932 4536 934 4540 .
964 4481 1116 4565 Origenes
1134 4483 1168 4550 iu
