<?xml version="1.0" encoding="UTF-8"?>
<!DOCTYPE html PUBLIC "-//W3C//DTD XHTML 1.0 Transitional//EN"
    "http://www.w3.org/TR/xhtml1/DTD/xhtml1-transitional.dtd">
<html xmlns="http://www.w3.org/1999/xhtml" xml:lang="en" lang="en">
 <head>
  <title>
</title>
<meta http-equiv="Content-Type" content="text/html;charset=utf-8" />
  <meta name='ocr-system' content='tesseract 3.04.00' />
  <meta name='ocr-capabilities' content='ocr_page ocr_carea ocr_par ocr_line ocrx_word'/>
</head>
<body>
  <div class='ocr_page' id='page_1' title='image "./satirarumliber00persgoog_0030.png"; bbox 0 0 2700 4972; ppageno 0'>
   <div class='ocr_carea' id='block_1_1' title="bbox 152 277 1203 411">
    <p class='ocr_par' dir='ltr' id='par_1_1' title="bbox 152 277 1203 411">
     <span class='ocr_line' id='line_1_1' title="bbox 152 277 1203 411; baseline 0.005 -12"><span class='ocrx_word' id='word_1_1' title='bbox 152 350 156 357; x_wconf 96' lang='lat'>·</span> <span class='ocrx_word' id='word_1_2' title='bbox 258 277 1010 402; x_wconf 72' lang='lat' dir='ltr'><strong>isrrcrcasnuuour&#39;</strong></span> <span class='ocrx_word' id='word_1_3' title='bbox 1141 360 1203 411; x_wconf 68' lang='lat' dir='ltr'><strong>,u</strong></span> 
     </span>
    </p>
   </div>
   <div class='ocr_carea' id='block_1_2' title="bbox 53 500 1202 801">
    <p class='ocr_par' dir='ltr' id='par_1_2' title="bbox 53 500 1202 801">
     <span class='ocr_line' id='line_1_2' title="bbox 53 500 1202 595; baseline 0.005 -24"><span class='ocrx_word' id='word_1_4' title='bbox 53 511 161 573; x_wconf 77' lang='lat' dir='ltr'><strong>levem</strong></span> <span class='ocrx_word' id='word_1_5' title='bbox 172 515 420 595; x_wconf 84' lang='lat' dir='ltr'><strong>aspernarenbn:</strong></span> <span class='ocrx_word' id='word_1_6' title='bbox 450 505 598 591; x_wconf 83' lang='lat' dir='ltr'><strong>quoniam</strong></span> <span class='ocrx_word' id='word_1_7' title='bbox 612 500 878 591; x_wconf 74' lang='lat' dir='ltr'><strong>qqidsm‚&#39;aiebat</strong></span> <span class='ocrx_word' id='word_1_8' title='bbox 891 508 940 573; x_wconf 79' lang='lat' dir='ltr'><strong>vir</strong></span> <span class='ocrx_word' id='word_1_9' title='bbox 958 507 1094 590; x_wconf 67' lang='lat' dir='ltr'><strong>done,</strong></span> <span class='ocrx_word' id='word_1_10' title='bbox 1122 502 1202 577; x_wconf 80' lang='lat' dir='ltr'><strong>olos-</strong></span> 
     </span>
     <span class='ocr_line' id='line_1_3' title="bbox 53 602 1200 705; baseline -0.003 -29"><span class='ocrx_word' id='word_1_11' title='bbox 53 612 140 695; x_wconf 79' lang='grc' dir='ltr'><strong>βοῦς</strong></span> <span class='ocrx_word' id='word_1_12' title='bbox 160 606 253 705; x_wconf 62' lang='grc' dir='ltr'><strong>ἐστιν</strong></span> <span class='ocrx_word' id='word_1_13' title='bbox 273 604 460 692; x_wconf 69' lang='grc' dir='ltr'><strong>ἀνθρώπου</strong></span> <span class='ocrx_word' id='word_1_14' title='bbox 476 602 537 686; x_wconf 75' lang='grc' dir='ltr'><strong><em>τοὶς</em></strong></span> <span class='ocrx_word' id='word_1_15' title='bbox 556 604 648 691; x_wconf 78' lang='grc' dir='ltr'><strong>παρὰ</strong></span> <span class='ocrx_word' id='word_1_16' title='bbox 668 611 729 674; x_wconf 82' lang='grc' dir='ltr'><strong>τοῦ</strong></span> <span class='ocrx_word' id='word_1_17' title='bbox 746 609 836 675; x_wconf 77' lang='grc' dir='ltr'><strong><em>Θεοῦ</em></strong></span> <span class='ocrx_word' id='word_1_18' title='bbox 856 604 994 694; x_wconf 76' lang='grc' dir='ltr'><strong>χάριτας</strong></span> <span class='ocrx_word' id='word_1_19' title='bbox 1015 604 1200 697; x_wconf 62' lang='grc' dir='ltr'><strong>ἀτιμάζοι·</strong></span> 
     </span>
     <span class='ocr_line' id='line_1_4' title="bbox 54 710 1201 801; baseline 0.003 -24"><span class='ocrx_word' id='word_1_20' title='bbox 54 736 94 777; x_wconf 91' lang='lat' dir='ltr'><strong>en</strong></span> <span class='ocrx_word' id='word_1_21' title='bbox 112 710 297 795; x_wconf 81' lang='lat' dir='ltr'><strong>germanum</strong></span> <span class='ocrx_word' id='word_1_22' title='bbox 310 712 553 801; x_wconf 83' lang='lat' dir='ltr'><strong>philosophum!</strong></span> <span class='ocrx_word' id='word_1_23' title='bbox 583 734 624 775; x_wconf 85' lang='lat' dir='ltr'><strong>en</strong></span> <span class='ocrx_word' id='word_1_24' title='bbox 639 732 751 776; x_wconf 82' lang='lat' dir='ltr'><strong>vocem</strong></span> <span class='ocrx_word' id='word_1_25' title='bbox 763 715 905 777; x_wconf 77' lang='lat' dir='ltr'><strong>auream!</strong></span> <span class='ocrx_word' id='word_1_26' title='bbox 940 714 1006 779; x_wconf 88' lang='lat' dir='ltr'><strong>Nec</strong></span> <span class='ocrx_word' id='word_1_27' title='bbox 1018 717 1121 780; x_wconf 88' lang='lat' dir='ltr'><strong>minus</strong></span> <span class='ocrx_word' id='word_1_28' title='bbox 1131 738 1201 781; x_wconf 87' lang='lat' dir='ltr'><strong>me-</strong></span> 
     </span>
    </p>
   </div>
   <div class='ocr_carea' id='block_1_3' title="bbox 49 814 1209 903">
    <p class='ocr_par' dir='ltr' id='par_1_3' title="bbox 49 814 1209 903">
     <span class='ocr_line' id='line_1_5' title="bbox 49 814 1209 903; baseline 0.004 -24"><span class='ocrx_word' id='word_1_29' title='bbox 49 817 208 901; x_wconf 82' lang='lat' dir='ltr'><strong>morabile</strong></span> <span class='ocrx_word' id='word_1_30' title='bbox 234 814 374 901; x_wconf 81' lang='lat' dir='ltr'><strong>Synesii,</strong></span> <span class='ocrx_word' id='word_1_31' title='bbox 408 815 587 903; x_wconf 79' lang='lat' dir='ltr'><strong>philosophi</strong></span> <span class='ocrx_word' id='word_1_32' title='bbox 612 817 879 901; x_wconf 78' lang='lat' dir='ltr'><strong>praestantissimi,</strong></span> <span class='ocrx_word' id='word_1_33' title='bbox 919 820 1097 885; x_wconf 81' lang='lat' dir='ltr'><strong>vaticinium</strong></span> <span class='ocrx_word' id='word_1_34' title='bbox 1125 822 1209 903; x_wconf 66' lang='lat' dir='ltr'><strong>tristi¹</strong></span> 
     </span>
    </p>
   </div>
   <div class='ocr_carea' id='block_1_4' title="bbox 10 918 1293 3072">
    <p class='ocr_par' dir='ltr' id='par_1_4' title="bbox 54 918 1293 3072">
     <span class='ocr_line' id='line_1_6' title="bbox 54 918 1202 1007; baseline 0.004 -24"><span class='ocrx_word' id='word_1_35' title='bbox 54 928 171 985; x_wconf 80' lang='lat' dir='ltr'><strong>eventu</strong></span> <span class='ocrx_word' id='word_1_36' title='bbox 184 921 417 999; x_wconf 70' lang='lat' dir='ltr'><strong>confirmabam,</strong></span> <span class='ocrx_word' id='word_1_37' title='bbox 445 918 529 1005; x_wconf 88' lang='lat' dir='ltr'><strong>quod</strong></span> <span class='ocrx_word' id='word_1_38' title='bbox 546 920 644 981; x_wconf 84' lang='lat' dir='ltr'><strong>multo</strong></span> <span class='ocrx_word' id='word_1_39' title='bbox 658 930 729 982; x_wconf 86' lang='lat' dir='ltr'><strong>ante</strong></span> <span class='ocrx_word' id='word_1_40' title='bbox 751 922 791 983; x_wconf 90' lang='lat' dir='ltr'><strong>ab</strong></span> <span class='ocrx_word' id='word_1_41' title='bbox 811 920 880 1007; x_wconf 89' lang='lat' dir='ltr'><strong>ipso</strong></span> <span class='ocrx_word' id='word_1_42' title='bbox 902 932 949 985; x_wconf 90' lang='lat' dir='ltr'><strong>est</strong></span> <span class='ocrx_word' id='word_1_43' title='bbox 967 922 1101 994; x_wconf 77' lang='lat' dir='ltr'><strong>editum.</strong></span> <span class='ocrx_word' id='word_1_44' title='bbox 1129 947 1202 989; x_wconf 90' lang='lat' dir='ltr'><strong>cum</strong></span> 
     </span>
     <span class='ocr_line' id='line_1_7' title="bbox 54 1022 1200 1110; baseline 0.005 -25"><span class='ocrx_word' id='word_1_45' title='bbox 54 1022 209 1089; x_wconf 80' lang='lat' dir='ltr'><strong>rationem</strong></span> <span class='ocrx_word' id='word_1_46' title='bbox 215 1022 397 1103; x_wconf 72' lang='lat' dir='ltr'><strong>»studiorum</strong></span> <span class='ocrx_word' id='word_1_47' title='bbox 413 1022 552 1087; x_wconf 85' lang='lat' dir='ltr'><strong>similiter</strong></span> <span class='ocrx_word' id='word_1_48' title='bbox 569 1023 702 1108; x_wconf 83' lang='lat' dir='ltr'><strong>perverti</strong></span> <span class='ocrx_word' id='word_1_49' title='bbox 721 1024 759 1085; x_wconf 91' lang='lat' dir='ltr'><strong>ab</strong></span> <span class='ocrx_word' id='word_1_50' title='bbox 779 1025 956 1110; x_wconf 78' lang='lat' dir='ltr'><strong>aequalibus</strong></span> <span class='ocrx_word' id='word_1_51' title='bbox 972 1027 1036 1091; x_wconf 86' lang='lat' dir='ltr'><strong>suis</strong></span> <span class='ocrx_word' id='word_1_52' title='bbox 1057 1039 1200 1091; x_wconf 82' lang='lat' dir='ltr'><strong>cerneret.</strong></span> 
     </span>
     <span class='ocr_line' id='line_1_8' title="bbox 54 1118 1204 1215; baseline 0.005 -26"><span class='ocrx_word' id='word_1_53' title='bbox 54 1122 227 1211; x_wconf 83' lang='lat' dir='ltr'><strong>Disputans</strong></span> <span class='ocrx_word' id='word_1_54' title='bbox 254 1128 341 1199; x_wconf 70' lang='lat' dir='ltr'><strong>enirn</strong></span> <span class='ocrx_word' id='word_1_55' title='bbox 359 1138 463 1191; x_wconf 87' lang='lat' dir='ltr'><strong>contra</strong></span> <span class='ocrx_word' id='word_1_56' title='bbox 493 1119 574 1203; x_wconf 72' lang='grc' dir='ltr'><strong>τούς</strong></span> <span class='ocrx_word' id='word_1_57' title='bbox 606 1118 783 1202; x_wconf 74' lang='grc' dir='ltr'><strong><em>ἀξιοῦντας</em></strong></span> <span class='ocrx_word' id='word_1_58' title='bbox 812 1121 978 1209; x_wconf 74' lang='grc' dir='ltr'><strong>δόγμασιν</strong></span> <span class='ocrx_word' id='word_1_59' title='bbox 997 1123 1204 1215; x_wconf 74' lang='grc' dir='ltr'><strong><em>ἇπορῤήτοις</em></strong></span> 
     </span>
     <span class='ocr_line' id='line_1_9' title="bbox 55 1222 1201 1317; baseline 0.003 -25"><span class='ocrx_word' id='word_1_60' title='bbox 55 1222 255 1299; x_wconf 65' lang='lat' dir='ltr'><strong>semesum</strong></span> <span class='ocrx_word' id='word_1_61' title='bbox 267 1227 309 1300; x_wconf 74' lang='grc' dir='ltr'><strong>ἐν.</strong></span> <span class='ocrx_word' id='word_1_62' title='bbox 325 1225 431 1313; x_wconf 63' lang='lat' dir='ltr'><strong>attan</strong></span> <span class='ocrx_word' id='word_1_63' title='bbox 444 1226 654 1312; x_wconf 76' lang='grc' dir='ltr'><strong>ιοιοδίτισιο,</strong></span> <span class='ocrx_word' id='word_1_64' title='bbox 675 1230 737 1290; x_wconf 90' lang='lat' dir='ltr'><strong>hoc</strong></span> <span class='ocrx_word' id='word_1_65' title='bbox 753 1240 815 1308; x_wconf 84' lang='lat' dir='ltr'><strong>est,</strong></span> <span class='ocrx_word' id='word_1_66' title='bbox 837 1228 986 1295; x_wconf 82' lang='lat' dir='ltr'><strong>adversus</strong></span> <span class='ocrx_word' id='word_1_67' title='bbox 1000 1252 1071 1311; x_wconf 88' lang='lat' dir='ltr'><strong>eos,</strong></span> <span class='ocrx_word' id='word_1_68' title='bbox 1094 1233 1151 1317; x_wconf 84' lang='lat' dir='ltr'><strong>qui</strong></span> <span class='ocrx_word' id='word_1_69' title='bbox 1160 1230 1201 1295; x_wconf 86' lang='lat' dir='ltr'><strong>ad</strong></span> 
     </span>
     <span class='ocr_line' id='line_1_10' title="bbox 55 1330 1202 1421; baseline -0.001 -21"><span class='ocrx_word' id='word_1_70' title='bbox 55 1333 268 1407; x_wconf 61' lang='lat' dir='ltr'><strong>sanctissimae</strong></span> <span class='ocrx_word' id='word_1_71' title='bbox 279 1330 472 1413; x_wconf 84' lang='lat' dir='ltr'><strong>Theologiae</strong></span> <span class='ocrx_word' id='word_1_72' title='bbox 488 1330 589 1395; x_wconf 88' lang='lat' dir='ltr'><strong>studia</strong></span> <span class='ocrx_word' id='word_1_73' title='bbox 605 1331 768 1395; x_wconf 84' lang='lat' dir='ltr'><strong>infantiam</strong></span> <span class='ocrx_word' id='word_1_74' title='bbox 780 1344 811 1395; x_wconf 91' lang='lat' dir='ltr'><strong>et</strong></span> <span class='ocrx_word' id='word_1_75' title='bbox 824 1335 1012 1418; x_wconf 86' lang='lat' dir='ltr'><strong>sophisticen</strong></span> <span class='ocrx_word' id='word_1_76' title='bbox 1027 1356 1083 1421; x_wconf 90' lang='lat' dir='ltr'><strong>pro</strong></span> <span class='ocrx_word' id='word_1_77' title='bbox 1101 1334 1202 1399; x_wconf 90' lang='lat' dir='ltr'><strong>solida</strong></span> 
     </span>
     <span class='ocr_line' id='line_1_11' title="bbox 56 1431 1293 1519; baseline 0.006 -22"><span class='ocrx_word' id='word_1_78' title='bbox 56 1435 229 1501; x_wconf 82' lang='lat' dir='ltr'><strong>eruditione</strong></span> <span class='ocrx_word' id='word_1_79' title='bbox 248 1436 410 1515; x_wconf 72' lang='lat' dir='ltr'><strong>alienent,</strong></span> <span class='ocrx_word' id='word_1_80' title='bbox 440 1431 598 1497; x_wconf 77' lang='lat' dir='ltr'><strong>fatidicam</strong></span> <span class='ocrx_word' id='word_1_81' title='bbox 613 1433 694 1495; x_wconf 81' lang='lat' dir='ltr'><strong>banc</strong></span> <span class='ocrx_word' id='word_1_82' title='bbox 711 1435 799 1519; x_wconf 89' lang='lat' dir='ltr'><strong>quasi</strong></span> <span class='ocrx_word' id='word_1_83' title='bbox 814 1447 930 1501; x_wconf 89' lang='lat' dir='ltr'><strong>sortem</strong></span> <span class='ocrx_word' id='word_1_84' title='bbox 942 1435 1054 1502; x_wconf 83' lang='lat' dir='ltr'><strong>edidit:</strong></span> <span class='ocrx_word' id='word_1_85' title='bbox 1086 1437 1200 1504; x_wconf 79' lang='lat' dir='ltr'><strong>xlvdv·</strong></span> <span class='ocrx_word' id='word_1_86' title='bbox 1289 1451 1293 1463; x_wconf 84' lang='grc'><strong>“</strong></span> 
     </span>
     <span class='ocr_line' id='line_1_12' title="bbox 54 1530 1206 1625; baseline 0.005 -24"><span class='ocrx_word' id='word_1_87' title='bbox 54 1560 133 1617; x_wconf 80' lang='grc' dir='ltr'><strong><em>νος,</em></strong></span> <span class='ocrx_word' id='word_1_88' title='bbox 160 1540 276 1625; x_wconf 86' lang='lat' dir='ltr'><strong>inquit,</strong></span> <span class='ocrx_word' id='word_1_89' title='bbox 307 1536 354 1615; x_wconf 72' lang='lat' dir='ltr'><strong>etc</strong></span> <span class='ocrx_word' id='word_1_90' title='bbox 374 1530 527 1621; x_wconf 74' lang='grc' dir='ltr'><strong><em>ἄβοσσόν</em></strong></span> <span class='ocrx_word' id='word_1_91' title='bbox 548 1555 626 1601; x_wconf 74' lang='grc' dir='ltr'><strong>τινα</strong></span> <span class='ocrx_word' id='word_1_92' title='bbox 647 1536 813 1619; x_wconf 73' lang='grc' dir='ltr'><strong><em>φλυαρίας</em></strong></span> <span class='ocrx_word' id='word_1_93' title='bbox 836 1534 1040 1621; x_wconf 45' lang='lat' dir='ltr'><strong>&amp;sodates</strong></span> <span class='ocrx_word' id='word_1_94' title='bbox 1060 1530 1206 1619; x_wconf 71' lang='grc' dir='ltr'><strong><em>τούτους,</em></strong></span> 
     </span>
     <span class='ocr_line' id='line_1_13' title="bbox 55 1638 1201 1731; baseline 0 -24"><span class='ocrx_word' id='word_1_95' title='bbox 55 1641 310 1727; x_wconf 74' lang='grc' dir='ltr'><strong>ᾶιαφθοιοῆνοςι.“’</strong></span> <span class='ocrx_word' id='word_1_96' title='bbox 343 1642 469 1705; x_wconf 84' lang='lat' dir='ltr'><strong>Utinam</strong></span> <span class='ocrx_word' id='word_1_97' title='bbox 482 1638 629 1705; x_wconf 73' lang='lat' dir='ltr'><strong>defuisset</strong></span> <span class='ocrx_word' id='word_1_98' title='bbox 638 1639 711 1703; x_wconf 87' lang='lat' dir='ltr'><strong>buic</strong></span> <span class='ocrx_word' id='word_1_99' title='bbox 720 1642 850 1705; x_wconf 87' lang='lat' dir='ltr'><strong>oraculo</strong></span> <span class='ocrx_word' id='word_1_100' title='bbox 862 1641 960 1705; x_wconf 73' lang='lat' dir='ltr'><strong>lidesz</strong></span> <span class='ocrx_word' id='word_1_101' title='bbox 981 1641 1038 1707; x_wconf 90' lang='lat' dir='ltr'><strong>sed</strong></span> <span class='ocrx_word' id='word_1_102' title='bbox 1052 1647 1201 1731; x_wconf 85' lang='lat' dir='ltr'><strong>profecto,</strong></span> 
     </span>
     <span class='ocr_line' id='line_1_14' title="bbox 55 1741 1202 1833; baseline 0.001 -24"><span class='ocrx_word' id='word_1_103' title='bbox 55 1746 82 1809; x_wconf 86' lang='lat' dir='ltr'><strong>si</strong></span> <span class='ocrx_word' id='word_1_104' title='bbox 95 1768 208 1813; x_wconf 72' lang='lat' dir='ltr'><strong>serum</strong></span> <span class='ocrx_word' id='word_1_105' title='bbox 222 1767 385 1833; x_wconf 87' lang='lat' dir='ltr'><strong>amamus,</strong></span> <span class='ocrx_word' id='word_1_106' title='bbox 413 1741 624 1830; x_wconf 78' lang='lat' dir='ltr'><strong>depravationi</strong></span> <span class='ocrx_word' id='word_1_107' title='bbox 642 1742 687 1805; x_wconf 92' lang='lat' dir='ltr'><strong>illi</strong></span> <span class='ocrx_word' id='word_1_108' title='bbox 706 1754 737 1805; x_wconf 92' lang='lat' dir='ltr'><strong>et</strong></span> <span class='ocrx_word' id='word_1_109' title='bbox 752 1745 844 1825; x_wconf 89' lang='lat' dir='ltr'><strong>hujus</strong></span> <span class='ocrx_word' id='word_1_110' title='bbox 864 1746 1059 1811; x_wconf 76' lang='lat' dir='ltr'><strong>scientiarum</strong></span> <span class='ocrx_word' id='word_1_111' title='bbox 1079 1747 1202 1826; x_wconf 85' lang='lat' dir='ltr'><strong>reginae</strong></span> 
     </span>
     <span class='ocr_line' id='line_1_15' title="bbox 56 1846 1206 1936; baseline 0.001 -23"><span class='ocrx_word' id='word_1_112' title='bbox 56 1861 86 1913; x_wconf 89' lang='lat' dir='ltr'><strong>et</strong></span> <span class='ocrx_word' id='word_1_113' title='bbox 105 1850 250 1913; x_wconf 82' lang='lat' dir='ltr'><strong>omnimo</strong></span> <span class='ocrx_word' id='word_1_114' title='bbox 270 1849 415 1927; x_wconf 77' lang='lat' dir='ltr'><strong>alimum,</strong></span> <span class='ocrx_word' id='word_1_115' title='bbox 446 1866 524 1933; x_wconf 80' lang='lat' dir='ltr'><strong>qime</strong></span> <span class='ocrx_word' id='word_1_116' title='bbox 552 1856 660 1931; x_wconf 82' lang='lat' dir='ltr'><strong>postea</strong></span> <span class='ocrx_word' id='word_1_117' title='bbox 692 1846 816 1926; x_wconf 90' lang='lat' dir='ltr'><strong>accidit,</strong></span> <span class='ocrx_word' id='word_1_118' title='bbox 852 1848 1047 1925; x_wconf 72' lang='lat' dir='ltr'><strong>occasionem</strong></span> <span class='ocrx_word' id='word_1_119' title='bbox 1075 1849 1206 1936; x_wconf 83' lang='lat' dir='ltr'><strong>quidem¹</strong></span> 
     </span>
     <span class='ocr_line' id='line_1_16' title="bbox 56 1948 1203 2040; baseline -0.001 -20"><span class='ocrx_word' id='word_1_120' title='bbox 56 1948 234 2020; x_wconf 83' lang='lat' dir='ltr'><strong>Gotbonrm</strong></span> <span class='ocrx_word' id='word_1_121' title='bbox 253 1963 286 2017; x_wconf 88' lang='lat' dir='ltr'><strong>et</strong></span> <span class='ocrx_word' id='word_1_122' title='bbox 302 1952 470 2015; x_wconf 79' lang='lat' dir='ltr'><strong>Abnorum</strong></span> <span class='ocrx_word' id='word_1_123' title='bbox 493 1954 669 2019; x_wconf 85' lang='lat' dir='ltr'><strong>invasiones</strong></span> <span class='ocrx_word' id='word_1_124' title='bbox 686 1955 906 2040; x_wconf 82' lang='lat' dir='ltr'><strong>praebuerunt,</strong></span> <span class='ocrx_word' id='word_1_125' title='bbox 947 1963 980 2015; x_wconf 87' lang='lat' dir='ltr'><strong>at</strong></span> <span class='ocrx_word' id='word_1_126' title='bbox 996 1974 1102 2016; x_wconf 88' lang='lat' dir='ltr'><strong>caussa</strong></span> <span class='ocrx_word' id='word_1_127' title='bbox 1121 1954 1203 2019; x_wconf 89' lang='lat' dir='ltr'><strong>illius</strong></span> 
     </span>
     <span class='ocr_line' id='line_1_17' title="bbox 56 2042 1202 2143; baseline 0 -22"><span class='ocrx_word' id='word_1_128' title='bbox 56 2056 231 2143; x_wconf 81' lang='lat' dir='ltr'><strong>propiores</strong></span> <span class='ocrx_word' id='word_1_129' title='bbox 248 2076 322 2121; x_wconf 78' lang='lat' dir='ltr'><strong>vera</strong></span> <span class='ocrx_word' id='word_1_130' title='bbox 335 2067 381 2119; x_wconf 92' lang='lat' dir='ltr'><strong>est</strong></span> <span class='ocrx_word' id='word_1_131' title='bbox 391 2055 469 2120; x_wconf 83' lang='lat' dir='ltr'><strong>ratio</strong></span> <span class='ocrx_word' id='word_1_132' title='bbox 482 2056 653 2121; x_wconf 86' lang='lat' dir='ltr'><strong>studiorum</strong></span> <span class='ocrx_word' id='word_1_133' title='bbox 665 2042 810 2143; x_wconf 83' lang='lat' dir='ltr'><strong>perversa</strong></span> <span class='ocrx_word' id='word_1_134' title='bbox 823 2067 854 2117; x_wconf 93' lang='lat' dir='ltr'><strong>et</strong></span> <span class='ocrx_word' id='word_1_135' title='bbox 873 2055 907 2119; x_wconf 93' lang='lat' dir='ltr'><strong>in</strong></span> <span class='ocrx_word' id='word_1_136' title='bbox 921 2056 1097 2120; x_wconf 80' lang='lat' dir='ltr'><strong>liberalibus</strong></span> <span class='ocrx_word' id='word_1_137' title='bbox 1110 2048 1202 2121; x_wconf 82' lang='lat' dir='ltr'><strong>dis&#39;ci-</strong></span> 
     </span>
     <span class='ocr_line' id='line_1_18' title="bbox 55 2145 1202 2247; baseline 0 -22"><span class='ocrx_word' id='word_1_138' title='bbox 55 2158 146 2246; x_wconf 80' lang='lat' dir='ltr'><strong>plinis</strong></span> <span class='ocrx_word' id='word_1_139' title='bbox 161 2164 261 2247; x_wconf 82' lang='lat' dir='ltr'><strong>&#39;prava</strong></span> <span class='ocrx_word' id='word_1_140' title='bbox 280 2145 429 2222; x_wconf 78' lang='lat' dir='ltr'><strong>institutio</strong></span> <span class='ocrx_word' id='word_1_141' title='bbox 451 2181 487 2223; x_wconf 90' lang='lat' dir='ltr'><strong>ac</strong></span> <span class='ocrx_word' id='word_1_142' title='bbox 503 2161 788 2242; x_wconf 71' lang='lat' dir='ltr'><strong>linguam-simul</strong></span> <span class='ocrx_word' id='word_1_143' title='bbox 809 2171 841 2223; x_wconf 88' lang='lat' dir='ltr'><strong>et</strong></span> <span class='ocrx_word' id='word_1_144' title='bbox 853 2160 1013 2225; x_wconf 78' lang='lat' dir='ltr'><strong>universas</strong></span> <span class='ocrx_word' id='word_1_145' title='bbox 1029 2161 1202 2225; x_wconf 83' lang='lat' dir='ltr'><strong>literaturae</strong></span> 
     </span>
     <span class='ocr_line' id='line_1_19' title="bbox 55 2262 1237 2350; baseline 0 -22"><span class='ocrx_word' id='word_1_146' title='bbox 55 2263 193 2327; x_wconf 88' lang='lat' dir='ltr'><strong>melioris</strong></span> <span class='ocrx_word' id='word_1_147' title='bbox 208 2262 372 2344; x_wconf 77' lang='lat' dir='ltr'><strong>ignoratio.</strong></span> <span class='ocrx_word' id='word_1_148' title='bbox 413 2262 452 2325; x_wconf 79' lang='lat' dir='ltr'><strong>At</strong></span> <span class='ocrx_word' id='word_1_149' title='bbox 471 2264 630 2329; x_wconf 80' lang='lat' dir='ltr'><strong>enimvero</strong></span> <span class='ocrx_word' id='word_1_150' title='bbox 654 2276 804 2350; x_wconf 89' lang='lat' dir='ltr'><strong>quantum</strong></span> <span class='ocrx_word' id='word_1_151' title='bbox 824 2262 876 2325; x_wconf 88' lang='lat' dir='ltr'><strong>isti</strong></span> <span class='ocrx_word' id='word_1_152' title='bbox 895 2272 1013 2335; x_wconf 82' lang='lat' dir='ltr'><strong>erecta</strong></span> <span class='ocrx_word' id='word_1_153' title='bbox 1027 2262 1202 2328; x_wconf 86' lang='lat' dir='ltr'><strong>studiorum</strong></span> <span class='ocrx_word' id='word_1_154' title='bbox 1232 2332 1237 2347; x_wconf 25' lang='lat' dir='ltr'><strong>q</strong></span> 
     </span>
     <span class='ocr_line' id='line_1_20' title="bbox 10 2364 1203 2477; baseline 0.002 -49.078"><span class='ocrx_word' id='word_1_155' title='bbox 10 2366 174 2477; x_wconf 79' lang='grc' dir='ltr'><strong>ΙΙιιῐίοιιο</strong></span> <span class='ocrx_word' id='word_1_156' title='bbox 189 2364 372 2445; x_wconf 73' lang='lat' dir='ltr'><strong>deflectunt,</strong></span> <span class='ocrx_word' id='word_1_157' title='bbox 394 2375 513 2429; x_wconf 87' lang='lat' dir='ltr'><strong>tantum</strong></span> <span class='ocrx_word' id='word_1_158' title='bbox 531 2368 583 2431; x_wconf 87' lang='lat' dir='ltr'><strong>alii</strong></span> <span class='ocrx_word' id='word_1_159' title='bbox 600 2366 722 2431; x_wconf 84' lang='lat' dir='ltr'><strong>diverso</strong></span> <span class='ocrx_word' id='word_1_160' title='bbox 736 2366 845 2431; x_wconf 85' lang='lat' dir='ltr'><strong>erroris</strong></span> <span class='ocrx_word' id='word_1_161' title='bbox 860 2386 973 2447; x_wconf 77' lang='lat' dir='ltr'><strong>genere</strong></span> <span class='ocrx_word' id='word_1_162' title='bbox 986 2377 1131 2452; x_wconf 86' lang='lat' dir='ltr'><strong>peccant,</strong></span> <span class='ocrx_word' id='word_1_163' title='bbox 1149 2366 1203 2453; x_wconf 87' lang='lat' dir='ltr'><strong>qui</strong></span> 
     </span>
     <span class='ocr_line' id='line_1_21' title="bbox 56 2467 1206 2557; baseline 0.003 -27"><span class='ocrx_word' id='word_1_164' title='bbox 56 2467 88 2531; x_wconf 88' lang='lat' dir='ltr'><strong>in</strong></span> <span class='ocrx_word' id='word_1_165' title='bbox 101 2468 236 2531; x_wconf 86' lang='lat' dir='ltr'><strong>lectione</strong></span> <span class='ocrx_word' id='word_1_166' title='bbox 258 2469 454 2554; x_wconf 82' lang='lat' dir='ltr'><strong>antiquorum</strong></span> <span class='ocrx_word' id='word_1_167' title='bbox 472 2470 648 2557; x_wconf 88' lang='lat' dir='ltr'><strong>sapientum</strong></span> <span class='ocrx_word' id='word_1_168' title='bbox 670 2468 786 2539; x_wconf 83' lang='lat' dir='ltr'><strong>assidui</strong></span> <span class='ocrx_word' id='word_1_169' title='bbox 804 2480 892 2549; x_wconf 88' lang='lat' dir='ltr'><strong>sunt,</strong></span> <span class='ocrx_word' id='word_1_170' title='bbox 919 2490 986 2531; x_wconf 92' lang='lat' dir='ltr'><strong>non</strong></span> <span class='ocrx_word' id='word_1_171' title='bbox 1002 2481 1037 2537; x_wconf 86' lang='lat' dir='ltr'><strong>ut</strong></span> <span class='ocrx_word' id='word_1_172' title='bbox 1052 2471 1206 2557; x_wconf 53' lang='lat' dir='ltr'><strong>smmum„</strong></span> 
     </span>
     <span class='ocr_line' id='line_1_22' title="bbox 56 2568 1202 2659; baseline 0.002 -24"><span class='ocrx_word' id='word_1_173' title='bbox 56 2568 112 2635; x_wconf 88' lang='lat' dir='ltr'><strong>sed</strong></span> <span class='ocrx_word' id='word_1_174' title='bbox 125 2582 161 2633; x_wconf 86' lang='lat' dir='ltr'><strong>nt</strong></span> <span class='ocrx_word' id='word_1_175' title='bbox 172 2592 335 2653; x_wconf 76' lang='lat' dir='ltr'><strong>ingenium</strong></span> <span class='ocrx_word' id='word_1_176' title='bbox 347 2575 505 2655; x_wconf 76' lang='lat' dir='ltr'><strong>excolant3</strong></span> <span class='ocrx_word' id='word_1_177' title='bbox 532 2593 598 2635; x_wconf 90' lang='lat' dir='ltr'><strong>non</strong></span> <span class='ocrx_word' id='word_1_178' title='bbox 618 2584 653 2633; x_wconf 92' lang='lat' dir='ltr'><strong>ut</strong></span> <span class='ocrx_word' id='word_1_179' title='bbox 671 2570 790 2641; x_wconf 85' lang='lat' dir='ltr'><strong>discant</strong></span> <span class='ocrx_word' id='word_1_180' title='bbox 809 2573 932 2651; x_wconf 82' lang='lat' dir='ltr'><strong>vivere,</strong></span> <span class='ocrx_word' id='word_1_181' title='bbox 962 2569 1021 2635; x_wconf 85' lang='lat' dir='ltr'><strong>sed</strong></span> <span class='ocrx_word' id='word_1_182' title='bbox 1041 2582 1076 2635; x_wconf 88' lang='lat' dir='ltr'><strong>ut</strong></span> <span class='ocrx_word' id='word_1_183' title='bbox 1095 2573 1202 2659; x_wconf 80' lang='lat' dir='ltr'><strong>loqui3</strong></span> 
     </span>
     <span class='ocr_line' id='line_1_23' title="bbox 56 2664 1205 2763; baseline 0.002 -28"><span class='ocrx_word' id='word_1_184' title='bbox 56 2664 157 2760; x_wconf 84' lang='lat' dir='ltr'><strong>neque</strong></span> <span class='ocrx_word' id='word_1_185' title='bbox 171 2685 206 2736; x_wconf 86' lang='lat' dir='ltr'><strong>ut</strong></span> <span class='ocrx_word' id='word_1_186' title='bbox 215 2674 361 2739; x_wconf 88' lang='lat' dir='ltr'><strong>meliores</strong></span> <span class='ocrx_word' id='word_1_187' title='bbox 378 2675 489 2739; x_wconf 83' lang='lat' dir='ltr'><strong>abillis</strong></span> <span class='ocrx_word' id='word_1_188' title='bbox 503 2672 677 2754; x_wconf 83' lang='lat' dir='ltr'><strong>discedant,</strong></span> <span class='ocrx_word' id='word_1_189' title='bbox 699 2674 757 2740; x_wconf 89' lang='lat' dir='ltr'><strong>sed</strong></span> <span class='ocrx_word' id='word_1_190' title='bbox 769 2686 803 2737; x_wconf 91' lang='lat' dir='ltr'><strong>ut</strong></span> <span class='ocrx_word' id='word_1_191' title='bbox 817 2674 969 2739; x_wconf 80' lang='lat' dir='ltr'><strong>docbores</strong></span> <span class='ocrx_word' id='word_1_192' title='bbox 985 2684 1119 2757; x_wconf 81' lang='lat' dir='ltr'><strong>tantum3</strong></span> <span class='ocrx_word' id='word_1_193' title='bbox 1149 2677 1205 2763; x_wconf 83' lang='lat' dir='ltr'><strong>qui</strong></span> 
     </span>
     <span class='ocr_line' id='line_1_24' title="bbox 10 2746 1205 2866; baseline -0.002 -22.92"><span class='ocrx_word' id='word_1_194' title='bbox 10 2775 189 2863; x_wconf 90' lang='lat' dir='ltr'><strong>denique</strong></span> <span class='ocrx_word' id='word_1_195' title='bbox 209 2777 478 2859; x_wconf 81' lang='lat' dir='ltr'><strong>grammaticorum</strong></span> <span class='ocrx_word' id='word_1_196' title='bbox 495 2779 598 2844; x_wconf 75' lang='lat' dir='ltr'><strong>solcum</strong></span> <span class='ocrx_word' id='word_1_197' title='bbox 618 2746 715 2847; x_wconf 87' lang='lat' dir='ltr'><strong>oculis</strong></span> <span class='ocrx_word' id='word_1_198' title='bbox 734 2779 846 2866; x_wconf 86' lang='lat' dir='ltr'><strong>scripta</strong></span> <span class='ocrx_word' id='word_1_199' title='bbox 870 2798 978 2853; x_wconf 75' lang='lat' dir='ltr'><strong>eorum</strong></span> <span class='ocrx_word' id='word_1_200' title='bbox 1000 2778 1122 2861; x_wconf 75' lang='lat' dir='ltr'><strong>legrmt,</strong></span> <span class='ocrx_word' id='word_1_201' title='bbox 1151 2778 1205 2865; x_wconf 80' lang='lat' dir='ltr'><strong>qui</strong></span> 
     </span>
     <span class='ocr_line' id='line_1_25' title="bbox 57 2879 1206 2968; baseline 0 -23"><span class='ocrx_word' id='word_1_202' title='bbox 57 2879 97 2945; x_wconf 88' lang='lat' dir='ltr'><strong>de</strong></span> <span class='ocrx_word' id='word_1_203' title='bbox 106 2880 220 2946; x_wconf 76' lang='lat' dir='ltr'><strong>uuute</strong></span> <span class='ocrx_word' id='word_1_204' title='bbox 230 2879 429 2968; x_wconf 86' lang='lat' dir='ltr'><strong>praecipiunt.</strong></span> <span class='ocrx_word' id='word_1_205' title='bbox 471 2881 562 2967; x_wconf 80' lang='lat' dir='ltr'><strong>Atqui</strong></span> <span class='ocrx_word' id='word_1_206' title='bbox 584 2903 649 2945; x_wconf 87' lang='lat' dir='ltr'><strong>non</strong></span> <span class='ocrx_word' id='word_1_207' title='bbox 667 2882 702 2945; x_wconf 92' lang='lat' dir='ltr'><strong>in</strong></span> <span class='ocrx_word' id='word_1_208' title='bbox 720 2898 794 2951; x_wconf 84' lang='lat' dir='ltr'><strong>sum</strong></span> <span class='ocrx_word' id='word_1_209' title='bbox 814 2891 895 2945; x_wconf 85' lang='lat' dir='ltr'><strong>certe</strong></span> <span class='ocrx_word' id='word_1_210' title='bbox 912 2881 1055 2945; x_wconf 84' lang='lat' dir='ltr'><strong>finem</strong></span> <span class='ocrx_word' id='word_1_211' title='bbox 1023 2883 1083 2947; x_wconf 79' lang='lat' dir='ltr'><strong>uri</strong></span> <span class='ocrx_word' id='word_1_212' title='bbox 1096 2885 1206 2966; x_wconf 81' lang='lat' dir='ltr'><strong>magni</strong></span> 
     </span>
     <span class='ocr_line' id='line_1_26' title="bbox 57 2981 1204 3072; baseline 0.003 -25"><span class='ocrx_word' id='word_1_213' title='bbox 57 2994 87 3047; x_wconf 89' lang='lat' dir='ltr'><strong>et</strong></span> <span class='ocrx_word' id='word_1_214' title='bbox 102 2995 266 3071; x_wconf 82' lang='lat' dir='ltr'><strong>praecepta</strong></span> <span class='ocrx_word' id='word_1_215' title='bbox 279 2996 311 3047; x_wconf 88' lang='lat' dir='ltr'><strong>et</strong></span> <span class='ocrx_word' id='word_1_216' title='bbox 323 2987 465 3071; x_wconf 87' lang='lat' dir='ltr'><strong>exempla</strong></span> <span class='ocrx_word' id='word_1_217' title='bbox 474 2986 621 3053; x_wconf 66' lang='lat' dir='ltr'><strong>vbwttrm</strong></span> <span class='ocrx_word' id='word_1_218' title='bbox 634 2982 805 3053; x_wconf 77' lang='lat' dir='ltr'><strong>memoriae</strong></span> <span class='ocrx_word' id='word_1_219' title='bbox 819 2981 1034 3063; x_wconf 74' lang='lat' dir='ltr'><strong>commendata</strong></span> <span class='ocrx_word' id='word_1_220' title='bbox 1047 2984 1088 3049; x_wconf 91' lang='lat' dir='ltr'><strong>sd</strong></span> <span class='ocrx_word' id='word_1_221' title='bbox 1097 2999 1204 3072; x_wconf 86' lang='lat' dir='ltr'><strong>poste-</strong></span> 
     </span>
    </p>
   </div>
   <div class='ocr_carea' id='block_1_5' title="bbox 10 3087 1205 3287">
    <p class='ocr_par' dir='ltr' id='par_1_5' title="bbox 10 3087 1205 3287">
     <span class='ocr_line' id='line_1_27' title="bbox 10 3087 1204 3195; baseline 0.003 -44"><span class='ocrx_word' id='word_1_222' title='bbox 10 3106 21 3195; x_wconf 59' lang='lat' dir='ltr'><strong>q</strong></span> <span class='ocrx_word' id='word_1_223' title='bbox 57 3108 107 3151; x_wconf 86' lang='lat' dir='ltr'><strong>ros</strong></span> <span class='ocrx_word' id='word_1_224' title='bbox 120 3087 370 3168; x_wconf 82' lang='lat' dir='ltr'><strong>transmiserunt,</strong></span> <span class='ocrx_word' id='word_1_225' title='bbox 397 3098 433 3151; x_wconf 87' lang='lat' dir='ltr'><strong>ut</strong></span> <span class='ocrx_word' id='word_1_226' title='bbox 451 3087 494 3152; x_wconf 88' lang='lat' dir='ltr'><strong>ad</strong></span> <span class='ocrx_word' id='word_1_227' title='bbox 510 3088 637 3151; x_wconf 86' lang='lat' dir='ltr'><strong>inanem</strong></span> <span class='ocrx_word' id='word_1_228' title='bbox 651 3088 771 3151; x_wconf 88' lang='lat' dir='ltr'><strong>amium</strong></span> <span class='ocrx_word' id='word_1_229' title='bbox 789 3087 1029 3167; x_wconf 77' lang='lat' dir='ltr'><strong>oblectationem</strong></span> <span class='ocrx_word' id='word_1_230' title='bbox 1040 3091 1094 3157; x_wconf 83' lang='lat' dir='ltr'><strong>vel</strong></span> <span class='ocrx_word' id='word_1_231' title='bbox 1108 3093 1204 3170; x_wconf 81' lang='lat' dir='ltr'><strong>iacta-</strong></span> 
     </span>
     <span class='ocr_line' id='line_1_28' title="bbox 10 3187 1205 3287; baseline 0.003 -34"><span class='ocrx_word' id='word_1_232' title='bbox 10 3222 17 3287; x_wconf 50' lang='grc' dir='ltr'><em>ξ</em></span> <span class='ocrx_word' id='word_1_233' title='bbox 58 3187 175 3265; x_wconf 80' lang='lat' dir='ltr'><strong>bouem</strong></span> <span class='ocrx_word' id='word_1_234' title='bbox 194 3208 311 3259; x_wconf 81' lang='lat' dir='ltr'><strong>vanam</strong></span> <span class='ocrx_word' id='word_1_235' title='bbox 324 3190 445 3257; x_wconf 80' lang='lat' dir='ltr'><strong>inutilis</strong></span> <span class='ocrx_word' id='word_1_236' title='bbox 467 3189 646 3259; x_wconf 85' lang='lat' dir='ltr'><strong>eruditionis</strong></span> <span class='ocrx_word' id='word_1_237' title='bbox 671 3212 709 3253; x_wconf 91' lang='lat' dir='ltr'><strong>ea</strong></span> <span class='ocrx_word' id='word_1_238' title='bbox 737 3210 1012 3271; x_wconf 83' lang='lat' dir='ltr'><strong>cognosceremus,</strong></span> <span class='ocrx_word' id='word_1_239' title='bbox 1038 3212 1148 3263; x_wconf 82' lang='lat' dir='ltr'><strong>verum</strong></span> <span class='ocrx_word' id='word_1_240' title='bbox 1169 3205 1205 3267; x_wconf 80' lang='lat' dir='ltr'><strong>ut</strong></span> 
     </span>
    </p>
   </div>
   <div class='ocr_carea' id='block_1_6' title="bbox 10 3326 21 3429">
    <p class='ocr_par' dir='ltr' id='par_1_6' title="bbox 10 3326 21 3429">
     <span class='ocr_line' id='line_1_29' title="bbox 10 3326 21 3429; baseline 0 -4"><span class='ocrx_word' id='word_1_241' title='bbox 10 3326 21 3429; x_wconf 80' lang='lat' dir='ltr'><strong>l</strong></span> 
     </span>
    </p>
   </div>
   <div class='ocr_carea' id='block_1_7' title="bbox 10 3431 22 3587">
    <p class='ocr_par' dir='ltr' id='par_1_7' title="bbox 10 3431 22 3587">
     <span class='ocr_line' id='line_1_30' title="bbox 10 3431 22 3509; baseline 0 0"><span class='ocrx_word' id='word_1_242' title='bbox 10 3431 22 3509; x_wconf 69' lang='lat'><strong>⁵.</strong></span> 
     </span>
     <span class='ocr_line' id='line_1_31' title="bbox 10 3518 21 3587; baseline 0 0"><span class='ocrx_word' id='word_1_243' title='bbox 10 3518 21 3587; x_wconf 66' lang='lat'><strong>7·</strong></span> 
     </span>
    </p>
   </div>
   <div class='ocr_carea' id='block_1_8' title="bbox 11 3290 1204 3382">
    <p class='ocr_par' dir='ltr' id='par_1_8' title="bbox 11 3290 1204 3382">
     <span class='ocr_line' id='line_1_32' title="bbox 11 3290 1204 3382; baseline 0.003 -25"><span class='ocrx_word' id='word_1_244' title='bbox 11 3290 16 3319; x_wconf 80' lang='lat'><em>³</em></span> <span class='ocrx_word' id='word_1_245' title='bbox 58 3292 119 3357; x_wconf 82' lang='lat' dir='ltr'><strong>suis</strong></span> <span class='ocrx_word' id='word_1_246' title='bbox 132 3314 193 3357; x_wconf 87' lang='lat' dir='ltr'><strong>nos</strong></span> <span class='ocrx_word' id='word_1_247' title='bbox 205 3293 466 3360; x_wconf 82' lang='lat' dir='ltr'><strong>lucubrationibus</strong></span> <span class='ocrx_word' id='word_1_248' title='bbox 482 3295 648 3359; x_wconf 87' lang='lat' dir='ltr'><strong>excitarent</strong></span> <span class='ocrx_word' id='word_1_249' title='bbox 659 3291 700 3355; x_wconf 91' lang='lat' dir='ltr'><strong>ad</strong></span> <span class='ocrx_word' id='word_1_250' title='bbox 716 3291 894 3357; x_wconf 86' lang='lat' dir='ltr'><strong>effodienda</strong></span> <span class='ocrx_word' id='word_1_251' title='bbox 913 3304 946 3357; x_wconf 89' lang='lat' dir='ltr'><strong>et</strong></span> <span class='ocrx_word' id='word_1_252' title='bbox 963 3295 996 3357; x_wconf 90' lang='lat' dir='ltr'><strong>in</strong></span> <span class='ocrx_word' id='word_1_253' title='bbox 1017 3306 1120 3359; x_wconf 72' lang='lat' dir='ltr'><strong>acuam</strong></span> <span class='ocrx_word' id='word_1_254' title='bbox 1131 3318 1204 3382; x_wconf 91' lang='lat' dir='ltr'><strong>pro-</strong></span> 
     </span>
    </p>
   </div>
   <div class='ocr_carea' id='block_1_9' title="bbox 58 3388 1203 3578">
    <p class='ocr_par' dir='ltr' id='par_1_9' title="bbox 58 3388 1203 3578">
     <span class='ocr_line' id='line_1_33' title="bbox 59 3388 1203 3487; baseline 0.005 -28"><span class='ocrx_word' id='word_1_255' title='bbox 59 3391 198 3465; x_wconf 87' lang='lat' dir='ltr'><strong>ducenda</strong></span> <span class='ocrx_word' id='word_1_256' title='bbox 212 3396 289 3459; x_wconf 85' lang='lat' dir='ltr'><strong>recti</strong></span> <span class='ocrx_word' id='word_1_257' title='bbox 307 3388 490 3484; x_wconf 73' lang='lat' dir='ltr'><strong>honestique</strong></span> <span class='ocrx_word' id='word_1_258' title='bbox 501 3399 638 3465; x_wconf 84' lang='lat' dir='ltr'><strong>semina:</strong></span> <span class='ocrx_word' id='word_1_259' title='bbox 667 3419 746 3484; x_wconf 84' lang='lat' dir='ltr'><strong>quae</strong></span> <span class='ocrx_word' id='word_1_260' title='bbox 763 3417 858 3483; x_wconf 88' lang='lat' dir='ltr'><strong>quum</strong></span> <span class='ocrx_word' id='word_1_261' title='bbox 871 3418 895 3471; x_wconf 85' lang='lat' dir='ltr'><strong>a¹</strong></span> <span class='ocrx_word' id='word_1_262' title='bbox 907 3408 1015 3460; x_wconf 87' lang='lat' dir='ltr'><strong>natura</strong></span> <span class='ocrx_word' id='word_1_263' title='bbox 1031 3401 1203 3487; x_wconf 83' lang='lat' dir='ltr'><strong>accepisse-</strong></span> 
     </span>
     <span class='ocr_line' id='line_1_34' title="bbox 58 3499 1202 3578; baseline 0.005 -17"><span class='ocrx_word' id='word_1_264' title='bbox 58 3518 144 3578; x_wconf 88' lang='lat' dir='ltr'><strong>mus,</strong></span> <span class='ocrx_word' id='word_1_265' title='bbox 170 3499 257 3565; x_wconf 80' lang='lat' dir='ltr'><strong>vitiis</strong></span> <span class='ocrx_word' id='word_1_266' title='bbox 274 3510 380 3565; x_wconf 73' lang='lat' dir='ltr'><strong>tamar</strong></span> <span class='ocrx_word' id='word_1_267' title='bbox 398 3502 569 3566; x_wconf 68' lang='lat' dir='ltr'><strong>mcunfusa</strong></span> <span class='ocrx_word' id='word_1_268' title='bbox 591 3513 622 3571; x_wconf 85' lang='lat' dir='ltr'><strong>et</strong></span> <span class='ocrx_word' id='word_1_269' title='bbox 640 3513 761 3565; x_wconf 88' lang='lat' dir='ltr'><strong>tantum</strong></span> <span class='ocrx_word' id='word_1_270' title='bbox 776 3522 843 3563; x_wconf 92' lang='lat' dir='ltr'><strong>non</strong></span> <span class='ocrx_word' id='word_1_271' title='bbox 857 3502 968 3565; x_wconf 74' lang='lat' dir='ltr'><strong>obruta</strong></span> <span class='ocrx_word' id='word_1_272' title='bbox 982 3502 1074 3567; x_wconf 87' lang='lat' dir='ltr'><strong>sicin</strong></span> <span class='ocrx_word' id='word_1_273' title='bbox 1089 3504 1202 3571; x_wconf 83' lang='lat' dir='ltr'><strong>nostris</strong></span> 
     </span>
    </p>
   </div>
   <div class='ocr_carea' id='block_1_10' title="bbox 16 3600 1202 3796">
    <p class='ocr_par' dir='ltr' id='par_1_10' title="bbox 16 3600 1202 3796">
     <span class='ocr_line' id='line_1_35' title="bbox 16 3600 1202 3693; baseline 0.002 -26"><span class='ocrx_word' id='word_1_274' title='bbox 16 3630 21 3667; x_wconf 88' lang='lat'><strong><em>:</em></strong></span> <span class='ocrx_word' id='word_1_275' title='bbox 58 3600 184 3682; x_wconf 80' lang='lat' dir='ltr'><strong>animis,</strong></span> <span class='ocrx_word' id='word_1_276' title='bbox 211 3600 274 3667; x_wconf 78' lang='lat' dir='ltr'><strong>nisi</strong></span> <span class='ocrx_word' id='word_1_277' title='bbox 285 3606 400 3667; x_wconf 84' lang='lat' dir='ltr'><strong>cultura</strong></span> <span class='ocrx_word' id='word_1_278' title='bbox 413 3606 524 3670; x_wconf 87' lang='lat' dir='ltr'><strong>melior</strong></span> <span class='ocrx_word' id='word_1_279' title='bbox 535 3604 677 3685; x_wconf 87' lang='lat' dir='ltr'><strong>accedat,</strong></span> <span class='ocrx_word' id='word_1_280' title='bbox 706 3607 815 3684; x_wconf 86' lang='lat' dir='ltr'><strong>latent,</strong></span> <span class='ocrx_word' id='word_1_281' title='bbox 844 3605 932 3690; x_wconf 86' lang='lat' dir='ltr'><strong>quasi</strong></span> <span class='ocrx_word' id='word_1_282' title='bbox 946 3604 980 3667; x_wconf 91' lang='lat' dir='ltr'><strong>in</strong></span> <span class='ocrx_word' id='word_1_283' title='bbox 993 3607 1088 3669; x_wconf 87' lang='lat' dir='ltr'><strong>altum</strong></span> <span class='ocrx_word' id='word_1_284' title='bbox 1103 3629 1202 3693; x_wconf 89' lang='lat' dir='ltr'><strong>quen-</strong></span> 
     </span>
     <span class='ocr_line' id='line_1_36' title="bbox 17 3702 1202 3796; baseline 0.002 -25"><span class='ocrx_word' id='word_1_285' title='bbox 17 3750 22 3787; x_wconf 89' lang='lat'><strong>.·</strong></span> <span class='ocrx_word' id='word_1_286' title='bbox 59 3702 287 3771; x_wconf 85' lang='lat' dir='ltr'><strong>damscrobem</strong></span> <span class='ocrx_word' id='word_1_287' title='bbox 302 3709 423 3793; x_wconf 83' lang='lat' dir='ltr'><strong>penitus</strong></span> <span class='ocrx_word' id='word_1_288' title='bbox 437 3707 569 3774; x_wconf 86' lang='lat' dir='ltr'><strong>defossa.</strong></span> <span class='ocrx_word' id='word_1_289' title='bbox 612 3710 683 3772; x_wconf 89' lang='lat' dir='ltr'><strong>Huc</strong></span> <span class='ocrx_word' id='word_1_290' title='bbox 696 3720 852 3796; x_wconf 83' lang='lat' dir='ltr'><strong>spectent,</strong></span> <span class='ocrx_word' id='word_1_291' title='bbox 872 3706 958 3794; x_wconf 88' lang='lat' dir='ltr'><strong>quod</strong></span> <span class='ocrx_word' id='word_1_292' title='bbox 969 3719 1000 3771; x_wconf 86' lang='lat' dir='ltr'><strong>te</strong></span> <span class='ocrx_word' id='word_1_293' title='bbox 1012 3710 1143 3782; x_wconf 83' lang='lat' dir='ltr'><strong>minime</strong></span> <span class='ocrx_word' id='word_1_294' title='bbox 1156 3713 1202 3773; x_wconf 87' lang='lat' dir='ltr'><strong>la-</strong></span> 
     </span>
    </p>
   </div>
   <div class='ocr_carea' id='block_1_11' title="bbox 59 3802 1202 3899">
    <p class='ocr_par' dir='ltr' id='par_1_11' title="bbox 59 3802 1202 3899">
     <span class='ocr_line' id='line_1_37' title="bbox 59 3802 1202 3899; baseline 0.008 -29"><span class='ocrx_word' id='word_1_295' title='bbox 59 3818 113 3891; x_wconf 89' lang='lat' dir='ltr'><strong>tet,</strong></span> <span class='ocrx_word' id='word_1_296' title='bbox 130 3802 182 3875; x_wconf 75' lang='lat' dir='ltr'><strong>vit</strong></span> <span class='ocrx_word' id='word_1_297' title='bbox 193 3809 429 3896; x_wconf 84' lang='lat' dir='ltr'><strong>sapientissime,</strong></span> <span class='ocrx_word' id='word_1_298' title='bbox 450 3823 497 3875; x_wconf 91' lang='lat' dir='ltr'><strong>tot</strong></span> <span class='ocrx_word' id='word_1_299' title='bbox 509 3813 561 3876; x_wconf 92' lang='lat' dir='ltr'><strong>illa</strong></span> <span class='ocrx_word' id='word_1_300' title='bbox 576 3813 752 3893; x_wconf 85' lang='lat' dir='ltr'><strong>volumina,</strong></span> <span class='ocrx_word' id='word_1_301' title='bbox 775 3833 854 3896; x_wconf 90' lang='lat' dir='ltr'><strong>quae</strong></span> <span class='ocrx_word' id='word_1_302' title='bbox 868 3810 908 3875; x_wconf 89' lang='lat' dir='ltr'><strong>de</strong></span> <span class='ocrx_word' id='word_1_303' title='bbox 920 3812 1032 3876; x_wconf 85' lang='lat' dir='ltr'><strong>morali</strong></span> <span class='ocrx_word' id='word_1_304' title='bbox 1043 3810 1202 3899; x_wconf 88' lang='lat' dir='ltr'><strong>disciplina</strong></span> 
     </span>
    </p>
   </div>
   <div class='ocr_carea' id='block_1_12' title="bbox 58 3912 1315 3999">
    <p class='ocr_par' dir='ltr' id='par_1_12' title="bbox 58 3912 1315 3999">
     <span class='ocr_line' id='line_1_38' title="bbox 58 3912 1315 3999; baseline 0.004 -24"><span class='ocrx_word' id='word_1_305' title='bbox 58 3912 246 3999; x_wconf 90' lang='lat' dir='ltr'><strong>philosophi.</strong></span> <span class='ocrx_word' id='word_1_306' title='bbox 260 3917 472 3998; x_wconf 82' lang='lat' dir='ltr'><strong>confecerunt3</strong></span> <span class='ocrx_word' id='word_1_307' title='bbox 498 3916 596 3980; x_wconf 89' lang='lat' dir='ltr'><strong>tendit</strong></span> <span class='ocrx_word' id='word_1_308' title='bbox 622 3915 735 3980; x_wconf 89' lang='lat' dir='ltr'><strong>eodem</strong></span> <span class='ocrx_word' id='word_1_309' title='bbox 756 3927 787 3979; x_wconf 92' lang='lat' dir='ltr'><strong>et</strong></span> <span class='ocrx_word' id='word_1_310' title='bbox 806 3912 994 3979; x_wconf 86' lang='lat' dir='ltr'><strong>Graecorum</strong></span> <span class='ocrx_word' id='word_1_311' title='bbox 1007 3915 1203 3979; x_wconf 86' lang='lat' dir='ltr'><strong>Latinorum·</strong></span> <span class='ocrx_word' id='word_1_312' title='bbox 1309 3930 1315 3945; x_wconf 91' lang='grc'><em>·</em></span> 
     </span>
    </p>
   </div>
   <div class='ocr_carea' id='block_1_13' title="bbox 14 4015 1206 4419">
    <p class='ocr_par' dir='ltr' id='par_1_13' title="bbox 14 4015 1206 4419">
     <span class='ocr_line' id='line_1_39' title="bbox 14 4015 1204 4105; baseline -0.003 -20"><span class='ocrx_word' id='word_1_313' title='bbox 14 4078 18 4085; x_wconf 95' lang='grc'>.</span> <span class='ocrx_word' id='word_1_314' title='bbox 58 4036 117 4102; x_wconf 76' lang='lat' dir='ltr'><strong>que</strong></span> <span class='ocrx_word' id='word_1_315' title='bbox 128 4015 294 4102; x_wconf 72' lang='lat' dir='ltr'><strong>politorum</strong></span> <span class='ocrx_word' id='word_1_316' title='bbox 306 4021 450 4105; x_wconf 85' lang='lat' dir='ltr'><strong>pleraque</strong></span> <span class='ocrx_word' id='word_1_317' title='bbox 467 4042 593 4101; x_wconf 89' lang='lat' dir='ltr'><strong>manus,</strong></span> <span class='ocrx_word' id='word_1_318' title='bbox 621 4020 679 4084; x_wconf 87' lang='lat' dir='ltr'><strong>sed</strong></span> <span class='ocrx_word' id='word_1_319' title='bbox 691 4019 850 4085; x_wconf 81' lang='lat' dir='ltr'><strong>itineribus</strong></span> <span class='ocrx_word' id='word_1_320' title='bbox 865 4018 1015 4084; x_wconf 82' lang='lat' dir='ltr'><strong>diversis:</strong></span> <span class='ocrx_word' id='word_1_321' title='bbox 1044 4030 1119 4105; x_wconf 88' lang='lat' dir='ltr'><strong>quot</strong></span> <span class='ocrx_word' id='word_1_322' title='bbox 1131 4031 1204 4084; x_wconf 89' lang='lat' dir='ltr'><strong>suut</strong></span> 
     </span>
     <span class='ocr_line' id='line_1_40' title="bbox 15 4119 1202 4210; baseline 0.007 -27"><span class='ocrx_word' id='word_1_323' title='bbox 15 4158 19 4183; x_wconf 82' lang='grc'>;</span> <span class='ocrx_word' id='word_1_324' title='bbox 60 4120 142 4185; x_wconf 81' lang='lat' dir='ltr'><strong>mim</strong></span> <span class='ocrx_word' id='word_1_325' title='bbox 155 4119 322 4208; x_wconf 74' lang='lat' dir='ltr'><strong>politanum</strong></span> <span class='ocrx_word' id='word_1_326' title='bbox 334 4143 448 4204; x_wconf 83' lang='lat' dir='ltr'><strong>genera</strong></span> <span class='ocrx_word' id='word_1_327' title='bbox 460 4124 545 4207; x_wconf 86' lang='lat' dir='ltr'><strong>(sunt</strong></span> <span class='ocrx_word' id='word_1_328' title='bbox 559 4134 663 4187; x_wconf 89' lang='lat' dir='ltr'><strong>autem</strong></span> <span class='ocrx_word' id='word_1_329' title='bbox 677 4122 928 4210; x_wconf 88' lang='lat' dir='ltr'><strong>quamplurima),</strong></span> <span class='ocrx_word' id='word_1_330' title='bbox 957 4133 1004 4187; x_wconf 89' lang='lat' dir='ltr'><strong>tot</strong></span> <span class='ocrx_word' id='word_1_331' title='bbox 1019 4125 1089 4187; x_wconf 86' lang='lat' dir='ltr'><strong>sere.</strong></span> <span class='ocrx_word' id='word_1_332' title='bbox 1099 4122 1202 4191; x_wconf 77' lang='lat' dir='ltr'><strong>divet-</strong></span> 
     </span>
     <span class='ocr_line' id='line_1_41' title="bbox 14 4221 1206 4309; baseline 0 -18"><span class='ocrx_word' id='word_1_333' title='bbox 14 4268 18 4275; x_wconf 92' lang='lat'>.</span> <span class='ocrx_word' id='word_1_334' title='bbox 59 4221 147 4291; x_wconf 73' lang='lat' dir='ltr'><strong>teuta</strong></span> <span class='ocrx_word' id='word_1_335' title='bbox 161 4224 485 4309; x_wconf 80' lang='lat' dir='ltr'><strong>etriammambages</strong></span> <span class='ocrx_word' id='word_1_336' title='bbox 501 4249 540 4291; x_wconf 88' lang='lat' dir='ltr'><strong>eo</strong></span> <span class='ocrx_word' id='word_1_337' title='bbox 556 4226 741 4293; x_wconf 80' lang='lat' dir='ltr'><strong>ducentium</strong></span> <span class='ocrx_word' id='word_1_338' title='bbox 783 4226 936 4295; x_wconf 87' lang='lat' dir='ltr'><strong>Breviset</strong></span> <span class='ocrx_word' id='word_1_339' title='bbox 952 4223 1065 4291; x_wconf 87' lang='lat' dir='ltr'><strong>directa</strong></span> <span class='ocrx_word' id='word_1_340' title='bbox 1078 4226 1131 4292; x_wconf 78' lang='lat' dir='ltr'><strong>via</strong></span> <span class='ocrx_word' id='word_1_341' title='bbox 1146 4236 1206 4305; x_wconf 82' lang='lat' dir='ltr'><strong>est,¹</strong></span> 
     </span>
     <span class='ocr_line' id='line_1_42' title="bbox 17 4326 1205 4419; baseline -0.007 -24"><span class='ocrx_word' id='word_1_342' title='bbox 17 4402 21 4413; x_wconf 57' lang='grc'>,</span> <span class='ocrx_word' id='word_1_343' title='bbox 59 4346 153 4413; x_wconf 71' lang='lat' dir='ltr'><strong>qum</strong></span> <span class='ocrx_word' id='word_1_344' title='bbox 160 4326 290 4395; x_wconf 81' lang='lat' dir='ltr'><strong>Persius</strong></span> <span class='ocrx_word' id='word_1_345' title='bbox 304 4342 335 4395; x_wconf 86' lang='lat' dir='ltr'><strong>et</strong></span> <span class='ocrx_word' id='word_1_346' title='bbox 346 4333 456 4419; x_wconf 84' lang='lat' dir='ltr'><strong>reliqui</strong></span> <span class='ocrx_word' id='word_1_347' title='bbox 468 4330 632 4397; x_wconf 89' lang='lat' dir='ltr'><strong>Romanae</strong></span> <span class='ocrx_word' id='word_1_348' title='bbox 646 4330 764 4395; x_wconf 80' lang='lat' dir='ltr'><strong>Satires</strong></span> <span class='ocrx_word' id='word_1_349' title='bbox 774 4330 887 4419; x_wconf 88' lang='lat' dir='ltr'><strong>po&#39;e&#39;tao</strong></span> <span class='ocrx_word' id='word_1_350' title='bbox 895 4330 1083 4394; x_wconf 85' lang='lat' dir='ltr'><strong>institerunt:</strong></span> <span class='ocrx_word' id='word_1_351' title='bbox 1105 4328 1205 4405; x_wconf 77' lang='lat' dir='ltr'><strong>omis-.</strong></span> 
     </span>
    </p>
   </div>
   <div class='ocr_carea' id='block_1_14' title="bbox 59 4430 1202 4523">
    <p class='ocr_par' dir='ltr' id='par_1_14' title="bbox 59 4430 1202 4523">
     <span class='ocr_line' id='line_1_43' title="bbox 59 4430 1202 4523; baseline 0.009 -26"><span class='ocrx_word' id='word_1_352' title='bbox 59 4430 96 4505; x_wconf 74' lang='lat' dir='ltr'><strong>ds</strong></span> <span class='ocrx_word' id='word_1_353' title='bbox 109 4432 331 4509; x_wconf 67' lang='lat' dir='ltr'><strong>euirnlabulis</strong></span> <span class='ocrx_word' id='word_1_354' title='bbox 351 4446 384 4499; x_wconf 89' lang='lat' dir='ltr'><strong>et</strong></span> <span class='ocrx_word' id='word_1_355' title='bbox 403 4435 490 4500; x_wconf 89' lang='lat' dir='ltr'><strong>omni</strong></span> <span class='ocrx_word' id='word_1_356' title='bbox 509 4433 672 4523; x_wconf 76' lang='lat' dir='ltr'><strong>politorum</strong></span> <span class='ocrx_word' id='word_1_357' title='bbox 690 4436 822 4508; x_wconf 78' lang='lat' dir='ltr'><strong>aliorum</strong></span> <span class='ocrx_word' id='word_1_358' title='bbox 841 4431 993 4521; x_wconf 69' lang='grc' dir='ltr'><strong>τερατείᾳ</strong></span> <span class='ocrx_word' id='word_1_359' title='bbox 1014 4454 1082 4505; x_wconf 68' lang='lat' dir='ltr'><strong>mm</strong></span> <span class='ocrx_word' id='word_1_360' title='bbox 1101 4432 1202 4519; x_wconf 65' lang='lat' dir='ltr'><strong>ipsam</strong></span> 
     </span>
    </p>
   </div>
   <div class='ocr_carea' id='block_1_15' title="bbox 0 0 1359 4972">
    <p class='ocr_par' dir='ltr' id='par_1_15' title="bbox 0 0 1359 4972">
     <span class='ocr_line' id='line_1_44' title="bbox 0 0 1359 4972; baseline 0 0"><span class='ocrx_word' id='word_1_361' title='bbox 0 0 1359 4972; x_wconf 95' lang='lat' dir='ltr'><strong> </strong></span> 
     </span>
    </p>
   </div>
  </div>
 </body>
</html>
