2700 4972
170 320 234 384 ros
328 286 330 291 ’
367 300 372 313 “
528 259 960 417 οονιωνντιιιινο

141 510 264 554 «senus
287 486 320 552 in
341 484 384 552 Π.
410 484 450 553 de
472 484 645 570 theologia:
674 483 724 564 τίς
748 480 856 573 ἡτῆε.
868 482 1003 573 φύσεως
1028 480 1113 573 ὁλκὴ
1144 482 1288 571 sal-:stt

169 570 294 658 ἄλληλα
305 571 415 678 σχέσις
430 576 501 657 τοῖς
523 574 664 657 γεννῶσι
676 568 734 639 καὶ
751 576 822 650 τοῖς
842 572 1079 658 γεννωμένοις,
1094 572 1160 638 ’ἵνα
1172 576 1218 657 τῷ
1230 576 1289 657 pli

166 683 252 815 {lh
262 675 465 815 ltttttl
477 659 535 808 ier
558 658 915 809 {tiltlittlttl
925 660 1290 810 iriffl‘iiiihfli

57 838 59 842 ’
166 830 304 913 elimarit,
325 843 360 895 ut
376 842 476 933 patros
488 831 601 894 liberos
617 793 774 911 gignerent
786 852 843 894 nec
855 854 910 919 per
922 852 957 895 se
973 824 1102 919 quisque
1115 842 1288 915 nasceretur:

167 916 198 983 sl
211 912 286 1003 puio,
308 918 415 1002 inquit,
437 911 548 991 ἁπλῶς
561 912 694 998 ἔμελλον
707 915 742 980 οἱ
754 912 935 997 ἅνθρωποι·
946 917 1115 1000 γίνεσθαι,
1127 912 1288 993 οὐόεέςέι

54 1040 57 1047 ·
165 1000 251 1085 πρὸς
263 994 388 1067 oristas
402 996 514 1085 σχέσιν
525 996 630 1084 έσχεν·
653 998 682 1065 el
694 996 758 1083 γὰρ
772 1004 838 1067 νῦν
850 999 1002 1084 πατέρων
1021 999 1133 1069 ὄντων
1150 999 1209 1067 aul
1223 1002 1288 1066 νοέ-

166 1089 238 1157 duo
254 1084 312 1152 ιιαὶ
324 1081 483 1171 ἐκγόνων,
503 1084 621 1152 πολλοὶ
635 1089 769 1169 πολλῶν
782 1086 901 1166 (malim
917 1086 1049 1153 παίσων
1066 1089 1119 1154 rel
1138 1084 1288 1168 πατέρων,

166 1186 201 1237 ut
222 1176 261 1236 ah
283 1195 347 1241 uuo
373 1166 551 1255 ἅστοργένς
570 1175 712 1259 exemplo
732 1174 837 1235 omnia
861 1175 1078 1256 intelligantur)
1105 1168 1150 1238 οὕ
1172 1172 1289 1257 paoni

167 1262 280 1341 ζουσι,
301 1260 414 1342 πολλῷ
434 1260 563 1339 μᾶλλον
580 1254 672 1323 νότοι
695 1259 857 1322 manifesto
879 1257 991 1343 σχέσιν
1007 1260 1099 1345 ponit
1116 1260 1289 1346 pru‘altectu

113 1340 334 1429 ἳδβσχέσεως,
362 1365 468 1409 amore
489 1354 521 1408 et
548 1344 781 1424 benevolentia3
816 1366 871 1430 pro
899 1346 1064 1408 arctissima
1091 1344 1289 1425 conjunctione

124 1482 127 1491 .
147 1430 155 1453 “·
166 1432 352 1505 etallinitato
364 1432 443 1493 solet
455 1450 491 1492 ea
507 1451 571 1492 vox
584 1434 656 1492 usur
678 1429 729 1507 ari,
750 1440 785 1490 ut
798 1428 837 1492 de
850 1430 979 1494 vinculis
992 1429 1088 1493 animi
1103 1450 1139 1492 ao
1153 1430 1287 1516 'cor-poris.

147 1512 409 1601 ‘olympiodorus
430 1514 464 1577 in
488 1510 622 1578 Platonis
644 1450 859 1579 tfhaedonem:
897 1512 916 1579 ὁ
946 1509 1097 1590 θάνατος
1124 1516 1195 1578 τῶν
1218 1510 1289 1595 πρὸς

165 1594 290 1685 ἄλληλα
304 1595 445 1685 σχέσεων
455 1592 607 1682 σώματός
620 1618 655 1664 rs
670 1597 727 1664 uui
740 1600 850 1684 ψυχῆς
863 1595 930 1664 έσιι
951 1596 1185 1676 ostensuram
1204 1602 1245 1665 sic
1256 1600 1289 1663 sit

166 1684 405 1768 chrysostomus
434 1684 467 1748 in
496 1705 566 1748 eam
594 1682 634 1748 ad
653 1684 813 1748 Hebraeos
837 1684 974 1749 Humilia
990 1684 1091 1750 XVI:
1120 1685 1183 1749 dici
1201 1684 1289 1749 Dum

163 1772 302 1855 habitare
319 1772 352 1834 in
375 1772 485 1851 coelis,
513 1792 578 1834 non
599 1771 685 1859 quasi
705 1773 775 1832 loco
799 1770 900 1857 aliquo
920 1771 1126 1835 includeretur
1145 1780 1198 1835 aul
1218 1770 1290 1859 quui

39 1875 42 1881 ·
153 1866 259 1923 'tenus
274 1879 330 1921 sua
343 1854 514 1946 praesentia
529 1855 729 1920 destituisset:
751 1848 834 1920 ἀλλὰ
846 1856 921 1941 cpio
939 1852 1005 1921 έσει
1016 1855 1073 1922 καὶ
1084 1858 1127 1942 τῇ
1142 1852 1292 1937 οἰνέιιέσιι

50 1950 58 1965 “
164 1939 254 2025 πρὸς
274 1937 354 2018 coris
379 1937 555 2026 ἄγγέλννςι
584 1943 638 2003 ubi
659 1934 769 2042 σχέσιν
794 1952 826 2004 et
847 1878 1014 2006 οἰκιέωοιν
1035 1944 1135 2022 junxit
1162 1938 1291 2029 penei:
1318 1994 1321 2001 .

140 2098 143 2103 ⁴
164 2023 398 2112 nupattrjtovz
419 2048 493 2090 nam
508 2024 1069 2114 extraneismterpretaturflesych‘us
1084 2026 1291 2103 olxttuttttdc·

80 2158 84 2172 .
164 2112 208 2179 ita
229 2111 472 2200 olympiodorus
493 2113 526 2175 in
541 2111 743 2177 Phaedonem
759 2112 811 2181 ¹ait
835 2107 897 2188 τὰς
919 2108 1177 2217 ιγιλοσωμάτονς
1200 2112 1293 2196 uelde

164 2196 214 2269 έιι
228 2200 383 2347 σιχιιιιιοές
398 2200 573 2282 συνῆφθαι
594 2198 641 2281 τῷ
658 2190 786 2280 σώματι
801 2195 883 2262 κατὰ
896 2219 958 2283 την
981 2194 1160 2283 ἡμέσχιιον
1181 2196 1293 2282 σχέσινι

58 2296 63 2307 ’
187 2306 226 2349 ua
261 2306 322 2349 ere
336 2282 409 2349 ride
427 2282 467 2347 ad
481 2283 544 2347 Sat.
558 2282 608 2367 V3
628 2304 693 2345 non
705 2282 802 2345 multo
816 2284 901 2347 aliter
912 2286 991 2347 hanc
1004 2306 1117 2348 vocem
1130 2294 1295 2371 acceperunt

167 2372 176 2389 '
201 2373 208 2387 ’
224 2368 347 2449 Graeci,
373 2370 425 2455 qui
438 2380 543 2432 exorta
552 2368 591 2443 ¹in
605 2366 741 2433 Ecclesia
753 2366 815 2451 Dei
835 2371 919 2450 gravi
932 2392 1025 2456 super
1041 2371 1214 2451 imaginum
1227 2370 1296 2432 cultu

168 2455 374 2523 controversia
391 2454 636 2541 pronuntiarunt,
659 2447 712 2519 ὅτι
734 2457 889 2536 execraris
903 2455 954 2520 dei
970 2450 1072 2531 αὐτὰς
1090 2458 1296 2535 προσκννιῖνι

98 2566 106 2583 ·
166 2539 251 2627 quod
267 2562 362 2621 genus
387 2534 697 2625 loquendi-prioribus
714 2538 853 2604 Patribus
866 2541 1057 2623 incognitum
1071 2543 1196 2629 penitus
1220 2553 1297 2627 atqua

166 2624 338 2693 inauditum
360 2622 459 2710 (quod
467 2618 598 2708 'quidem
609 2644 650 2705 ex
667 2624 790 2686 illorum
806 2624 924 2713 scriptis
938 2638 1057 2691 constat
1070 2629 1195 2706 nobis),
1216 2628 1243 2690 si
1256 2626 1298 2691 ri-

165 2723 230 2777 tam
242 2709 329 2775 Deus
368 2708 531 2788 roduxerit‚
552 2710 626 2772 alibi
641 2708 769 2772 adfatim
782 2716 982 2799 exponemus.¹
1016 2710 1161 2777 Observa
1174 2712 1299 2775 divinam

164 2802 295 2876 vocem,
319 2732 419 2861 fferre
438 2792 557 2877 jussit,
582 2794 728 2858 nonDii:
749 2790 1014 2885 namit'a'pd'ssim
1026 2796 1297 2879 Seneca-gutum

89 2912 92 2917 ·
165 2882 336 2951 Antoninus
357 2893 388 2946 et
406 2880 548 2945 Arrianus
569 2891 659 2968 atque
679 2881 731 2943 alii
753 2902 771 2943 e
790 2880 913 2971 Portica
937 2880 1092 2947 doctores:
1114 2880 1240 2968 quietari
1257 2886 1299 2947 lo-

166 2970 336 3057 quebantur
357 2988 428 3029 cum
448 2968 543 3049 vulgo
565 2977 596 3029 et
616 2987 709 3051 saepe
736 2965 811 3031 deos
835 2966 1024 3055 deorumque
1051 2973 1181 3031 nomina
1201 2971 1234 3031 in
1252 2988 1299 3031 ore

166 3056 331 3127 habebant,
351 3054 383 3117 in
399 3051 587 3138 explicandis
599 3063 702 3114 tamen
717 3072 791 3114 suae
809 3050 933 3116 scholae
949 3052 1077 3118 decretis
1092 3053 1201 3117 Deum
1211 3074 1300 3117 unum

78 3144 81 3151 '
167 3140 340 3229 prodebant
360 3159 500 3202 caussam
521 3138 705 3219 efficientem
725 3139 815 3218 hujus
844 3140 993 3220 universi,
1021 3141 1099 3202 sicut
1126 3152 1237 3203 notum
1260 3150 1302 3203 est

168 3226 246 3291 eM.
263 3223 375 3303 Tullio,
398 3223 532 3303 Seneca,
554 3222 675 3285 Lah'rtio
692 3223 725 3285 in
741 3222 869 3286 Zenone
893 3236 983 3311 atque
998 3226 1074 3288 aliis.
1097 3225 1241 3311 [quorum
1259 3228 1302 3287 lo-

170 3332 224 3391 cos
244 3308 580 3393 singulatimproducit
596 3308 695 3371 Plum.
719 3306 759 3369 ad
778 3310 811 3372 h.
832 3312 977 3390 versum]
1019 3311 1104 3391 Lege
1118 3312 1302 3375 Lactantidm

167 3396 223 3461 lib.
238 3394 265 3459 Ι.
279 3417 344 3481 cap.
364 3393 411 3474 V3
434 3392 530 3455 iidem
543 3395 635 3456 etiam
649 3388 763 3475 Λόγον
779 3396 946 3473 vocabant,
968 3394 1008 3457 de
1025 3417 1085 3481 quo
1103 3397 1304 3479 Athenagoras

169 3481 204 3545 in
218 3480 367 3569 Apologia
391 3477 451 3557 [ed.
466 3476 677 3560 Rechenberg.
701 3502 732 3564 p.
750 3482 793 3545 80
808 3500 854 3567 sq.
873 3502 900 3543 c.
914 3478 1011 3560 ejusd
1026 3481 1124 3561 nota].

83 3562 178 3636 (¹²9)
262 3570 313 3631 72.
338 3562 387 3629 Et
399 3562 553 3626 humana
573 3584 642 3649 qua
655 3571 757 3651 parte
773 3561 912 3629 locante
935 3564 1027 3629 eain
1048 3569 1110 3646 νο]
1141 3564 1306 3631 liemaro

119 3639 231 3714 290τοι
250 3662 297 3714 est
316 3650 451 3714 universi
469 3650 598 3712 humani
619 3651 737 3729 generis
752 3648 898 3717 societas}
910 3650 1020 3739 'adhuc
1039 3652 1133 3732 igitur
1149 3655 1227 3733 περὶ
1247 3647 1307 3737 σχέ-

173 3750 258 3801 σεων
273 3738 421 3821 loquitur:
443 3756 518 3798 nam
534 3737 648 3813 homo,
672 3746 819 3820 quatenus
839 3738 937 3801 homo
959 3748 1022 3816 est,
1044 3739 1138 3801 habet
1158 3739 1269 3822 σχέσιν
1282 3749 1308 3800 et

172 3824 341 3887 naturalem
367 3820 612 3901 conjunctionem
628 3840 699 3882 cum
716 3822 860 3886 omnibus
873 3823 1069 3901 hominihus3
1091 3826 1148 3888 sed
1166 3826 1244 3889 illud
1261 3846 1308 3905 gc-

173 3908 276 3971 nerale
291 3908 428 3968 ollicium
443 3907 613 3988 astringitur
623 3917 731 3992 postea
743 3908 829 3987 aliis,
850 3920 885 3971 ut
901 3906 1003 3970 dicam
1024 3930 1094 3971 cum
1109 3910 1239 3990 Stoicis,
1262 3931 1308 3973 or-

124 4022 128 4039 ’
173 3993 263 4058 bibus
278 3993 461 4070 minorihus,
483 3993 534 4077 qui
554 4013 592 4055 eo
615 3992 786 4079 expressius
807 3994 1032 4074 intelliguntur,
1054 4016 1117 4080 quo
1135 4009 1243 4083 patent
1260 4016 1307 4059 su·

64 4112 68 4119 ·
174 4079 310 4161 gustius3
338 4076 411 4139 inde
437 4088 498 4157 est,
531 4077 615 4164 quod
635 4079 766 4162 privatas
788 4079 946 4142 charitates
968 4082 1069 4165 plures
1099 4094 1206 4144 curant
1224 4102 1307 4169 quatu

198 4165 330 4227 ublicarn
349 4162 477 4226 civitatis
497 4174 550 4225 aut
571 4163 847 4245 regui'utilitatem:
873 4186 946 4227 nam
966 4164 1006 4228 ad
1024 4166 1205 4230 universum
1223 4188 1306 4231 mam-

173 4184 251 4313 hum
266 4247 463 4328 cogitationes
478 4268 549 4311 suas
569 4252 681 4313 referre
717 4270 789 4310 uam
802 4250 892 4334 pauci
913 4262 999 4331 sunt,
1019 4253 1131 4337 quihus
1148 4256 1305 4319 relsolum

174 4336 206 4398 in
220 4346 357 4397 mentem
372 4354 507 4419 unquam
520 4336 660 4399 venerit?
696 4270 800 4397 hmini
812 4356 888 4399 vero
908 4336 1080 4417 corrigendi
1102 4339 1211 4402 erroris
1223 4340 1304 4417 hujus

175 4422 286 4503 gratia,
312 4418 395 4483 unde
415 4420 511 4482 multa
537 4420 569 4482 in
589 4420 684 4486 vitam
709 4432 832 4506 peccata
849 4434 1026 4505 manarent,
1051 4424 1227 4489 soliti'suos
1246 4442 1302 4487 uon
