2700 4972
372 318 435 385 sn
460 312 637 401 rursu*
653 292 873 391 sarram
892 319 920 388 1.
1173 323 1249 410 ra,
1290 288 1293 293 ’

84 495 142 572 ejus
162 490 236 557 libii
252 478 375 574 Odam}
394 493 428 555 in
442 492 529 555 tertia
543 493 635 556 etiam
645 490 902 565 Nemeonicarum
923 491 1017 574 [41⁸.
1036 496 1089 574 72]
1111 501 1233 581 drop..

83 570 158 653 κοῦς
173 571 304 660 ἄνδρας
324 590 354 655 et
367 579 411 640 im
434 581 561 642 erfectos
582 600 639 641 nec
657 601 817 660 germanos
833 579 960 665 politas,
980 579 1033 665 qui
1051 594 1114 644 arte
1130 583 1216 647 .flde.
1278 592 1282 603 ⁴

81 674 158 743 rent,
182 664 369 749 pronuntiat.
411 601 507 726 llecte
521 667 671 753 observat
691 663 867 728 Plutarchus
889 677 919 727 et
936 667 1060 750 scriptis
1072 679 1112 745 et¹
1128 671 1216 734 factis

80 751 247 813 hominum
262 752 324 813 hoc
342 751 458 829 inesse,
480 761 653 812 ut·careant
675 751 783 831 gratia,
807 773 877 813 cum
897 764 1042 836 apparent
1062 765 1164 815 coacta
1186 767 1217 818 et

79 838 185 899 labore
202 839 303 898 multo
317 856 479 921 expressa:
502 857 595 919 quem
608 857 715 920 parum
730 837 852 900 felicem
865 838 989 918 genium
1005 839 1094 901 facile
1117 841 1217 902 anim-

79 919 200 985 adverti
220 916 358 1007 potuisse
381 921 484 984 scribit
505 923 537 982 in
558 922 730 983 Antimachi
752 921 855 1007 poiisi,
885 921 1029 1004 Dionysii
1058 927 1168 988 tabulis
1186 937 1218 988 et

77 1005 251 1093 Pelopidae
268 1007 343 1086 [imo
358 1005 591 1091 Epaminondae
604 1020 633 1068 et
646 1008 785 1087 Agesilai]
810 1010 910 1070 lactis:
932 1009 1010 1070 haec
1024 1010 1107 1071 enim
1122 1007 1218 1092 ἰσχύν

78 1089 200 1175 ἔχοντα
212 1089 269 1156 καὶ
281 1089 381 1157 τόνον
393 1089 673 1174 ἐκβεβιασμένοις,
693 1094 807 1177 inquit,
829 1091 885 1158 καὶ
906 1088 1107 1172 καταπόνοις
1120 1093 1217 1162 ἔοικε.

78 1178 212 1241 Plutia
227 1177 343 1240 Timol.
364 1178 495 1263 [puta.
512 1178 558 1251 Gt
617 1241 620 1245 .
1221 1196 1224 1201 ’

165 1258 254 1329 Noa
277 1261 398 1349 siqua
422 1260 578 1351 elegidia
600 1261 699 1326 crudi
718 1261 911 1328 Dictorum
922 1286 1087 1351 proceres
1095 1263 1126 1350 7]
1162 1264 1236 1328 llla'
1305 1280 1312 1291 ‘

78 1349 221 1413 maxime
240 1350 330 1412 solita
349 1347 465 1411 laudari
486 1350 648 1430 significat,
677 1373 754 1434 quae
776 1373 794 1413 a
820 1350 964 1415 divitibus
985 1374 1020 1415 ac
1044 1353 1270 1438 potentibus‘97

78 1435 300 1499 scriberentur:
329 1437 400 1497 licet
421 1446 522 1498 essent
540 1436 600 1520 ipsi
618 1435 743 1520 quidem
767 1432 868 1499 crudi
878 1484 887 1510 ,
914 1439 976 1499 hoc
1000 1448 1046 1501 est
1066 1439 1165 1501 ventri
1178 1449 1221 1507 ¹et

78 1522 169 1583 luxui
187 1509 288 1601 magis
312 1542 405 1606 quam
422 1519 582 1583 Musarum
603 1520 709 1585 studiis
731 1520 825 1585 dediti
856 1524 897 1601 [v.
917 1521 1002 1587 Pass.
1018 1545 1050 1608 p.
1072 1528 1135 1590 278
1157 1546 1172 1586 s
1194 1547 1220 1605 .;
1339 1568 1345 1575 -

80 1604 138 1670 sed
151 1609 242 1670 'refer
258 1605 298 1670 ad
320 1628 441 1668 morem
459 1607 537 1668 iuter
552 1629 680 1683 coenam
694 1609 826 1672 carmina
852 1607 1002 1672 dictandi:
1033 1610 1139 1671 Horat.
1162 1540 1219 1694 bip.

80 1691 266 1772 11‚1,109=
290 1689 461 1790 puerique
468 1699 664 1838 patresque
685 1691 798 1756 severi
812 1690 951 1756 Fronde
977 1714 1094 1756 comas
1107 1691 1222 1759 uincti

83 1785 234 1845 coenant
245 1785 279 1839 et
296 1798 455 1839 carmina
487 1775 619 1856 ietaat3
643 1790 672 1840 et
686 1780 723 1842 al.
737 1801 785 1865 ap.
802 1778 886 1859 Pass.
900 1779 1010 1859 etPl.],
1033 1791 1063 1842 et
1078 1781 1220 1858 carmina,

83 1874 173 1949 quae'
186 1866 430 1948 componebant,
459 1860 632 1951 elegidia,
658 1865 720 1926 hoc
741 1876 787 1927 est
809 1886 874 1926 non
895 1886 1007 1945 magna
1024 1865 1171 1951 polimata
1191 1876 1222 1928 et

84 1971 179 2037 opera
201 1949 352 2029 legitima,
377 1948 439 2013 'sed
464 1951 582 2012 minuta
606 1949 757 2034 quaedam
779 1951 939 2034 opuscula,
968 1961 1002 2012 ut
1022 1952 1137 2031 elegiae
1157 1973 1223 2013 non

83 2030 280 2117 τιολύοτιχοι
293 2047 324 2097 et
337 2032 447 2098 similia
462 2036 613 2098 momenti
627 2058 691 2098 non
704 2038 809 2116 magni
821 2037 961 2098 carmina.
1003 2034 1109 2100 Rudes
1122 2035 1222 2099 adhuc
1291 2071 1331 2103 .-

85 2133 115 2185 et
127 2118 377 2203 πτὲρογίζοντες
396 2121 548 2183 candidati
567 2120 702 2206 politices
722 2124 822 2184 solent
843 2123 976 2201 elegiaco
999 2123 1131 2185 carmine
1148 2122 1222 2184 scri-

77 2205 191 2283 bendo
210 2206 292 2271 vires
311 2208 426 2288 ingenii
445 2208 619 2293 periclitari:
650 2207 763 2269 idcirco
785 2205 900 2293 elegia
920 2208 1109 2292 appellarunt
1131 2208 1224 2269 etiam

85 2286 145 2356 alia
166 2290 262 2379 parva
282 2305 371 2378 atque
394 2287 507 2375 εὐτελῆ
521 2293 661 2355 carmina.
710 2291 773 2354 Dio
794 2292 1030 2374 Chrysostomus
1053 2293 1085 2354 in
1106 2291 1156 2355 lv
1180 2288 1222 2354 de

87 2399 196 2467 reguo
217 2378 262 2465 [p.
280 2380 389 2458 81,‘33
403 2378 482 2464 sqq.]
503 2382 633 2527 appellat
650 2373 792 2458 ἐλεγεῖον
810 2377 952 2445 heroicos
974 2400 1091 2458 versus,
1115 2379 1224 2464 quibus

85 2465 250 2552 mscriptus
265 2475 328 2527 erat
338 2466 516 2550 nequissimi
554 2463 729 2550 ardanapali
744 2466 892 2527 tumulus:
914 2459 952 2528 τὸ
973 2467 1035 2529 τοῦ
1049 2463 1236 2546 laederer,

87 2544 200 2616 ιιιὶλοα
219 2545 423 2632 προφέρεται
439 2543 595 2625 πολλάκις
620 2547 778 2632 ἐλεγεῖον·
1054 2616 1058 2625 ,

177 2628 282 2700 Τόοσ’
299 2631 360 2719 ἔχοι
379 2629 454 2701 ὅσο’
471 2633 597 2719 ἔφαγον
610 2632 666 2700 καὶ
682 2631 847 2717 ἐφύβρισα
862 2631 919 2699 καὶ
939 2628 1009 2717 μετ’
1027 2629 1162 2714 ἐρώτων

146 2749 151 2753 ·
176 2714 467 2803 Tioau’l'aattou·
489 2717 530 2785 rol
551 2719 586 2787 di
606 2718 707 2786 λοιποὶ
723 2721 779 2786 καὶ
794 2715 891 2804 ὄλβια
909 2716 1017 2785 πάντα
1033 2717 1205 2785 λέλειπται.
1287 2722 1291 2731 “
1324 2754 1328 2763 =

88 2806 236 2872 Similiter
256 2808 357 2870 Latini
382 2804 538 2894 elegidia
557 2820 587 2872 et
608 2805 821 2895 elegidiario
843 2807 998 2887 dixerunt,
1017 2806 1092 2870 istos
1115 2819 1238 2886 tamen‚·

89 2893 262 3044 deffiquibus
280 2894 413 2980 loquitur
431 2895 569 2974 Persius,
596 2916 684 2967 veras
713 2895 825 2976 elegias
843 2894 1026 2979 scriptitasse
1048 2893 1100 2954 ille
1120 2914 1228 2957 versus

88 2981 121 3043 in
143 2981 218 3043 'catt
928 3026 944 3043 ,ι

158 3059 384 3151 Phyllidas,
406 3059 640 3151 Hypsipylae,
665 3072 782 3128 vatum
801 3072 836 3127 et
846 3059 1022 3150 plorabile
1038 3060 1070 3124 si
1085 3059 1179 3147 quid.

95 3144 141 3217 Τό
159 3148 265 3217 crudi
278 3151 370 3213 etiam
384 3150 423 3213 ad
438 3150 538 3214 studia
552 3162 653 3237 potest
664 3151 783 3230 referri,
806 3152 861 3214 vix
876 3153 955 3212 bene
975 3146 1075 3211 adhuc
1088 3150 1231 3211 inchoata
1257 3159 1259 3163 ‘

89 3239 164 3320 istis,
186 3235 311 3301 nedum
319 3239 464 3322 perfecta:
488 3238 531 3300 sic
548 3237 656 3322 accipit
667 3237 825 3300 Petronius
839 3236 956 3298 Arbiter
979 3233 1021 3315 [in
1035 3235 1137 3299 verbis
1152 3257 1178 3297 c.
1191 3234 1227 3298 4:

87 3320 205 3389 cruda
223 3319 339 3385 adbuc
360 3319 477 3384 studia
498 3319 533 3384 ia
547 3318 667 3405 forum
683 3319 731 3385 im
758 3319 892 3400 alluat]

176 3408 231 3475 52.
258 3403 345 3478 Noa
363 3405 533 3494 quidquid
552 3404 697 3493 denique
722 3344 821 3479 lictis
838 3402 1011 3470 Scribitur
1030 3401 1066 3468 in
1089 3401 1232 3485 citreis]
1301 3417 1302 3420 ’

91 3494 238 3560 Βίτὶῐιιοι
256 3515 364 3557 omnes
379 3517 493 3574 nugas,
519 3497 743 3580 qualescunque
759 3492 886 3557 tandem
906 3503 1022 3570 essent,
1044 3490 1159 3553 laudari
1180 3511 1234 3553 so·
1308 3532 1315 3545 ι

90 3583 158 3645 litas
183 3578 359 3662 indignatur
376 3580 512 3644 Persius:
543 3579 626 3643 lecti
648 3577 750 3643 citrei
777 3582 992 3668 opulentorum
1013 3577 1140 3664 proprii:
1171 3576 1233 3660 qui,
1327 3618 1333 3651 ,

90 3679 124 3729 ut
133 3666 254 3731 Plinius
269 3665 367 3744 docet,
388 3688 485 3751 usque
501 3666 574 3728 inde
592 3689 611 3730 e
626 3667 723 3749 Libya
738 3666 1065 3747 materiamlignorum
1081 3664 1233 3749 petebant.
1291 3677 1301 3727 ἶ

92 3753 195 3832 [Plura
220 3773 272 3838 ap.
286 3751 344 3830 Pl]
387 3752 533 3832 Virgilius
552 3753 586 3814 in
606 3751 668 3816 Ciri
688 3750 793 3834 [440]:

126 3908 132 3913 ,
177 3832 260 3904 Nec
274 3833 384 3923 Libys
401 3835 562 3924 Assyrico
586 3837 685 3915 [eddz
708 3833 868 3924 Assyrio]
887 3841 1062 3897 sternetur
1081 3828 1287 3917 lectuluatttS)

201 3978 211 3996 Ι
963 3929 1067 3982 ostro.

91 4008 224 4073 Veteres
243 4019 349 4070 autem
367 4009 495 4072 lectulos
516 4008 661 4072 habuisse
684 4006 920 4086 lucubratorios,
951 4007 1006 4069 ubi
1026 4004 1181 4069 studerent
1201 4026 1236 4067 ac

93 4116 202 4160 versus
214 4097 365 4171 facerent,
388 4096 627 4158 observabamus
647 4093 687 4157 ad
702 4093 843 4157 Suetonii
864 4093 975 4156 librum
989 4090 1021 4154 Π
1043 4090 1095 4173 [ad
1111 4091 1237 4171 August.
1254 4099 1290 4154 98

95 4185 145 4244 78.
160 4203 192 4267 p·
208 4185 273 4246 272
286 4201 331 4265 sq.
342 4178 465 4260 >Boecl.]
479 4202 513 4242 ac
528 4181 632 4243 multis
648 4180 796 4266 exemplis
809 4180 1016 4266 probabamus
1031 4175 1123 4258 [adde
1136 4174 1240 4239 laudd.

96 4266 138 4329 Pl
156 4279 187 4330 et
204 4264 314 4329 Burm.
336 4265 375 4328 ad
389 4266 525 4352 Propert.
544 4264 601 4344 Ill,
616 4273 646 4344 3,
668 4264 736 4346 14]:
761 4264 887 4341 adeum
904 4286 1024 4326 morem
1043 4263 1139 4327 Persii
1159 4263 1241 4323 hunc
1262 4332 1265 4339 ,

98 4354 205 4419 locum¹
217 4352 262 4415 ibi
278 4354 507 4432 referebamus,
530 4352 614 4437 quod
637 4373 689 4425 cur
708 4351 888 4427 damnarent
900 4349 1040 4443 quidam,
1063 4348 1121 4413 alia
1136 4367 1243 4431 caussa

102 4459 161 4509 non
175 4449 242 4503 erat
265 4438 325 4502 nisi
337 4459 391 4516 ea,
412 4459 506 4523 quam
524 4440 598 4501 nolo
618 4436 736 4501 dicere:
749 4436 892 4501 etsiuon
911 4455 992 4515 nego
1013 4431 1167 4507 etiamad
1186 4433 1244 4511 pir,
1304 4502 1307 4513 ¹
