2700 4972
173 382 236 425 m
352 354 1068 457 ¹,arr-saona·rturrcuraroara

174 530 278 595 dicunt
296 540 327 592 et
349 550 420 591 cum
431 528 513 594 viliis
533 528 647 615 γυμνῇ
667 530 710 613 τῇ
730 531 877 617 κεφαλῇ,
905 528 990 617 quod
1009 531 1110 609 aiunt,
1140 520 1323 613 dodae,xm·'

174 635 293 715 qoriow
308 651 403 716 eaque
416 630 545 695 ridenda
557 633 700 695 omuibus
716 633 890 719 propinant.
922 629 1027 712 Ouisi
1041 654 1081 695 eo
1098 631 1203 695 animo
1216 633 1315 696 hodie

173 746 382 815 metarentur,
404 756 465 820 quo
480 735 635 820 scripsisse
647 736 730 820 ipsos
745 748 816 798 ante
829 733 1038 814 ostendimus,
1060 734 1250 807 uberrimos,
1270 736 1315 799 ita

173 863 225 903 me
239 838 340 918 Deus,
362 858 475 922 operae
488 859 562 900 suae
574 842 689 900 auctus
702 850 733 900 et
745 839 922 925 interpretes
943 858 1052 900 eorum
1068 849 1100 901 et
1114 841 1244 903 lectores
1263 858 1316 903 ηε

172 952 345 1032 portarent:
375 962 448 1002 nam
460 952 495 1003 nt
510 943 596 1004 solae
614 936 835 1006 θεόπνευσιοι
853 942 958 1004 literae
977 940 1074 1003 animi
1093 942 1221 1005 morbos
1238 962 1315 1027 pos-

173 1058 244 1111 sunt
259 1064 380 1123 curare,
401 1043 446 1105 sic
460 1041 614 1122 ejusmodi
628 1042 789 1127 poetarum
802 1043 925 1108 assidua
935 1045 1026 1107 lectio
1046 1045 1235 1107 ouatione-
1257 1042 1317 1107 ad-
1345 1090 1348 1095 -

171 1145 278 1221 iuvare
292 1157 337 1226 et,
359 1166 454 1231 quum
468 1166 576 1209 sanare
595 1157 761 1230 nequeant,
790 1160 919 1233 possunt
941 1160 1047 1212 tamen
1068 1148 1221 1212 sanabiles
1241 1144 1317 1211 red-

171 1254 254 1318 dere.
296 1250 347 1313 Fit
361 1249 445 1311 enirn
457 1250 563 1312 nescio
577 1246 736 1334 quomodo
749 1261 874 1335 propter
883 1253 1011 1315 humani
1027 1251 1143 1333 ingenii
1162 1271 1233 1312 cum
1254 1270 1318 1313 nu.

171 1355 265 1419 meris
282 1353 496 1433 cognationem
510 1353 693 1429 naturalem,
725 1362 758 1413 ut
776 1352 894 1419 virtutis
915 1366 1075 1441 praecepta
1097 1354 1232 1415 carmine
1245 1352 1317 1415 alli-

172 1472 241 1541 gata
260 1469 292 1520 et
307 1455 476 1517 memoriae
489 1453 605 1515 firmius
618 1455 765 1516 haereant
784 1466 817 1517 et
833 1456 867 1519 in
881 1458 944 1521 ima
963 1455 1140 1542 praecordia
1159 1456 1316 1519 efficacius

171 1560 368 1627 descendant.
411 1557 482 1619 Hoc
495 1554 587 1635 igitur
599 1558 704 1618 animo
716 1578 812 1642 quum
823 1570 894 1621 ante
906 1561 1020 1623 multos
1034 1542 1241 1621 annos'Persii
1255 1554 1317 1619 Sa-

169 1668 242 1729 tiras
255 1660 441 1749 interpretati
455 1678 609 1737 essemus,
632 1672 666 1721 ut
679 1661 739 1747 ipsi
753 1663 959 1749 nos·primum
974 1662 1014 1725 ad
1030 1681 1169 1725 amorem
1184 1659 1317 1737 virtutis,

170 1770 279 1834 odium
300 1768 447 1833 vitiorum
467 1762 689 1848 capessendum
707 1766 947 1844 stimularemus,
978 1762 1090 1827 deinde
1104 1775 1139 1825 ut
1155 1760 1317 1827 studiosae

168 1872 321 1955 juventuti
345 1868 539 1932 adsimilem
561 1879 706 1928 conatum
732 1867 826 1932 duces
845 1890 904 1932 nos
927 1871 1158 1954 praeberemus,
1190 1864 1315 1953 dequo

167 1976 284 2063 priores
297 1974 475 2057 interpretes
489 1992 597 2054 parum
608 1968 790 2034 videbantur
804 1974 971 2053 cogitasse:
994 1974 1061 2034 ausi
1073 1992 1197 2050 sumus,
1218 1969 1317 2035 Prae-

169 2101 220 2143 ses
234 2076 437 2160 amplissime,
472 2072 511 2135 de
529 2073 652 2135 illustris
670 2074 716 2135 tui
729 2076 864 2157 nominis
885 2071 1049 2160 splendore
1065 2076 1238 2137 stricturam
1255 2074 1316 2137 ali-

170 2178 398 2271 quamltuniuis
409 2189 533 2241 nostrae
545 2176 617 2237 huic
632 2176 788 2261 scriptioni
801 2178 846 2241 ire
864 2188 1046 2240 mutuatum.
1088 2175 1184 2258 Quod
1203 2188 1238 2239 ut
1258 2198 1316 2241 ae-

169 2287 224 2374 qui
241 2283 318 2349 boni
333 2282 475 2345 consulas
490 2292 644 2364 tenueque
664 2280 725 2340 hoc
740 2282 955 2342 munusculum
973 2282 1106 2362 benigne
1119 2293 1154 2343 ut
1170 2280 1313 2366 accipias,

168 2390 329 2478 perillam
351 2386 452 2471 ipsam
468 2394 593 2445 naturae
613 2392 684 2444 tuae
701 2378 871 2446 bonitatem
889 2394 921 2446 te
943 2387 1095 2464 obtestor,
1126 2405 1205 2469 quae
1225 2386 1314 2447 nullo

170 2515 244 2556 meo
261 2490 372 2553 merito
391 2498 477 2549 tuam
493 2486 572 2548 mibi
591 2496 707 2549 tantam
725 2488 974 2551 benevolentiam
994 2488 1181 2565 conciliavit,
1213 2508 1314 2573 qnan-

171 2608 237 2659 tam
246 2594 299 2658 vel
311 2602 417 2678 optare
430 2590 496 2652 sine
512 2586 622 2650 audaci
633 2588 801 2653 temeritate
817 2612 881 2654 non
895 2604 1044 2678 poteram.
1085 2588 1194 2673 Quum
1208 2602 1314 2655 autem

170 2699 351 2764 meritonam
363 2695 395 2756 in
411 2713 463 2754 me
481 2702 606 2754 tuorum
619 2692 647 2756 is
667 2694 706 2756 sit
720 2697 883 2776 cumulus,¹
903 2709 938 2759 ut
954 2695 1033 2759 fides
1045 2716 1118 2759 mea
1130 2694 1198 2758 sine
1213 2698 1313 2758 bene-

170 2804 242 2865 ficio
255 2802 426 2863 tabularum
444 2816 597 2860 novarum
614 2796 736 2859 liberari
752 2808 901 2882 nequeat,
931 2797 1088 2882 aequitatis
1103 2808 1173 2858 tuae
1190 2797 1314 2877 magni-

169 2904 345 2989 tudinisque
360 2899 457 2963 animi
474 2900 581 2977 ttrerit,
609 2920 675 2961 non
695 2898 769 2985 quid
789 2898 927 2962 adferam
948 2899 1018 2978 tibi,
1047 2900 1103 2962 sed
1125 2921 1188 2985 quo
1206 2901 1312 2963 animo

152 3005 338 3071 attendere.
379 3002 498 3089 Neque·
509 3002 593 3064 enim
610 3000 644 3064 id
664 3022 738 3083 ago,
766 3013 801 3064 ut
817 3024 900 3065 nexu
914 3023 967 3065 me
982 3004 1127 3067 exolvam
1140 3014 1313 3089 operatam

168 3111 247 3190 levi,
267 3107 326 3173 sed
337 3118 372 3170 ut
383 3107 517 3187 ingenua
529 3107 631 3169 bonae
645 3106 752 3191 copiae
765 3106 949 3186 ejuratione,
982 3117 1129 3191 quantum
1144 3107 1201 3169 tibi
1222 3128 1241 3169 a
1259 3128 1312 3169 me

170 3214 330 3292 debeatur,
352 3214 457 3299 palam
471 3211 615 3273 omnibus
629 3210 749 3272 faciam.
793 3209 834 3272 Ut
852 3211 914 3275 boc
932 3231 995 3271 non
1019 3222 1112 3288 esset,
1138 3212 1313 3273 merebatur

168 3329 273 3381 tamen
294 3328 347 3378 tua
367 3314 480 3392 nubre,
512 3334 553 3376 ne
569 3315 665 3376 alium
679 3326 845 3399 praetenta
861 3325 1025 3399 patronum
1041 3314 1100 3375 sibi
1113 3313 1236 3377 Persius
1255 3311 1312 3374 ad-

166 3421 324 3499 scisceret:
354 3418 402 3478 cui
419 3416 504 3478 enim
524 3417 626 3501 potius
648 3418 798 3501 supplicet
818 3428 884 3478 tam
910 3438 1035 3480 severus
1058 3438 1180 3478 morum
1202 3436 1313 3478 censor

168 3544 263 3608 quam
277 3521 336 3599 illi,
360 3524 445 3599 cujus
459 3520 524 3583 vba
539 3540 665 3582 censura
680 3520 748 3584 est?
775 3520 827 3605 qui
840 3520 993 3582 censorias
1005 3519 1072 3581 illas
1085 3520 1225 3598 virtutes,
1248 3512 1311 3603 τὴν

170 3618 369 3707 σεμνότητα,
397 3617 436 3687 cd
458 3617 563 3705 βάρος
584 3616 699 3686 καὶτὸ
731 3616 956 3705 ἀπαραίτητον
976 3618 1012 3686 ἐν
1031 3623 1078 3705 τῷ
1099 3620 1232 3705 δικαίῳ,
1260 3621 1311 3682 in-

170 3726 399 3805 declinabilem,
420 3726 561 3812 iuquam,
582 3727 745 3806 justitiam,
765 3727 848 3791 vitae
863 3728 1067 3804 sanctitatem,
1087 3725 1267 3805 gravitatem
1279 3734 1310 3785 et

169 3832 388 3908 constantiam,
425 3850 500 3914 quas
521 3841 679 3915 tantopere
697 3831 730 3893 in
757 3852 813 3893 suo
837 3828 953 3893 Catone
976 3828 1112 3890 Romani
1136 3829 1309 3911 stupebant,

167 3936 262 4013 longo
285 3932 364 3996 adeo
383 3945 559 4020 temporum
578 3935 738 3998 intervallo
764 3944 896 4017 praestas
917 3930 1087 4010 redivivas3
1124 3949 1225 4012 neque
1247 3931 1309 3989 hoc

168 4033 257 4115 dieo,
279 4047 313 4097 ut
326 4034 479 4099 Catonem
489 4038 545 4098 tibi
560 4057 753 4121 comparem,
776 4034 892 4097 nedum
906 4047 941 4096 ut
954 4047 986 4097 te
1002 4032 1130 4109 Catoni,
1150 4031 1310 4115 quisciem

168 4148 253 4201 tauto
264 4141 416 4218 majorem
435 4152 467 4203 te
489 4136 635 4203 omnibus
646 4139 832 4216 Catonibus,
861 4149 974 4224 quanto
989 4158 1062 4201 vera
1078 4136 1112 4197 irr
1125 4132 1231 4196 Deum
1241 4133 1309 4218 pie-

167 4252 215 4305 tas
235 4244 361 4306 caeteris
384 4244 525 4328 quamvis
548 4243 692 4305 maximis
712 4253 844 4328 praestat
858 4242 1027 4306 nautibus.
1076 4237 1183 4323 ltaque
1203 4237 1308 4316 imago

166 4346 341 4425 venstatis,
369 4348 512 4409 columen
531 4345 715 4432 sapientiae,
748 4348 925 4431 exemplum
939 4343 1108 4409 severitatis
1124 4341 1168 4403 sic
1184 4339 1310 4402 haberis

167 4450 208 4513 ab
222 4449 371 4514 universis
384 4448 531 4515 Franciae
545 4450 685 4536 populis,
709 4446 767 4513 sed
780 4471 844 4512 uon
858 4449 949 4529 eolis,
979 4460 1014 4511 ut
1032 4470 1096 4513 non
1112 4453 1232 4505 tantum
1251 4439 1310 4503 ad-

534 4652 594 4664 ..n—l
