2700 4972
83 341 169 406 ,alo
463 332 874 404 commentantes

103 512 163 589 bo,
183 505 300 574 Pttntue
321 516 354 573 et
366 508 534 595 geographi
554 508 625 574 alii:
645 507 720 586 ned,
741 507 813 596 quia
826 506 861 572 id
871 480 1017 595 'primum
1030 472 1244 595 Emmaeop

103 593 227 683 pidum,
248 592 371 658 Persius
386 593 464 657 illud
481 595 595 659 linibus
607 593 748 676 Liguriae
768 615 851 657 nune
873 595 1008 658 ascribit.
1051 590 1172 681 Ligur
1187 615 1243 657 ora

37 682 167 830 tlttltpro
181 680 347 781 Ligustica·
358 680 408 758 [ct
421 679 498 762 Pl.]‚
520 692 554 743 ut
572 700 650 745 mox
664 678 945 801 juvenerjocor,
961 678 998 742 id
1018 691 1068 743 eet
1090 681 1242 761 juvenile«,

129 787 148 829 e
189 788 230 828 uo
246 786 282 829 eu
348 787 394 829 us.

112 910 115 914 .
168 786 223 917 qt.
244 787 487 937 Ηῗὺῗνηαιᾳιιο
499 860 618 915 meum
634 850 756 931 mare]
779 848 867 913 Mare
880 848 1090 931 Ligusticum,-
1111 851 1144 913 in
1166 854 1241 930 cujus

106 956 161 1001 ora
173 958 254 999 nunc
273 958 354 1016 oum,
376 938 513 1018 agitatur,
536 938 663 1000 ut-eole't
674 936 742 999 fieri
756 947 938 1022 tempestate
950 937 1102 1000 hiberna:
1122 948 1240 999 tractum

105 1024 199 1085 hoca
212 1023 331 1107 ratione
342 1022 492 1108 phynica'r
513 1044 587 1086 nam
599 1032 688 1108 tepor
699 1022 802 1101 marie,
824 1042 886 1107 quo
900 1042 936 1084 ee
948 1021 1074 1086 dicebat
1084 1024 1148 1085 frui
1159 1044 1240 1108 supc-

56 1104 108 1164 479
114 1108 196 1173 riore
213 1128 322 1187 rcreu,
342 1116 418 1183 tune
435 1110 537 1195 praeci
559 1129 632 1187 uua,
660 1130 732 1171 cum
749 1107 846 1170 mania
869 1108 1027 1189 agitantur.
1083 1106 1190 1171 Cicero
1206 1107 1240 1170 (le

105 1205 214 1257 natura
228 1192 358 1257 deorum
379 1194 458 1259 libro
478 1192 511 1256 Π
547 1199 595 1272 10,
617 1191 644 1275 §.
658 1194 729 1275 2612
752 1189 872 1257 Maria
893 1192 1037 1279 agitata
1060 1192 1174 1258 ventis
1195 1192 1239 1255 ita
1279 1218 1284 1263 2

106 1287 293 1365 tepescunt,
314 1274 524 1366 utirrteltigi
537 1273 649 1363 facite
667 1278 781 1366 poerit
803 1277 840 1340 in
859 1278 968 1342 tantia
985 1276 1064 1342 illia
1088 1277 1239 1343 tumori-

105 1361 169 1428 Irae
185 1361 358 1429 acturum
376 1374 450 1428 ecre
468 1362 642 1429 calorem:
662 1385 726 1428 nec
748 1362 843 1427 enim
859 1362 920 1427 ille
941 1372 1109 1428 externae
1131 1373 1166 1429 et
1180 1362 1239 1427 ad-

103 1446 272 1515 ventitiae
284 1446 463 1517 habendae
482 1458 535 1514 ert
555 1459 669 1537 tepor,
692 1447 757 1513 aed
773 1470 818 1513 en
838 1447 971 1514 intimis
998 1449 1113 1513 marie
1129 1448 1238 1537 parti·

105 1534 167 1601 lna
186 1533 381 1623 agitatione
401 1533 589 1613 excitatns,
618 1534 712 1621 qaod
731 1533 858 1600 nortria
887 1556 1022 1624 qaoque
1046 1532 1239 1623 corporeitate

105 1618 295 1709 contingit,
330 1642 422 1689 oum,
440 1632 535 1685 mota
565 1627 670 1709 atque
699 1620 895 1709 agitatione
925 1622 1107 1687 calercant
1142 1620 1238 1701 [eltz
1274 1654 1278 1661 ·

104 1706 244 1789 recal.]=
270 1709 361 1789 hujus
388 1702 501 1787 tatae,
528 1708 574 1771 nie
596 1708 682 1771 enim
707 1719 846 1794 teporem
871 1710 962 1773 illum
988 1720 1105 1775 vocant
1130 1706 1239 1787 Graeci,

102 1798 199 1880 oacpe
219 1794 422 1879 philosophus
445 1794 589 1857 meminit
615 1793 650 1857 in
668 1792 876 1859 Naturalibun:
904 1793 989 1878 quod
1012 1806 1122 1859 autem
1145 1796 1240 1859 hieme

102 1878 144 1943 ait
159 1899 246 1941 mare
258 1877 394 1958 calidius,
414 1878 497 1965 apud
511 1878 647 1943 eundem
666 1879 712 1957 [ut
724 1877 828 1943 Probl.
842 1878 969 1959 XXVI,
985 1880 1038 1959 60]
1059 1892 1091 1943 et
1107 1882 1238 1967 philoro-

124 1965 185 2028 hoe
202 1964 280 2028 alios
298 1985 392 2050 saepe
413 1977 460 2030 eet
480 1967 598 2046 legere,
626 1961 791 2029 biberant
811 1984 929 2048 mare,
949 1977 984 2030 ut
998 1962 1112 2033 Graeci
1134 1963 1238 2052 grat·

102 1985 192 2129 grat
208 2044 231 2134 ἡ
249 2045 415 2116 timeon.
457 2050 604 2115 Horatius
621 2049 702 2131 [sa.
715 2047 757 2129 IL
773 2054 804 2126 2,
821 2052 890 2131 17]:

731 2141 850 2199 atrum

125 2205 128 2210 ¹
189 2214 393 2306 Defendens
404 2221 523 2311 piacet
537 2218 671 2287 Irienrat
691 2240 803 2285 mare.

102 2304 271 2371 Amanus:

188 2387 360 2455 Inranam
379 2391 538 2479 quamvis
556 2391 688 2459 hiemet
709 2414 827 2470 marer

77 2477 206 2625 ‘paullo
229 2477 316 2541 aliter
338 2478 420 2564 apud
437 2478 587 2560 Plinium,
615 2482 695 2544 libro
714 2480 829 2545 XVIII
851 2478 888 2559 [c.
904 2479 959 2558 26]
985 2477 1151 2543 continno
1172 2476 1223 2545 tie

66 2570 71 2577 “
115 2558 279 2624 riemant:
303 2575 333 2627 et
352 2562 436 2650 apud
451 2563 628 2629 Sallustium
648 2566 711 2644 [lib.
725 2565 773 2630 VI
788 2567 912 2645 Histoe]
936 2562 1037 2651 aqar'e
1052 2562 1239 2630 hiemanti-

101 2643 175 2727 bus,
199 2645 238 2709 de
252 2668 313 2734 quo
325 2651 422 2713 multa
435 2648 554 2714 Seneca
575 2653 704 2739 epistola
719 2650 828 2716 CXIV
836 2676 845 2733 3
867 2653 921 2715 sic·
934 2670 1082 2715 vernare
1105 2652 1239 2717 dicuntur

101 2753 181 2820 quae
192 2733 288 2797 instar
301 2736 384 2799 veris
403 2734 554 2801 renident.

188 2824 217 2885 8.
249 2818 350 2885 Dant
371 2819 536 2909 scopuli]
564 2823 671 2887 Lunae
697 2823 960 2909 promontorium,
990 2822 1031 2887 de
1054 2846 1119 2912 quo
1140 2822 1239 2890 Ptole-

99 2926 218 2969 maeus.
240 2906 293 2985 [V.
310 2906 421 2988 trun]
799 2926 802 2931 “

186 2986 236 3055 Et
253 2990 367 3056 matta
389 2992 491 3057 littae
509 3013 546 3055 ne
563 2990 657 3057 valle
674 2990 857 3079 receptat]
885 2992 1017 3057 Videtur
1033 2992 1171 3061 vallem
1189 3018 1239 3085 ep-

99 3077 214 3163 pellare
227 3076 419 3143 curvaturam
432 3080 528 3142 lanati
542 3080 666 3160 haurn,
688 3080 773 3166 quod
792 3081 889 3143 maria
904 3094 1117 3176 penumpunt.

145 3200 148 3205 ·
186 3166 217 3226 9.
243 3161 361 3227 Lunai
378 3173 521 3251 portum
541 3173 595 3229 eat
616 3186 744 3251 operae
766 3185 974 3254 cognoscere
994 3169 1115 3251 arven]
1145 3166 1240 3251 Qurai

100 3244 198 3310 dicat:
229 3250 256 3312 si
278 3252 363 3335 cupis
386 3273 437 3314 am
459 3251 517 3313 lius
544 3272 728 3332 cognoscere
748 3254 842 3316 situm
858 3254 973 3315 horum
986 3254 1134 3319 locontm
1177 3276 1241 3319 mo-

37 3366 45 3375 *
98 3331 225 3395 mineris
253 3333 413 3398 Ennianae
437 3273 649 3425 iescnptionie
673 3340 706 3403 in
734 3339 917 3417 Annalibus,
948 3358 1028 3424 quae
1057 3342 1101 3404 ita
1129 3304 1240 3429 iircipit.

98 3414 359 3506 Mendesissirnae
377 3432 448 3484 suut
465 3423 536 3484 illae
558 3421 723 3505 editiones,
744 3426 800 3488 ubi
820 3425 966 3509 scriptum

185 3499 306 3567 Lunai
315 3504 472 3591 pretinm
487 3516 540 3570 eat
557 3529 685 3593 operae
703 3510 913 3597 cognaacere'
926 3504 1029 3590 cinea,

48 3595 203 3674 etoquam
221 3590 400 3677 scripturam
413 3594 622 3673 excogitarunt
637 3596 788 3683 imperiti,
811 3596 863 3683 qui
876 3596 1062 3677 ignorabant
1083 3596 1240 3663 unitatifli-

96 3694 184 3737 mam
206 3676 299 3738 etiam
312 3677 401 3743 Livio
424 3680 626 3759 locutionem,
653 3690 705 3745 eat
724 3702 851 3767 operae
878 3704 933 3766 pro
956 3704 1011 3761 eo,
1042 3682 1131 3769 quod
1150 3686 1240 3767 vulgo

98 3758 158 3821 dici
173 3762 261 3839 solet,
281 3773 328 3825 est
341 3785 452 3849 operae
486 3765 609 3827 retium:
633 3777 664 3829 et
678 3769 808 3832 fortasse
821 3769 967 3834 veniebat
979 3769 1041 3833 illis
1054 3771 1090 3835 in
1103 3781 1240 3837 mentem

98 3846 214 3926 gemini
237 3868 344 3911 versus
365 3849 447 3935 apud
460 3787 643 3915 iuvenalem
665 3852 733 3935 tvl,
744 3854 839 3934 4741:

95 4021 99 4026 Ι
168 3927 249 4029 ,Eat
267 3953 392 4018 operae
412 3934 569 4021 pretinm
590 3936 690 4019 [edd.:
707 3936 993 4027 pretiamcarae]
1011 3936 1162 4025 penitae
1184 3962 1238 4005 co·

845 4044 1026 4114 gnoscere,
1053 4032 1129 4090 toto

107 4104 112 4112 '
185 4097 281 4181 Quid
293 4098 434 4187 saciant
453 4103 655 4194 agitentque
669 4106 737 4176 tte.
990 4156 996 4167 .

96 4186 197 4265 [Hanc
211 4189 377 4253 lectionem
392 4202 516 4277 propter
526 4190 668 4258 dictionis
681 4196 882 4260 constantiam
898 4214 970 4258 cum
983 4194 1049 4260 suis
1058 4194 1164 4262 codd.
1179 4221 1239 4264 eer-

95 4270 232 4337 vandam
246 4285 351 4338 censet
363 4276 470 4357 Web,
507 4299 559 4343 ,ι
580 4278 618 4341 At
635 4280 731 4359 Pasa,
750 4283 816 4361 On,
838 4282 885 4345 Pl.
903 4304 921 4345 e
938 4286 976 4347 13
991 4287 1238 4369 praestantior-ib.

96 4355 293 4460 cotanen,
313 4360 449 4457 Havnn,
499 4364 551 4444 ig,
572 4362 670 4432 Ebn.:
697 4364 737 4431 L.
751 4376 911 4454 portum,
934 4374 987 4430 eet
1004 4388 1158 4454 operae,
1182 4394 1238 4436 eo·

92 4454 307 4532 gnoacrte,
329 4467 429 4510 erveo.
705 4489 708 4501 ·

513 4807 663 4918 Α
