2700 4972
325 300 328 305 ’
378 328 442 405 su.
466 324 635 403 masat
658 326 877 400 sarrana
895 330 969 401 111.
1062 426 1065 441 Ι
1175 342 1242 409 ιιι

94 503 410 595 eogitantomlornm
421 503 552 611 pupillas
565 506 664 567 solent
677 513 781 568 tenere
794 502 948 571 immotas
984 506 1073 574 Philo
1087 507 1240 579 iudaeus:
1311 566 1315 573 .

75 640 78 645 -
97 588 138 657 iv
151 593 202 679 api
218 590 407 675 λογίζεσθαι
420 613 442 673 η
455 593 592 655 σκοπεῖν
611 610 645 654 τι
657 584 842 674 πεπήγασιν
858 591 895 657 ai
909 590 1008 675 ιιόνοιι
1020 589 1148 677 τρόπον
1163 618 1242 664 τινα

99 680 335 743 amoarium.-
364 677 441 738 fiunt
467 676 551 738 enim
573 677 689 739 similes
712 672 933 755 ἐκστατικοῖςι
958 682 1245 768 propriumautem

102 764 219 827 ecstasi
230 764 333 849 sopire
349 782 455 843 seusus
477 772 507 824 et
528 782 619 824 usum
637 782 745 825 eorum
764 761 915 827 adimere:
936 766 1007 850 quia
1018 768 1114 847 igitur
1127 772 1293 835 oculos29¹t

105 848 256 927 dejiciunt
274 860 305 911 et
326 858 431 910 tenent
443 848 606 926 immotos,
626 845 699 909 ideo
713 847 766 933 qui
782 848 967 913 meditantur
984 863 1096 915 terram
1119 876 1261 918 eernere-

106 934 283 1016 dicuntum
294 932 380 997 Plato
393 934 425 995 in
436 930 591 995 Alcibiade
603 943 716 1017 poster.
730 932 834 1015 [iniit
856 932 962 1020 φαίνῃ
975 934 1013 1019 pi
1026 958 1059 1001 at
1072 933 1243 1022 iouvdpto-

106 1017 254 1084 πακὲναι
273 1039 308 1083 ae
330 1014 388 1083 uui
410 1016 456 1093 ele
484 1019 548 1100 γῆν
576 1013 727 1101 βλέπειν,
757 1014 802 1094 ὥς
826 1041 857 1084 ιι
877 1019 1139 1106 οοννοούμενοςε
1168 1047 1242 1106 ergo

106 1106 205 1168 etiam
224 1107 283 1168 iste
308 1104 350 1165 ait
368 1104 570 1191 philosophos
594 1114 707 1167 terram
729 1106 838 1168 acriter
857 1107 984 1172 intueri:
1011 1130 1087 1171 nam
1111 1112 1171 1172 hoc
1196 1122 1244 1174 est
1322 1142 1330 1157 ·

97 1185 1244 1345 teattutatuststatuunturtraa
1312 1168 1318 1190 '

100 1364 283 1451 loquuntur.
318 1354 501 1441 Augustinus
516 1360 643 1445 epistola
656 1321 750 1424 (er
773 1357 878 1425 Oculi
889 1362 1006 1444 vestri,
1020 1363 1089 1429 etsi
1097 1302 1244 1450 jaciun-

109 1456 170 1511 tur
182 1445 221 1511 in
234 1444 405 1535 aliquem,
416 1439 582 1535 figantur
594 1444 631 1506 in
649 1443 830 1510 neminem.

197 1536 250 1599 81.
270 1530 456 1597 Murmura
480 1550 559 1593 cum
579 1550 699 1593 aecum
721 1539 756 1593 et
773 1528 913 1594 rabiosa
930 1530 1074 1597 silentia
1093 1533 1245 1617 rodunt]

110 1616 222 1682 Solent
243 1619 331 1681 multi
357 1618 436 1678 inter
457 1614 668 1679 meditandum
698 1617 913 1697 cogitationem
940 1616 1095 1683 murmure
1122 1623 1246 1703 agitare,

108 1716 150 1767 ut·
167 1705 211 1766 ait
232 1700 440 1793 Quintilianus
462 1703 516 1764 lib.
538 1700 583 1763 X.
608 1722 673 1787 cap.
696 1699 744 1764 ΙΙΙ
763 1700 808 1784 [ξ.
829 1703 899 1785 15].
941 1704 1144 1771 Aristaenetus
1166 1708 1245 1770 libro

108 1788 251 1853 secundo
263 1790 361 1875 [epist.
375 1788 405 1867 a]
426 1785 465 1849 de
481 1784 648 1849 causidico
664 1786 849 1852 meditante:
867 1784 925 1852 aul
942 1784 1146 1874 irradiatae
1162 1787 1247 1870 πρὸς

107 1870 233 1940 ἑαυτὸν
252 1872 438 1956 urbanitas.-
462 1872 619 1935 silentium
635 1882 740 1935 autem
759 1874 907 1935 familiare
928 1875 982 1955 iis,
1012 1877 1064 1960 qui
1087 1878 1120 1938 in
1136 1877 1245 1940 studiis

105 1962 190 2027 ectio
204 1968 376 2025 venantur:
398 1954 470 2022 ideo
477 1957 622 2019 Aretaeus
630 1954 681 2020 De
695 1956 788 2020 tardis
800 1960 917 2022 morbis
930 1960 1061 2047 cap.Vl.
1076 1960 1245 2048 depingens
1286 2022 1289 2029 .

104 2046 245 2111 bominis
266 2042 396 2110 studiosi
412 2043 510 2108 uitam
536 2062 599 2105 non
625 2044 827 2127 praetermisit
845 2046 925 2107 hanc
950 2056 1074 2111 notam:
1104 2052 1175 2123 τοῖς
1197 2043 1246 2131 δὲ,

105 2132 150 2195 ait
174 2133 218 2218 [p.
238 2134 283 2198 '57
297 2130 337 2192 E:
356 2128 500 2206 Boerh.],
528 2123 675 2209 τηκιὸὠν
697 2123 757 2211 μὲν
779 2128 843 2193 τοῦ
867 2125 1023 2213 exireat,
1051 2125 1168 2215 ἄχροοι
1188 2130 1248 2199 aul

105 2212 145 2283 ἐν
164 2212 297 2301 νεότητι
315 2212 470 2300 panotios
497 2209 554 2293 nal
575 2208 638 2276 ὑπ’
668 2209 798 2296 iuvatur
827 2234 874 2279 κω
904 2214 950 2279 oi:
982 2214 1025 2279 ita'
1042 2218 1247 2298 scribendum,

104 2322 172 2367 uon
191 2312 228 2365 ut
246 2300 362 2365 editum
382 2313 429 2363 est
445 2300 588 2379 uotipot:
613 2297 686 2361 ideo
706 2312 809 2362 autem
829 2236 987 2382 radiosa,
1009 2303 1079 2387 quia
1098 2302 1137 2367 de
1154 2307 1249 2391 plebe

105 2388 216 2475 aliquis
231 2386 432 2451 meditantem
447 2405 574 2446 cernens
589 2395 621 2445 et
637 2388 702 2464 ejus
718 2397 843 2465 gestures
857 2387 910 2471 qui
929 2388 999 2449 heic
1016 2400 1175 2470 notanarr,
1196 2394 1266 2451 fu-v

105 2474 224 2539 riusum
241 2475 375 2558 putabit,
396 2483 430 2532 ut
442 2471 520 2533 inter
535 2467 633 2533 rabidi
654 2471 737 2534 canis
754 2483 843 2534 notas
859 2472 981 2561 ponitur
996 2473 1142 2556 medicis,
1164 2474 1250 2563 quod

107 2562 212 2623 n'ullos
224 2561 348 2622 latratus
362 2557 442 2619 edat.
854 2558 856 2563 ’
1208 2605 1211 2611 .

197 2647 250 2709 82.
278 2640 394 2730 Atque
420 2648 620 2726 exporrecto
640 2637 858 2705 trutinantur
881 2638 988 2707 verba
1016 2636 1183 2751 laudini
1202 2642 1251 2709 Ita
1307 2658 1309 2663 ’

103 2732 145 2796 'iit
163 2748 318 2809 murmur,
345 2729 497 2791 labiorum
514 2728 714 2789 motitatione.
762 2727 966 2792 Aristaenetus
986 2728 1119 2792 ibidem:
1144 2724 1252 2814 ηρέμα

108 2812 158 2881 aul
181 2816 267 2899 psile
289 2816 384 2879 nivei.
428 2813 617 2893 [Labrorum
645 2814 837 2900 exporrectio
861 2826 964 2894 gestus
993 2814 1170 2879 admirantis
1198 2818 1251 2882 rel

111 2898 310 2983 cogitabundi
325 2899 496 2985 peculiaris.
523 2894 595 2979 PL]
1166 2954 1169 2959 .

131 3016 134 3021 ·
201 2990 254 3052 83.
284 2982 434 3072 Aegrati
455 2982 582 3047 veteris
598 2978 805 3044 meditantes
823 2980 983 3064 samnia]
1013 2982 1089 3047 Sani
1106 2984 1252 3047 homines

112 3083 187 3137 eunt
205 3065 392 3151 ου’όνειροιι
412 3072 531 3132 turbato
547 3069 680 3154 corporis
695 3079 775 3130 statu
791 3071 947 3132 turbantur
960 3079 991 3130 et
1007 3071 1146 3145 somnia3
1167 3067 1253 3155 quod

114 3168 146 3222 et
156 3154 286 3222 medicis
298 3159 376 3219 inter
391 3157 478 3235 signa
494 3154 596 3217 morbi
608 3154 796 3215 imminentis
819 3166 1004 3216 numeratur.
1252 3180 1306 3240 293

202 3242 254 3310 84.
287 3239 398 3330 Gigni
421 3237 480 3304 De
508 3236 618 3302 attrito
648 3236 799 3301 nibilum
824 3239 1057 3321 [Recentiorum
1078 3239 1250 3324 quicunque

110 3327 252 3395 Codicib.
274 3330 324 3392 'usi
337 3337 425 3392 sunt:
448 3322 547 3403 nibil,
571 3336 690 3412 praeter
702 3324 764 3404 Pl.;
784 3324 841 3386 sed
853 3323 933 3406 Eyb.
953 3346 1074 3411 quoque
1088 3325 1251 3391 8188οο-

108 3418 170 3481 trus
190 3414 266 3479 locis
284 3425 456 3477 constanter
468 3407 579 3489 nibill,
603 3407 805 3479 innibilum
818 3408 869 3473 nil
879 3430 978 3495 pocae
993 3409 1143 3492 reverti]
1166 3410 1252 3491 Phy-

107 3502 244 3566 sicorum
264 3501 388 3563 axioma
406 3498 659 3578 vulgatissimmn.
701 3495 822 3559 biamus
843 3517 966 3582 quoque
985 3496 1154 3583 Imperator
1172 3497 1251 3559 libro

107 3600 217 3739 pparpo
233 3584 307 3737 {pap
320 3584 447 3735 §puppi
457 3577 560 3734 ⁰be
574 3577 611 3647 tu
631 3575 850 3666 caduniensis
866 3577 1012 3672 ἔρχεται,
1033 3577 1147 3664 oiaaep
1170 3572 1253 3665 μήδ’

139 3694 157 3749 ς
195 3695 248 3824 85,
279 3755 357 3823 Ηοο
381 3688 544 3838 estdbod
560 3748 723 3836 paliari]
761 3750 881 3815 Seneca
905 3750 1034 3837 epistola
1051 3748 1190 3816 XLVIII
1215 3747 1256 3812 de

107 3844 277 3933 puerilibus
291 3843 460 3922 logicorum
472 3841 615 3928 ineptiis:
638 3839 700 3901 boc
716 3846 767 3900 est
784 3833 876 3922 quod
896 3834 1012 3899 tristes
1034 3834 1198 3901 docemus
1223 3842 1258 3899 et

104 3923 267 4018 pallidi?
289 3927 368 3990 adeo
383 3926 507 4012 quidem
529 3928 643 4012 palle're
657 3925 739 3986 soliti
760 3924 957 4009 philosophi,
979 3935 1013 3985 ut
1033 3919 1258 4006 ἐνερόχροιιες,

110 4017 199 4105 quasi
214 4036 279 4077 non
293 4017 424 4075 multum
439 4012 597 4074 amortuis
613 4009 776 4087 differrent,
784 4011 877 4088 mulge
894 4008 1072 4075 dicerentur.
1093 4011 1258 4109 Alciplrron

113 4120 134 4167 e
154 4102 246 4165 istola
263 4101 381 4162 tertiat·
398 4092 529 4179 ἤνονσοι
552 4091 626 4172 ἑνός
648 4097 716 4159 τῶν
739 4090 775 4157 ἐν
796 4095 838 4178 τῇ
854 4092 995 4178 Ποικίλῃ
1020 4095 1261 4176 διατριβοντνν

115 4180 340 4269 annuntianti
356 4178 413 4248 uui
424 4178 644 4267 ἐνερόχοιοοος
657 4178 816 4263 στιχίδιον
829 4171 1141 4264 ἅποφθεγγομὲνον.
1171 4173 1261 4262 Apud

115 4270 387 4339 saresberiensem
401 4270 511 4351 legium
527 4268 607 4330 Hoc
636 4274 687 4330 est
701 4285 765 4329 cur
780 4262 915 4350 pallet:
936 4268 1039 4330 minus
1059 4270 1212 4348 eleganter
1230 4272 1262 4323 et
1344 4326 1347 4331 ,

160 4350 292 4447 speram.
343 4353 409 4437 [Sic
429 4354 523 4418 etiam
542 4358 563 4418 6
583 4352 732 4418 contet
753 4354 870 4441 aliquot
889 4350 978 4437 edd-3
1003 4352 1059 4421 sed
1076 4370 1108 4419 v-
1131 4350 1262 4420 Weber·

101 4376 301 4511 &utoni
325 4439 474 4523 iudicium
492 4438 744 4519 confirmantem]
1206 4440 1208 4445 '
