2700 4972
176 304 180 321 “
277 302 397 392 'ao
425 312 598 397 raa'srr
626 326 855 397 sarrana
881 330 907 397 1.
994 288 997 293 ’
1142 282 1210 405 ἰη

62 534 65 539 -
156 502 212 565 93.
237 494 412 563 claudere
428 496 483 587 sio
499 501 639 564 uersum
653 494 777 565 didicit
796 503 875 582 [lege
896 500 1209 595 ecodd310nge'pln-

66 576 173 659 rimisr
193 578 322 648 didicit
336 606 474 649 vorsum
483 630 493 663 ,
514 597 595 650 recte
610 587 815 674 praecipiente
826 585 912 650 Pasa.
927 610 958 673 p.
974 591 1078 671 809.]:
1098 589 1209 657 Bere-

69 665 236 755 cyntbius
250 666 373 753 Attin]
397 669 587 751 [serendum
601 694 672 735 cum
682 671 872 758 junctura,
894 672 993 735 deleta
1007 674 1208 760 distinctione,

67 766 102 815 ut
120 753 229 818 docuit
248 756 350 820 IlIeist.
374 778 404 842 p.
422 758 443 823 4
458 779 503 843 sq.
527 754 729 836 „Claudere
750 778 888 822 versum
914 758 1022 822 dicitur
1041 762 1075 823 in
1098 785 1210 844 genere
1267 832 1272 851 ἲ

68 838 113 903 de·
119 842 289 927 pangendo
306 862 414 922 versu,
435 841 541 907 Horat.
555 842 621 906 Sat.
635 842 660 922 l,
682 843 712 922 4,
728 842 788 926 40;
810 844 949 930 inprimis
966 847 1161 929 hexametro,
1182 849 1208 931 I,

69 925 186 1008 10,59;
208 926 363 1008 11‚1,rs“
385 938 417 991 et
432 929 470 991 al.
481 925 539 993 Pl.
557 952 586 1014 q.
597 929 649 1010 ci]
672 929 759 992 Bene
772 951 892 1009 mones,
908 931 1006 1015 inquit
1020 935 1209 1021 respondens

66 1009 208 1077 Persius:
229 1034 304 1077 sane
321 1012 405 1077 enirn
423 1017 576 1099 praeclare
597 1015 647 1078 isti
671 1014 710 1078 de
724 1015 821 1079 Musis
840 1014 996 1081 Romanis·
1010 1032 1081 1082 sunt
1099 1023 1208 1103 meriti,

64 1096 120 1183 qtri
146 1118 214 1160 non
241 1100 376 1162 contenti
401 1101 537 1183 solutam
561 1102 732 1163 orationem
758 1102 924 1187 corrupisse
955 1103 1048 1167 etiam
1069 1107 1207 1191 poiitices

65 1202 153 1246 sama
165 1186 340 1271 polluerunt
349 1185 476 1249 invento
493 1184 554 1247 hoc
567 1207 677 1266 genere
695 1209 781 1250 novo
794 1194 944 1250 versuum
953 1189 1206 1275 rhythmicorum,
1237 1240 1240 1253 .

65 1267 243 1349 cujusmodi
258 1282 330 1337 sunt
340 1270 393 1334 isti
406 1269 538 1335 Neronis
558 1272 622 1356 [qui
634 1275 784 1351 feruntur,
807 1271 863 1335 sed
877 1293 908 1336 v.
921 1273 1021 1358 post]:
1039 1278 1050 1333 ’.

333 1354 340 1371 “
652 1353 763 1421 Berec
788 1354 904 1420 ntirius
927 1356 1042 1429 Attin,

65 1525 74 1543 ι
124 1436 205 1505 “Et
223 1438 286 1530 qui
305 1437 506 1505 caeruleum
527 1436 719 1506 dirimebat
771 1463 854 1507 ereo
875 1440 1039 1529 delphinr
1085 1476 1089 1485 ·

124 1632 127 1639 ·
151 1606 213 1677 Sic
233 1619 369 1675 costam
391 1607 496 1700 longo
516 1608 741 1678 subduximus
759 1613 954 1700 Apennino.

153 1692 275 1762 Torua
288 1694 527 1762 Mimalloneis
542 1697 732 1785 implerunt
747 1722 876 1765 cornato
893 1699 1035 1781 bombis,

148 1780 202 1847 Ei
220 1784 364 1869 ruptum
381 1782 490 1848 vitulo
510 1794 615 1870 capnt
631 1782 798 1850 ablatura
815 1785 971 1873 superbo.

62 1864 100 1931 ln
121 1869 226 1955 primo
248 1872 392 1957 exemplo
412 1871 542 1958 spectari
563 1869 676 1935 debent
698 1871 994 1947 duorumrersuum
1012 1871 1138 1935 ultimae
1157 1872 1206 1943 di,-

62 1953 183 2043 ctiones
209 1953 323 2018 eodem
343 1954 440 2018 modo
463 1954 636 2020 desinentes
659 1957 701 2037 [at
717 1979 748 2022 v.
766 1958 870 2044 post];
899 1960 932 2021 in
958 1960 1052 2021 tribus
1073 1981 1206 2045 sequen-

63 2038 147 2105 tibus
164 2040 278 2121 singuli
294 2062 401 2105 versus
418 2062 508 2105 suam
528 2041 773 2106 modulationem
791 2045 869 2106 intra
886 2066 920 2107 se
941 2046 1120 2108 absolvunt:
1144 2042 1205 2111 esb-

60 2134 125 2213 que
143 2121 252 2210 σχέσις
264 2123 370 2190 mutua
386 2128 518 2213 partium
538 2129 616 2197 inter
636 2150 686 2208 se,
708 2129 786 2192 sicut
806 2129 840 2191 in
860 2130 943 2210 aliis,
965 2131 1074 2215 prioris
1097 2124 1204 2197 iersus

61 2226 137 2275 curn
149 2212 335 2299 posteriors3
356 2215 435 2275 hane
457 2206 582 2317 opiner,
603 2215 665 2276 hoc
684 2225 730 2277 est
749 2213 937 2280 desinentiae
955 2210 1138 2297 ταυτότητα
1158 2230 1254 2306 etym)

60 2296 250 2362 utrhetor'es
270 2301 439 2399 appellant,
460 2318 499 2362 co
521 2291 751 2380 ὁμοιόπτωτον
772 2295 828 2364 καὶ
847 2292 1117 2382 ὁμοιοτὲλευτον,
1139 2302 1202 2366 bo-

60 2382 240 2447 diernonun
256 2382 483 2446 idiotismomm
503 2384 615 2473 po'e'tae
633 2396 745 2449 vocant
760 2387 940 2467 rhythmum
956 2398 987 2449 et
1010 2388 1200 2468 rhythmicos

61 2478 186 2549 rosus,
212 2469 323 2557 quibus
339 2469 373 2531 in
388 2470 540 2555 plerisque
558 2471 668 2551 linguis
688 2469 784 2533 hodie
804 2482 850 2535 est
871 2493 962 2554 usus3
985 2484 1016 2534 at
1031 2468 1155 2537 Graecis
1170 2487 1201 2537 et
1299 2494 1306 2511 ‘

61 2550 173 2619 eorum
192 2553 349 2641 discipulis
366 2555 481 2618 Latinis
508 2547 526 2619 ὁ
550 2549 680 2638 inbutis
702 2552 899 2640 viriiiter
922 2560 1016 2638 longe
1039 2570 1086 2621 est
1104 2561 1198 2625 alius:

61 2634 343 2723 &bubuco-enim
357 2641 417 2720 illi,·
439 2641 473 2702 hi
486 2650 709 2729 numerosam
729 2653 781 2704 aut
800 2641 1008 2706 concinnam
1030 2646 1200 2708 orationem

60 2728 269 2814 appellarunt,
288 2746 354 2789 non
385 2746 444 2788 uae
455 2728 564 2789 referta
584 2739 664 2791 esset
681 2726 815 2813 periodis
832 2740 884 2791 aut
899 2731 973 2792 colis
992 2730 1130 2793 similiter
1144 2730 1200 2794 de-

60 2810 234 2877 sinentibus
258 2748 492 2886 cadenti'husrer
526 2811 583 2876 sed
606 2834 684 2898 quae
712 2814 875 2877 characteri
895 2835 952 2876 suo
982 2817 1199 2881 convenientes
1241 2832 1243 2837 ⁴

121 2920 157 2962 es
171 2900 302 2961 haberet
311 2916 369 2960 nec
379 2899 448 2978 le'ge
463 2899 549 2959 omni
563 2901 662 2962 soluta
678 2901 805 2960 ferremr
816 2921 975 2985 praeceps3
997 2902 1200 2987 philosophus

59 3006 92 3049 m
103 2983 197 3049 tertio
211 2982 448 3047 Rhetoricorum
467 2982 506 3063 [c.
519 2983 552 3064 8]
574 2979 611 3051 τὸ
629 2977 803 3065 εὔρυθμον
824 2997 855 3046 et
877 2980 914 3048 so*
932 2979 1120 3065 ἀπέραντον
1142 3010 1199 3072 op-

59 3071 147 3158 ponit
160 3081 196 3133 ut
210 3070 372 3148 contraria3
388 3067 539 3153 ¹idemque
564 3065 601 3132 τὸ
615 3066 787 3151 εὔρυθμον
807 3082 837 3132 et
858 3064 895 3133 τὰ
912 3065 1071 3152 ἔμμετρον
1091 3071 1198 3135 distin-

56 3158 124 3239 'guit
142 3166 179 3217 ut
199 3152 321 3217 diversa
339 3152 432 3235 [adde
452 3152 585 3235 Dionys.
606 3153 645 3217 de
668 3153 815 3241 Compos.
837 3177 864 3217 c.
885 3156 957 3234 251:
985 3158 1094 3220 volunt
1114 3159 1198 3221 enim

59 3254 90 3305 et
106 3241 290 3307 'Aristoteles
312 3250 343 3302 et
361 3260 470 3302 omnes
500 3238 639 3304 doctores
665 3242 856 3326 eloquentiae
881 3242 1007 3304 oratoris
1031 3241 1197 3306 dictionem
1247 3294 1250 3307 .

57 3304 196 3399 naimeris
219 3323 344 3411 quidem
367 3336 504 3388 constare
525 3325 704 3433 etpedibus
728 3327 829 3404 certis,
856 3324 889 3387 id
912 3338 958 3391 est
978 3329 1138 3409 rhyssrmo‚
1166 3342 1197 3392 at

57 3412 289 3477 dimensionem
302 3420 414 3474 certam
428 3411 495 3473 sire
514 3408 552 3474 τὸ
573 3433 694 3493 ομοιον
707 3413 769 3475 τοῦ
782 3408 917 3493 ῥυθμοῦ
930 3434 1122 3498 nequaquam
1138 3416 1197 3477 ha·
1278 3435 1282 3447 ·

56 3502 147 3563 bere:
160 3496 195 3561 id
209 3497 293 3561 enim
305 3495 457 3583 po'e'matis
471 3518 538 3560 esse
550 3499 715 3584 proprium.
744 3497 782 3560 At
793 3498 819 3561 is
832 3499 884 3583 qui
896 3497 991 3560 hodie
1003 3497 1111 3561 dicitur
1122 3502 1195 3581 rhy-

57 3586 163 3649 thmus
179 3584 214 3647 in
235 3584 419 3664 syllabarum
436 3584 562 3668 paritate
582 3595 613 3646 et
628 3582 826 3647 similitudine
843 3582 1029 3646 desinentiae
1049 3597 1129 3648 totus
1149 3597 1196 3648 cst

55 3671 193 3758 positars3
215 3690 279 3731 non
292 3667 398 3730 dubito
410 3689 519 3731 verum
533 3690 601 3733 esse
618 3668 703 3755 quod
717 3689 808 3755 supra
824 3665 999 3732 dicebamus
1013 3691 1104 3755 super
1124 3671 1246 3748 ori-133

57 3758 127 3838 'gine
140 3752 320 3835 hujusmodi
334 3754 563 3835 rhythmorum:
587 3757 644 3818 etsi
657 3756 715 3817 fuit
729 3753 849 3829 Romae
865 3754 972 3838 aliquis
992 3756 1104 3816 horum
1122 3778 1194 3834 usus

55 3840 301 3928 antiquissimus,
322 3838 355 3900 in
374 3840 641 3903 acclamationibus
657 3839 851 3916 militaribus,
874 3860 948 3923 quas
963 3838 1104 3903 Salumio
1127 3863 1196 3904 me-

56 3938 102 3991 tro
116 3927 249 4008 legimus
262 3924 408 4010 componi
426 3926 547 3998 solitas,
569 3927 638 3988 hoo
646 3937 691 3989 est
710 3923 750 3989 ad
762 3926 941 4006 rhythmum
957 3928 1077 3997 solum,
1101 3940 1136 4007 ut
1149 3926 1191 3989 ait

58 4012 184 4085 Servius
198 4010 239 4075 ad
255 4008 296 4074 Π.
310 4007 531 4090 Georgicorum
552 4010 594 4092 [v.
608 4011 687 4077 385:
707 4008 741 4071 in
762 4031 823 4096 quo
843 4009 1002 4094 probando
1023 4010 1096 4096 quid
1118 4023 1196 4075 erret

58 4096 137 4178 cra,
161 4096 258 4163 hodie
271 4093 420 4183 planum]
464 4095 542 4160 Cum
563 4097 653 4176 igitur
673 4095 748 4159 vitio
770 4107 800 4158 et
814 4095 1005 4159 affectatione
1026 4119 1194 4181 paucorum
1295 4142 1300 4147 -

56 4186 223 4251 sciolorum
236 4184 275 4245 ab
292 4182 341 4244 his
352 4181 508 4267 principiis
520 4193 659 4268 corrupta
671 4181 780 4244 fuisset
790 4200 863 4246 vera
882 4201 917 4242 ac
931 4181 1066 4261 legitima
1077 4181 1192 4328 poisis,
1333 4178 1341 4189 ’

115 4270 216 4335 llatiin
231 4278 384 4330 crescente
407 4267 452 4330 im
473 4269 618 4331 oritorum
637 4288 782 4341 numero,
809 4265 1002 4333 solidarem
1023 4289 1075 4329 eru
1097 4268 1192 4330 itione
1298 4320 1301 4324 ,

56 4293 219 4441 ishuguente
236 4372 273 4417 sc
295 4349 423 4416 tandem
443 4289 602 4417 deficiente
617 4353 655 4416 «in
674 4354 779 4415 locum
797 4351 950 4433 legitimae
970 4351 1101 4437 poe'seos
1125 4372 1192 4414 cor·
1299 4406 1303 4418 .

57 4445 173 4533 tquela
183 4440 267 4505 illius
280 4440 412 4500 essuos
428 4437 590 4504 succedere
605 4438 713 4525 coepit.
757 4435 942 4502 Mirtuvero
964 4437 1101 4517 gentium
1117 4458 1193 4501 con-
1233 4504 1235 4508 ,

12 4558 15 4571 =
95 4520 441 4583 &rhammus
890 4525 912 4588 ἰ

1206 1540 1258 1597 1³2
