2700 4972
390 123 450 191 ao
477 102 646 191 rnnsu
678 122 898 191 sarram:
920 125 975 199 11.
1148 220 1151 227 Ι
1183 130 1249 195 ru

103 295 340 362 retrahendus
358 307 405 362 est
416 318 453 359 ac
465 294 573 360 Babae
589 297 715 378 dicujm
729 301 780 362 vel
793 297 988 378 abjectissimi
1002 308 1099 381 certe,
1119 300 1248 367 barbana

95 405 195 449 ,nram
207 386 355 471 praebere
368 382 553 462 vellendam,
575 386 662 468 quasi
675 385 855 448 hominibus
863 384 1067 473 petulantibus
1080 384 1247 451 ludibrium

97 470 222 535 'debeas
236 480 289 533 aut
304 466 411 532 eo'rum
424 471 612 555 petulantem
625 471 781 533 lasciviam
798 492 864 552 non
880 470 980 556 possis
999 470 1144 551 effugere.
1183 470 1246 537 Fa-

103 556 226 620 miliare
238 560 304 618 crat
313 553 437 619 Graecis
453 577 488 618 ae
502 555 632 634 Latinis,
654 567 704 635 ut,
726 556 835 641 quibus
852 554 980 619 illudere
996 557 1152 639 volebant,
1175 560 1246 623 bar-

104 646 180 707 bam
195 642 257 706 illis
267 642 431 721 vellerent,
454 652 488 702 ut
504 639 682 705 dicebamus
698 640 738 703 ad
754 640 884 704 Satiram
902 642 1091 727 superiorem
1110 642 1151 720 [v.
1168 648 1245 726 1333

104 727 258 815 promissa
271 738 375 791 autem
389 729 482 790 barba
492 727 648 806 fingebant
664 739 782 791 veteres
793 727 922 808 lovem,
940 748 971 792 v.
985 726 1089 791 tnudd.
1102 750 1154 814 ap.
1169 727 1246 809 I'l]:

104 817 167 876 hoc
180 815 275 900 plane
290 824 336 876 est
352 811 434 898 quod
455 812 558 873 dicunt
576 812 732 878 Romani:
750 809 920 900 praebere
940 833 978 875 oe
999 809 1049 874 nd
1067 824 1247 877 contume-

104 898 207 963 liam.
252 898 357 961 Livius
380 897 456 978 [lV,
477 898 553 976 351:
582 919 721 960 sumum
750 897 786 963 vi
813 907 1056 986 expugnatum
1084 919 1177 979 ease,
1207 908 1247 964 ut
1269 958 1272 963 .

105 981 242 1049 tribuni
255 980 409 1048 militum
424 982 600 1046 consulari
606 993 780 1071 potestate
798 994 833 1048 et
850 1005 895 1047 err
906 982 1008 1070 plebe
1025 994 1246 1049 amaremur.-

99 1068 237 1159 petieae
267 1060 361 1135 viror
389 1067 486 1132 douai
512 1069 727 1158 militiaeque
757 1078 951 1157 spectarem
1032 1068 1112 1133 imis
1145 1069 1246 1136 antris

105 1155 311 1246 sugillatus,
336 1154 508 1242 repulsor,
531 1156 618 1220 risui
631 1155 793 1242 putribus
804 1152 943 1242 fnisse,
964 1090 1092 1219 dedisce
1108 1166 1248 1244 postre-

106 1263 166 1306 mo
176 1238 345 1328 praebere
360 1241 407 1304 od
418 1240 663 1306 contumeliam
676 1265 722 1304 oa.
767 1243 875 1306 Simile
892 1255 939 1307 est
957 1241 1248 1330 apudI’lutarchum

104 1324 154 1398 τὰ,
167 1323 268 1412 σκέλη
288 1331 357 1404 τοῖς
372 1321 545 1393 ὑποσπῶσι
559 1324 730 1412 παρέχειν,
750 1349 854 1392 crura
864 1325 1030 1414 praebere
1054 1327 1150 1392 clam
1171 1338 1248 1393 tra-

105 1412 280 1491 hentibus,
300 1412 384 1499 quod
399 1415 480 1477 soliti
492 1413 617 1499 quidam
628 1419 744 1495 facere,
765 1426 799 1477 ut
819 1417 877 1477 hac
893 1436 951 1478 sua
968 1415 1114 1500 patientia
1130 1416 1251 1479 miseri-

106 1499 248 1565 cordiam
264 1501 520 1586 praetereuntium
532 1512 779 1580 commoverent,
802 1522 873 1562 cum
885 1499 1015 1565 subinde
1034 1502 1177 1566 homines
1194 1524 1251 1587 pe·

105 1589 242 1651 tulantes
257 1606 341 1647 crure
354 1596 448 1648 tracto
463 1607 517 1648 eos
533 1586 696 1664 dejicerent
712 1607 747 1648 ac
762 1589 829 1649 solo
845 1585 1013 1648 illiderent:
1032 1586 1078 1649 ita
1095 1588 1180 1650 enim
1194 1589 1252 1651 fut:

105 1673 216 1736 moris.
255 1671 355 1734 Locus
367 1670 520 1733 Plutarchi
531 1672 620 1734 estin
636 1673 713 1735 libro
726 1671 777 1734 De
790 1673 904 1736 vitioso
916 1670 1035 1757 pudore
1050 1671 1092 1757 [p.
1107 1673 1181 1739 535.
1191 1670 1217 1734 F
1219 1676 1250 1754 .].
1287 1685 1292 1694 “

106 1756 178 1823 Sed
192 1757 330 1835 Persius,
352 1757 405 1841 qui
423 1759 503 1818 hanc
520 1751 731 1843 παροιμιῴδη
752 1758 941 1821 locutionem
959 1756 999 1820 de
1013 1756 1094 1820 Jove
1115 1770 1250 1844 usurpat,

107 1842 234 1910 vident
254 1841 389 1905 alludere
418 1842 589 1906 advenum
615 1845 776 1907 historiam
803 1854 834 1906 et
855 1865 923 1906 rem
945 1854 1072 1924 gestam.
1127 1844 1252 1925 Legian

107 1931 198 1993 enim
208 1926 379 2010 Dionysius
392 1939 539 2010 tyrannus
558 1928 616 1992 diis
629 1931 758 1992 barbam
773 1930 903 1993 vulsisse
924 1948 959 1991 ac
977 1928 1159 2009 dehafisse,
1180 1952 1252 1993 cum
1290 1928 1295 1941 “

107 2036 169 2080 sua
194 2014 351 2094 sacrilegia
379 2016 564 2092 jocularibus
593 2016 686 2077 etiam
713 2014 800 2078 dictis
824 2016 972 2100 factisque
1000 2028 1250 2100 prosequeretur:

107 2104 182 2183 lege
193 2100 385 2163 Lactantium
409 2101 486 2162 libro
506 2099 643 2163 secundo
661 2104 726 2187 cap.
740 2100 789 2164 IV
809 2098 846 2182 [ξ.
865 2106 963 2186 bsqq.
983 2101 1050 2163 sive
1089 2101 1169 2164 otius
1179 2105 1257 2167 fon-.

107 2200 178 2253 tem
189 2189 257 2267 ejus
268 2185 371 2249 Valer.
382 2185 467 2248 Max.
477 2183 503 2265 Ι,
524 2191 551 2265 1,
567 2198 626 2252 ext.
641 2184 668 2269 ᾗ.
685 2193 704 2252 3
719 2199 750 2249 et
773 2188 864 2265 hujus
877 2186 939 2251 Cic.
955 2184 995 2249 de
1005 2184 1044 2248 N.
1059 2120 1099 2280 fi
1113 2185 1169 2265 111,
1185 2186 1261 2266 341,

109 2284 143 2339 et
156 2268 312 2352 Graecos3
334 2264 373 2335 τὰ
387 2268 530 2356 praebet
548 2273 581 2334 in
594 2272 687 2336 simili
706 2273 857 2335 sententia
874 2274 971 2337 verbo
989 2267 1184 2356 ἐμπαρέχειν
1198 2294 1254 2336 ex-

109 2358 224 2449 pressit
240 2353 403 2437 Gregorius
418 2357 629 2422 Nazianzenus
644 2380 713 2421 cum
728 2358 867 2446 emphasi
879 2379 1001 2441 magna.

134 2484 143 2495 ·
200 2446 253 2508 29.
275 2443 349 2506 Ant
365 2440 530 2529 qtcidoam
546 2453 612 2521 eat,
634 2466 701 2530 qua
716 2455 753 2505 tr:
769 2443 930 2507 mercede
954 2441 1097 2507 deorum
1117 2436 1254 2507 Emeria

111 2525 329 2607 montane]
352 2529 412 2590 Aut
424 2530 451 2591 si
465 2551 558 2610 negas
570 2529 701 2609 ludibrio
715 2531 829 2594 lovem
846 2551 866 2592 a
878 2541 909 2593 te
924 2531 1048 2607 haberi,
1069 2550 1173 2592 annon
1186 2551 1256 2593 me-

111 2616 185 2695 tuis,
206 2636 248 2677 ne
260 2624 290 2676 te
304 2615 356 2676 ille
368 2617 486 2677 malum
501 2619 582 2680 male
595 2616 726 2702 perdat?
748 2618 808 2679 nisi
827 2619 906 2679 forte
921 2615 1053 2678 dicturus
1076 2636 1110 2679 es
1130 2626 1162 2678 te
1176 2617 1256 2679 iram

112 2704 181 2783 ejus
194 2703 383 2787 placatorum
396 2702 549 2764 sacrificiis
563 2704 622 2765 tuis
637 2724 672 2764 ac
687 2701 794 2766 donis:
816 2700 872 2765 sed
891 2700 974 2786 quod
993 2712 1114 2763 tantum
1133 2722 1246 2765 munus
1256 2718 1306 2775 195

112 2798 179 2871 nte
197 2786 301 2849 offerri
312 2797 429 2872 potest,
451 2797 485 2848 ut
502 2789 560 2848 hac
574 2788 716 2850 mercede
729 2787 858 2850 illudere
875 2791 940 2867 ejus
958 2787 1080 2850 auribus
1091 2788 1202 2872 'possis
1220 2809 1255 2850 ac

112 2872 235 2937 nefaria
246 2872 306 2934 hoc
326 2892 421 2952 genus
436 2883 509 2935 vota
527 2871 567 2934 ad
590 2895 628 2935 eo
646 2874 771 2958 petere?
793 2867 832 2936 vd
850 2881 912 2936 ont
929 2873 1016 2934 initio
1036 2873 1204 2934 sententiae
1222 2873 1255 2934 in

113 2978 262 3023 sermone
287 2959 471 3038 objurgantis
486 2958 600 3020 Atticae
622 2971 668 3022 est
685 2960 870 3023 venustatis:
897 2958 941 3021 sic
964 2955 1046 3043 apud
1066 2955 1257 3021 Demosthe-

113 3066 194 3108 nem
213 3037 369 3125 bruma
390 3037 561 3126 ἢὸειξάτω
586 3055 616 3106 et
636 3045 763 3124 similia,
790 3045 846 3106 ubi
864 3064 987 3128 semper
1008 3040 1087 3105 illud
1104 3044 1256 3129 reticetur:

114 3127 150 3200 n·
162 3125 257 3218 qraod
277 3125 356 3192 dico
375 3149 495 3192 verum
508 3150 577 3192 non
599 3138 662 3193 est.
707 3128 870 3193 Mercede
887 3148 1001 3191 emere
1020 3120 1188 3211 ἀρχαϊκῶς
1205 3128 1308 3209 cli-(tta)

114 3228 220 3291 ctum,
240 3226 275 3277 ut
288 3211 433 3278 emtione
447 3213 546 3278 mileo
560 3215 642 3301 apud
654 3215 780 3292 Festum
795 3228 825 3279 et
849 3212 985 3279 auxilio
1000 3233 1155 3277 coemere
1173 3213 1257 3300 apud

114 3301 281 3365 historicos
295 3376 298 3381 ¹
310 3312 341 3364 et
365 3301 493 3381 similia3
527 3321 642 3363 emere
670 3313 775 3365 autem
800 3299 945 3365 deorum
976 3320 1079 3363 cures
1103 3297 1258 3363 mercede

115 3389 187 3451 illos
202 3386 275 3449 dicit
287 3387 423 3466 Persius,
446 3389 498 3472 qui
509 3388 640 3473 pretiosa
657 3387 784 3451 donaria
799 3398 950 3453 voventes
968 3386 1064 3472 impia
1083 3407 1104 3449 a
1124 3385 1183 3450 diis
1202 3409 1259 3472 pe-
1314 3434 1318 3448 .

115 3483 234 3536 terent:
258 3493 337 3559 quae
359 3484 405 3536 est
419 3472 554 3536 Platonis
572 3468 735 3558 ἐμπορικὴ
754 3469 858 3558 τέχνη.

207 3562 259 3625 30.
289 3554 462 3624 Pulmone
485 3567 520 3621 et
542 3556 693 3622 tactibus
710 3559 869 3640 nocriol]
898 3557 1075 3645 separanda
1094 3559 1172 3622 haec
1188 3570 1260 3622 sunt

117 3667 138 3709 a
161 3643 369 3730 superioribus
385 3656 416 3707 et
432 3666 502 3706 cum
523 3646 690 3708 acrimonia
707 3644 949 3731 pronuntianda:
972 3644 1177 3730 quaesiverat,
1200 3666 1259 3730 qua

116 3728 263 3795 mercede
278 3731 392 3817 placari
408 3751 473 3793 ase
486 3751 580 3816 posse
600 3743 757 3817 sperarent
772 3733 865 3794 iratos
884 3729 961 3793 deos
976 3731 1113 3794 scelerati
1132 3732 1184 3794 isti
1197 3733 1261 3792 ho-

118 3817 239 3880 mines:
263 3838 344 3878 nunc
361 3838 470 3878 eorum
484 3817 585 3879 vicem
596 3817 830 3902 responsionem
847 3818 915 3920 ipse
930 3816 1067 3896 subjicit,
1089 3814 1145 3880 sed
1162 3816 1261 3879 satiri-

120 3924 190 3983 cum
215 3913 246 3965 et
267 3902 413 3965 irrisionis
435 3905 576 3988 plenam:
611 3920 652 3964 an
672 3901 778 3966 dicetis
797 3903 950 3967 sacrificiis
969 3903 1079 3966 vestris
1098 3913 1151 3966 aut
1171 3900 1261 3964 donis
1338 3944 1341 3955 ·

119 4009 213 4073 posse
226 4008 285 4052 vos
301 3987 377 4050 deos
392 3987 564 4053 demereri?
576 3988 690 4052 scilicet
701 4010 774 4051 auro
790 3999 822 4052 et
833 4000 957 4071 argento
973 3987 1016 4051 dii
1027 3989 1197 4065 ilectuntru,
1207 3987 1262 4073 qrri

120 4077 173 4138 illa
187 4096 252 4136 non
267 4075 361 4161 pluris
375 4075 489 4135 iaciunt
503 4096 595 4160 quam
607 4077 788 4160 pulmonem
802 4086 833 4137 et
846 4078 951 4139 lactes.
991 4072 1159 4138 mactetis
1226 4093 1261 4137 o-
1329 4144 1337 4153 ,

122 4171 248 4247 ceptum
259 4171 307 4223 est
318 4161 351 4222 in
362 4160 450 4222 tertio
468 4156 719 4225 Rhetoricorum:
739 4160 860 4246 quoties
874 4161 1061 4247 vituperabis
1074 4159 1116 4222 ali
1158 4159 1167 4174 ’
1195 4204 1206 4239 ,
1227 4170 1262 4223 ut
1282 4224 1290 4233 ,

122 4269 163 4310 ex
174 4247 228 4326 iis,
250 4266 329 4332 quae
340 4243 380 4308 ad
396 4266 494 4325 genus
507 4243 591 4329 idern
605 4247 772 4333 pertinent,
792 4245 826 4311 id
839 4266 956 4335 pones,
978 4243 1065 4333 quod
1076 4180 1262 4312 vildedum
