2700 4972
313 238 319 247 ·
368 198 968 307 rursusrr-ssrralnrrr.
1084 310 1091 327 „
1173 246 1238 315 1

102 407 146 473 ad
160 408 411 496 Theophrastum
424 414 463 494 [p.
477 408 572 489 240]:
591 407 633 472 ita
648 420 751 472 autem
763 410 831 472 sine
847 408 1051 476 controversia
1061 407 1237 476 scribendus

101 494 155 559 laic
170 498 277 574 locus,
298 506 331 556 ut
343 506 428 557 recte
439 494 514 556 olim
525 494 669 573 judicavit
681 490 784 576 ἄκρος
796 496 848 557 ille
858 494 1007 571 παιδείας
1028 489 1149 575 ἄωτος,
1170 497 1237 561 Ha-

100 578 228 649 drianus
239 579 414 645 Turnebus:
434 600 534 664 neque
547 581 632 642 aliter
642 582 675 651 in
686 581 899 665 antiquissimis
911 581 1096 645 membranis
1111 580 1222 644 Putea-
1231 591 1284 650 264

99 667 150 745 ni,
172 664 336 747 Bongarsii
352 676 383 727 et
394 666 504 727 nostris
523 665 705 729 invenimus.
728 665 814 745 [Non
833 668 923 750 pauci
941 668 1037 746 enim,
1061 668 1237 755 praesertim

98 754 205 835 paullo
224 750 406 817 recentiores
426 747 524 814 Codd.
545 763 575 812 et
594 749 679 814 edd·
686 761 775 817 vett:
805 747 1001 831 indemnes,
1030 763 1110 814 recte
1131 755 1237 827 obser-

98 846 198 899 vante
208 836 349 901 Webero
364 833 436 896 inde
451 847 560 915 ortum,
583 834 666 920 quod
678 833 795 913 „Stoici
807 848 892 899 erant
904 832 1015 918 ἔγκνιὶ
1028 833 1237 918 κεκαρμένοι,

97 920 156 983 sed
185 923 541 1002 κωγωνοιροφοῦνιες.
590 920 713 985 Lucian.
731 921 943 990 Hermot.18r
959 916 1114 1007 ὁπιίγων
1128 918 1238 1005 βαθᾶς

96 1003 156 1071 καὶ
171 1001 209 1071 ἐν
224 1007 294 1087 χρῶ
310 1000 331 1088 ἡ
346 1002 498 1085 κννρᾶ.“]
1155 1074 1159 1084 ,

186 1093 240 1157 55.
265 1070 410 1176 Sitiqais
426 1099 459 1152 et
471 1084 604 1176 grandi
620 1097 729 1174 pacto
741 1082 908 1174 polenia]
933 1091 1037 1157 Tertia
1050 1104 1123 1157 nota
1144 1088 1238 1159 λιτό-

96 1196 198 1259 τητος
212 1171 400 1259 Ἑλληνικῆς
415 1170 543 1258 ἀγωγῆς
554 1176 651 1238 victus
661 1177 777 1255 renuis,
800 1190 872 1261 puta
886 1180 1009 1262 polenta
1021 1190 1074 1241 aut
1085 1178 1237 1251 secundus

118 1263 186 1324 anis
203 1273 235 1323 et
246 1263 373 1347 siliquae
387 1263 588 1342 leguminum,
616 1259 699 1343 quod
719 1263 838 1344 pecoris
855 1261 1007 1325 immundi
1016 1250 1124 1350 'potius
1139 1286 1238 1350 ¹quam
1284 1329 1289 1347 ,

96 1285 272 1410 llominum.
316 1347 413 1410 Lucas
430 1345 638 1425 Evangelista‚
661 1347 758 1431 capite
772 1346 840 1410 XV
854 1347 897 1427 [v.
915 1349 967 1426 16]
991 1346 1031 1411 de
1048 1348 1112 1413 lilio
1132 1348 1238 1436 prodi.-
1294 1378 1296 1385 ,

97 1452 159 1534 go:
190 1430 249 1495 καί
272 1427 428 1513 ἐπεθύμει
447 1428 577 1513 ’γεμίσαι
599 1426 662 1513 τὴν
683 1429 814 1495 κοιλίαν
833 1426 899 1496 dud
916 1435 985 1497 rain
1004 1430 1165 1514 arrectae
1189 1422 1238 1498 aiv

58 1574 63 1581 .
96 1521 227 1602 ησθιον
244 1515 279 1581 ολ
300 1520 427 1599 χοῖροιε
453 1527 484 1577 et
506 1514 620 1585 Plinius
648 1537 768 1600 quoque
791 1518 833 1578 ait
855 1519 978 1602 siliquas
996 1522 1145 1605 pabulum
1169 1541 1238 1585 esse

96 1601 254 1686 pecudum
269 1603 481 1680 gratissimum.
524 1600 670 1668 Horatius
689 1613 858 1667 extremam
877 1603 1082 1688 frugalitatem
1103 1626 1142 1672 ea
1158 1626 1238 1674 voce

98 1687 249 1773 expressit
266 1684 336 1771 [Ep.
350 1684 391 1766 ll,
411 1692 439 1764 1,
461 1683 550 1763 123J:

163 1839 166 1843 ,
431 1767 550 1834 vivunt
560 1767 696 1852 siliquis
709 1777 743 1832 et
758 1764 849 1855 peine
863 1768 1025 1851 accendor

95 1859 193 1943 quem
208 1868 278 1921 sunt
289 1855 397 1919 imitati
416 1866 448 1917 et
461 1853 581 1918 Persius
589 1854 658 1917 heic
671 1866 702 1917 et
713 1855 870 1920 luvenalis
883 1858 917 1920 in
928 1857 980 1922 XI
996 1857 1082 1939 [dbia

115 1956 119 1965 ’
183 1938 258 2005 Sed
271 1936 413 2004 taudem
428 1936 573 2025 siliquas
583 1937 742 2002 'occultus
753 1962 893 2027 goneoae

95 2024 281 2095 Prudentius
317 2046 418 2111 uoque
432 2023 667 2095 Cathemerinon
682 2026 801 2106 hymno
818 2025 874 2109 111,
898 2026 952 2108 [63
965 2025 1065 2126 sqq.]r

177 2048 383 2181 Noe'uleria
398 2129 517 2188 como,
540 2131 601 2200 nos
613 2108 672 2173 sili
695 2130 743 2173 ua

181 2194 297 2263 Foeta
314 2195 488 2283 legumine
501 2130 707 2267 multimodo

183 2280 333 2347 Pavcrii
354 2278 513 2363 innocuis
526 2279 650 2369 epulis.
1035 2336 1052 2347 ,,
1112 2356 1115 2363 ¹

93 2366 361 2437 Omneshidubio
368 2370 476 2453 procul
485 2365 793 2453 siliquarumnomine
800 2362 955 2448 legumina
965 2361 1177 2431 intellexerunt
1184 2377 1238 2431 aut

93 2455 286 2537 legrnninum
294 2456 444 2540 opercula,
451 2474 529 2537 quae
538 2454 659 2539 proprie
668 2455 707 2516 ab
716 2452 924 2516 incurvatione
931 2453 993 2516 leri
1000 2449 1136 2532 κερᾶιιν
1144 2451 1238 2517 Grae·

95 2542 153 2621 cis,
170 2540 286 2603 Latinis
300 2536 449 2625 siliquae
464 2537 617 2602 dicuntur:
630 2539 663 2599 in
676 2536 827 2601 D.Lucae
838 2548 942 2599 tamen
957 2540 1027 2600 loco
1037 2534 1237 2619 xeodcruali-

94 2636 141 2688 ter
148 2626 259 2712 accipit
266 2624 531 2710 Theophylactus,
553 2625 604 2709 qni
619 2622 658 2685 de
673 2626 770 2684 fructu
785 2622 900 2686 arboris
914 2623 1041 2723 siliquae
1057 2624 1237 2711 interpreta-

94 2722 160 2774 tur:
174 2732 268 2798 quem
281 2713 410 2771 fructum
425 2703 609 2788 ξυλόνλυκα
622 2721 727 2770 auctor
739 2705 886 2771 Glossarii
897 2720 1046 2788 nominat,
1060 2711 1131 2794 quia
1141 2709 1237 2773 dulcis

96 2808 153 2876 est,
160 2807 196 2857 nt
205 2797 297 2858 etiam
302 2795 417 2858 Plinius
426 2795 527 2859 scribit
535 2796 588 2857 lib.
596 2793 673 2858 XV.
682 2791 884 2879 cap,XXIV;
898 2792 993 2857 Arabs
1007 2792 1238 2880 quoquechar-

97 2879 167 2946 rusb
191 2882 402 2966 interpretatus
421 2890 483 2959 est,
514 2900 573 2964 qua
595 2901 672 2943 voce
694 2901 733 2941 an
758 2879 881 2962 siliquas
902 2879 1092 2957 leguminum
1111 2879 1237 2944 Arabica

95 2969 203 3048 lingua
217 2969 363 3064 appellat,
384 2986 448 3027 non
463 2966 553 3028 facile
570 2964 712 3027 dixerim:
733 2962 808 3026 illud
822 2963 904 3038 scio,
927 2965 1069 3028 arborem
1082 2959 1238 3050 κεράτιον

96 3055 166 3116 sive
180 3051 239 3115 sili
263 3072 354 3131 uam,
377 3049 557 3135 descriptam
572 3072 590 3112 a
604 3047 722 3113 Galeno
737 3060 768 3110 et
781 3046 957 3111 Dioscoridi
969 3049 1047 3112 libro
1082 3051 1170 3128 nmo,
1185 3072 1237 3113 ca-

94 3138 161 3224 pite
184 3073 297 3215 CLlX,
318 3138 351 3198 in
372 3136 455 3198 libris
473 3135 665 3197 medicorum
684 3135 818 3197 Arabum
839 3131 899 3195 dici
920 3072 1093 3211 cbarnudr
1113 3133 1183 3205 Itali
1198 3146 1287 3208 et265

96 3220 181 3287 Galli
194 3223 354 3285 Arabicam
367 3242 479 3287 vocem
495 3222 625 3284 retinent
638 3221 746 3284 leviter
762 3217 912 3281 detortam
924 3229 956 3281 et
970 3219 1055 3284 litera
1068 3241 1091 3282 n
1104 3218 1234 3300 ademta,

95 3329 193 3394 quarn
211 3318 314 3385 contra
331 3307 444 3369 Arabes
465 3317 504 3370 et·
517 3304 588 3389 Syri
605 3306 707 3373 multis
725 3304 908 3368 dictionibus
926 3306 1027 3368 solent
1042 3303 1172 3386 adjicere
1191 3303 1303 3380 actm)

94 3394 251 3475 legitimas
262 3391 416 3461 radicalcs.
632 3469 634 3472 y

184 3480 233 3555 Et
249 3474 383 3565 grandi
395 3482 502 3560 pocta
521 3473 701 3561 polentas]
729 3473 834 3555 Quam
855 3473 956 3540 Latini
973 3473 1157 3564 poleniam
1175 3498 1235 3544 vo-

86 3574 183 3653 -cang,
210 3560 323 3647 Graeciv
346 3564 506 3647 scriptores
540 3555 689 3643 ἀλφίτων
717 3562 920 3648 appellatione
942 3561 1100 3645 designare
1125 3567 1235 3644 solent,

95 3650 170 3737 qula
183 3670 225 3713 ex
237 3647 354 3717 hordeo
377 3669 446 3710 eam
463 3647 629 3726 iaciebant,
650 3658 685 3709 ut
708 3650 800 3710 etiam
817 3670 857 3711 ex
873 3647 1075 3735 descriptione
1096 3649 1234 3712 Pliniana

94 3744 225 3823 apparet
239 3734 309 3799 libri
321 3732 434 3796 XVIH
447 3733 543 3817 capite
556 3731 703 3817 septim03
725 3736 819 3813 vulgo
831 3726 1000 3815 ‚farinam
1018 3730 1143 3797 bordei
1163 3755 1234 3798 ver-

93 3832 183 3899 arnt,
205 3816 261 3883 'sed
272 3820 349 3881 inter
360 3816 518 3903 polentam
530 3817 597 3880 sive
610 3812 732 3900 ἄλφιτα
744 3829 775 3881 et
788 3818 919 3881 farinam
939 3816 1049 3882 hordei
1066 3817 1231 3891 discum

95 3916 180 3984 erat,
202 3902 284 3985 quod
299 3899 420 3984 ἄλφιτα
436 3904 634 3980 torrebantur,
647 3915 681 3965 ut
690 3904 781 3974 docet
790 3902 875 3967 idem
886 3903 1012 3990 scriptor
1024 3905 1102 3972 libro
1119 3903 1231 3984 XXII,

95 3991 196 4077 capite
208 3989 327 4070 XXV3
351 3987 461 4068 [‚,adde
476 3987 562 4066 Virg.
573 3987 649 4050 Aen.
663 3986 688 4066 l,
703 3993 778 4065 1833
799 3987 894 4052 ovid.
905 3988 983 4052 Met.
999 3989 1041 4069 V,
1052 3987 1229 4070 460.“Pt]

95 4099 137 4138 ex
148 4077 203 4138 illo
221 4096 398 4154 cognosces,
421 4093 513 4157 quam
529 4072 667 4158 apposite
682 4074 715 4135 in
731 4072 930 4159 descriptione
941 4067 1130 4159 Ἑλληνικῆς
1145 4069 1231 4156 ἄγω·

93 4163 157 4244 γῆς
169 4162 311 4247 polentae
323 4159 514 4222 meminerit:
535 4180 599 4219 non
612 4159 683 4242 quia
697 4159 784 4247 panis
797 4154 1000 4230 Graecanicas
1012 4161 1102 4223 fuerit
1118 4161 1230 4244 p'olen-

93 4258 142 4325 ta,
170 4258 204 4308 ut
223 4244 347 4331 quidam
367 4244 528 4325 scribonis
545 4241 685 4307 Romana
708 4245 791 4308 enim
810 4256 841 4307 et
860 4266 909 4311 res
925 4257 1023 4310 estet
1042 4245 1150 4325 dicti03
1173 4242 1230 4308 sed

91 4333 167 4418 qnia
177 4334 333 4419 polentam
348 4331 495 4399 usitabant
510 4330 562 4416 qui
573 4330 702 4395 tenuiter
714 4331 877 4414 vivebant,
892 4342 933 4401 ut
949 4331 983 4396 bi
1003 4330 1247 4423 philosophiget,
