2700 4972
353 278 415 393 io
444 322 614 395 parsu
643 325 870 423 surram
899 330 961 397 ιν.
1069 308 1074 319 ’
1106 328 1120 359 -’
1170 332 1265 419 ειν,

93 498 149 568 dari
172 496 214 566 τὸ
232 499 326 586 βῆμα
342 496 525 586 λαβόμενος
543 496 680 586 ἐροίμην
699 512 730 565 et
750 522 865 588 quaes
926 492 1030 585 untur3
1062 522 1171 569 vemm
1191 503 1236 566 ibi

94 591 200 676 paullo
214 587 469 651 alitersocrates:
493 600 641 674 provocat
662 590 745 651 enim
762 572 876 652 Alcibia
900 610 951 651 ern
971 588 1036 651 non
1058 588 1098 651 ad
1122 588 1236 653 sedan-

95 676 170 753 dam
183 677 421 737 tumultuantem
440 677 580 760 plebem,
610 673 666 737 sed
684 673 724 736 ad
743 674 866 737 comitia
877 676 985 776 populi
1005 674 1044 737 de
1064 676 1236 760 publicare

95 752 307 840 deliberantis,
329 761 390 822 hoc
410 771 456 823 est
476 760 515 822 de
531 762 614 824 bello
629 756 679 821 aut
692 780 769 846 pace
787 763 838 825 rel
860 762 1027 841 similibus3
1044 757 1236 847 plebecula

96 848 173 910 dixit
190 844 231 909 de
244 847 496 921 tumultuantibus
511 857 541 908 et
555 845 740 908 seditionem
753 850 950 911 moventibus
970 850 1114 955 loquens,
1138 850 1236 912 verbo

97 934 272 1019 exprimens
286 931 370 1017 quod
383 933 519 1018 pluribus
535 931 762 995 Demosthenes
780 934 820 1018 [p.
835 937 908 1038 8883
928 933 982 1037 bl!
1002 956 1021 998 ο
1042 928 1161 1017 δῆμός,
1185 934 1240 1010 ait,

97 1017 185 1084 ἐστιν
200 1014 313 1101 ὄχλος,
336 1011 630 1101 ἀσταθμητότατον
648 1021 784 1101 πρᾶγμα
798 1020 867 1081 τοῖν
886 1040 1045 1084 αιταντων
1064 1016 1121 1082 καὶ
1136 1012 1237 1083 ἄσαν-

98 1098 277 1170 ετοίτατονι
307 1102 439 1166 eandem
484 1104 567 1190 opuli
586 1105 741 1168 levitatem
762 1103 895 1171 ostendit
915 1105 1130 1192 Aristophanes
1150 1107 1238 1170 simi-

97 1193 175 1256 libus
188 1189 431 1276 hypocorismis‚
455 1126 611 1273 deciduos
631 1203 661 1253 et
674 1184 849 1273 γερόντιον
861 1213 953 1288 saepe
965 1194 1140 1255 nominans.
1189 1226 1195 1239 ·

182 1282 215 1341 ’1.
236 1271 325 1339 Fert
345 1273 484 1337 animus
498 1272 636 1352 calidae
651 1274 785 1364 jecisse
809 1275 952 1342 silentia
976 1275 1098 1342 turbae
1119 1275 1240 1361 Maje⁴

100 1368 189 1425 state
209 1360 369 1441 manu-si]
391 1360 477 1426 Fert
496 1358 636 1424 animus
650 1385 715 1425 non
732 1364 775 1435 ita
794 1364 864 1426 heic
884 1360 1111 1451 accipiendum,
1132 1375 1167 1426 ut
1181 1365 1242 1427 ini-

100 1449 142 1513 tio
162 1446 425 1533 Metamorphosr
1220 1462 1223 1467 '

100 1542 135 1601 .'
184 1532 229 1599 iu
243 1552 334 1597 αονιι
348 1528 596 1616 sertertimus:
881 1594 883 1599 .

102 1638 173 1685 nam
199 1619 245 1683 ibi
268 1619 419 1700 significat
432 1616 652 1702 διανοοῦμαι,
678 1615 830 1702 instrui.-
849 1621 920 1684 heic
932 1633 978 1684 est
989 1620 1135 1685 fiduciam
1145 1624 1243 1686 habes
1282 1684 1285 1693 ,

103 1726 172 1769 eam
200 1704 262 1783 tui,
291 1716 327 1766 ut
349 1702 411 1767 h'oc
434 1716 465 1767 te
489 1726 582 1791 posse
606 1718 768 1791 praestare
784 1708 911 1793 speres?
931 1748 934 1755 ·
959 1707 1144 1785 Ammianus
1164 1709 1244 1771 libro

103 1789 230 1857 XXVI.
254 1790 299 1871 [2]
321 1786 360 1853 de
373 1790 591 1854 Valentiniano
604 1791 788 1854 seditionem
801 1805 1032 1879 compescente:
1055 1791 1152 1855 elatu
1161 1814 1245 1879 pro-

105 1896 120 1939 s
143 1892 205 1941 ere
218 1872 345 1939 deutra
360 1885 400 1938 ut
410 1875 573 1961 princeps
582 1871 724 1961 fiducia
735 1874 864 1963 plenus
886 1876 993 1959 [edd.:
1015 1876 1051 1941 vi
1069 1876 1246 1966 principis

98 1896 271 2054 sipiani]
295 1980 403 2024 ausus
420 1959 602 2046 increpare
622 1958 791 2047 quosdam
812 1970 851 2027 ut
874 1960 1058 2026 seditiosos
1077 1974 1112 2028 et
1125 1963 1245 2050 perti-

106 2069 217 2116 naces.
229 2080 274 2097 -
288 2044 435 2112 Calidae
446 2047 582 2122 turbae,
599 2046 692 2134 δήμῳ
702 2043 926 2134 desudavisse
941 2046 1076 2134 σφόδρα
1089 2070 1246 2130 ταραττο·
1298 2066 1306 2087 ⁴

104 2132 210 2219 piros.-
232 2132 273 2200 de
287 2135 375 2196 omni
392 2134 626 2199 vehementiore
648 2134 769 2199 actione
788 2133 905 2199 calere
924 2146 955 2200 et
972 2131 1115 2223 fervere
1137 2134 1247 2201 Graeci

104 2221 263 2308 Latinique
277 2232 415 2285 auctores
430 2232 586 2318 usurpant.

186 2310 218 2373 8.
242 2302 382 2369 Fecisse
398 2303 541 2369 silentia
554 2302 747 2391 Maiestate
761 2304 908 2388 manus]
928 2307 1070 2372 Lucanus
1088 2306 1166 2371 libro
1184 2307 1247 2395 pri-

104 2410 154 2458 rno
171 2388 213 2457 de
228 2390 311 2457 Julio
326 2390 457 2479 Caesare
472 2390 578 2474 [298]:
837 2472 846 2481 -
1126 2472 1130 2481 1
1247 2383 1300 2441 ³24
1332 2428 1334 2432 ,

843 2476 1033 2542 'tumultum
1114 2500 1117 2509 ·

189 2554 393 2647 cbmpocuit
413 2560 514 2627 vultu
536 2558 729 2649 dextraque
752 2560 893 2628 silentia
910 2561 1031 2651 jussit.

106 2648 273 2715 Oratomm
294 2649 345 2711 hic
365 2670 435 2712 mos
457 2661 521 2711 erat
546 2661 575 2713 et
597 2650 741 2729 aliorum,
765 2652 878 2737 quipe
901 2653 986 2714 ulum
1010 2652 1249 2736 alloquebantur,

106 2748 137 2798 ut
152 2756 250 2798 manu
268 2744 407 2821 porrecta
426 2733 614 2798 audientiam
634 2738 784 2816 facerent,
833 2672 899 2799 uod
919 2734 1029 2800 Graeci
1051 2734 1155 2798 dicunt
1170 2729 1249 2819 ἡσυ-

105 2816 217 2906 χάζειν
237 2831 268 2883 et
284 2814 512 2901 ιιατασὶνὰζειν
529 2816 589 2885 τὰν
603 2818 687 2885 λεών
703 2824 745 2906 τῇ
758 2759 840 2904 guid
855 2824 907 2885 rel
930 2819 1179 2886 uataotittuv:
1205 2822 1250 2885 sic

106 2907 278 2985 in.Actibu's
292 2906 508 2992 Apostolorum
528 2906 569 2970 D.
588 2906 700 2970 Paulus
721 2911 816 2972 verba
838 2911 969 2971 facturus
986 2906 1094 2970 dicitur
1110 2905 1252 2971 ἐκτεῖναι

108 2988 170 3077 τήν
184 2996 280 3077 χεῖρα
298 3004 329 3055 et
350 2992 536 3070 κατασείειν
557 2996 598 3077 τῇ
614 2992 698 3076 χειρί
719 2993 832 3074 [ΧΧΙ,
855 2991 933 3075 40]ι
955 2995 998 3056 sic
1018 2994 1103 3056 enim
1121 2995 1253 3078 loquitur

109 3080 208 3143 Lucas
222 3076 435 3159 Evangelista3
458 3080 489 3140 in
515 3080 613 3166 prima
635 3079 806 3142 Herodiani
823 3078 860 3156 [c.
876 3080 909 3161 9]
929 3079 1032 3167 prodit
1050 3080 1253 3164 philosophus
1295 3108 1298 3113 ·

109 3166 141 3228 in
154 3166 327 3243 thermu,
350 3187 420 3227 cum
434 3186 514 3244 agon
529 3163 706 3250 Capitilinus
731 3167 945 3245 celebraretur,
966 3166 1014 3247 τῷ
1028 3184 1062 3227 τε
1075 3166 1134 3247 τῆς
1146 3159 1255 3246 χειρός

110 3244 251 3334 νεύματι
264 3246 327 3314 τὸν
341 3249 449 3334 δῆμον
467 3248 680 3333 κατασιγάζει.
724 3248 761 3315 In
781 3250 938 3313 Hadriano
951 3250 1108 3337 Xiphilini
1124 3250 1164 3334 [p.
1181 3254 1254 3315 353.

112 3336 162 3400 ed.
181 3336 283 3419 sylb]
303 3338 386 3417 legas
407 3358 575 3423 praecones
591 3339 707 3423 populo
726 3337 881 3400 silentium
898 3358 993 3398 manu
1013 3357 1151 3422 semper,
1173 3356 1255 3396 nun-

112 3444 206 3509 quam
226 3424 450 3496 voce,¹solitos
470 3423 631 3508 imperare.
674 3420 748 3485 Erat
768 3434 871 3484 autem
889 3422 1077 3486 consuetudo
1099 3433 1255 3483 oratorum

113 3530 184 3572 cum
195 3503 336 3571 dextram
346 3510 556 3595 porrigebant,
583 3520 615 3570 ut
629 3507 749 3572 duobus
769 3509 883 3572 infimis
898 3510 1049 3571 conclusis
1064 3507 1165 3589 digitis
1185 3528 1255 3568 cae-

112 3606 194 3659 teros
207 3595 379 3658 eminentes
393 3595 593 3680 porrigerent:
617 3594 701 3679 quod
719 3606 862 3657 testatum
881 3596 1001 3679 reliquit
1019 3593 1163 3680 Apuleius
1177 3594 1255 3656 libro

113 3679 145 3744 II
160 3686 204 3767 [p.
218 3677 378 3767 39.'Bip.].
422 3681 505 3743 Alius
521 3682 580 3742 fuit
591 3702 662 3744 mos
680 3680 834 3744 silentium
849 3679 1007 3743 indicendi
1023 3680 1257 3764 concrepatione

115 3766 291 3848 digitorum.
334 3766 543 3849 Hieronymus
565 3765 605 3828 ad
625 3764 787 3831 Rusticum
804 3768 1011 3828 monachum:
1035 3786 1114 3828 eunt
1137 3781 1259 3826 measa

113 3852 231 3939 posita
259 3848 429 3914 librorum
456 3850 673 3937 exposuisset
703 3858 849 3925 struem,
890 3849 1041 3914 adducto
1072 3872 1112 3912 sa
1139 3845 1258 3911 ercilio

117 3936 372 4023 contractisque
399 3936 543 4002 naribus
568 3960 611 4000 ac
629 3933 752 4022 fronte
777 3957 820 4001 ru
845 3934 1068 4007 ataduobus
1097 3871 1285 4024 aigitatis·

117 4021 362 4109 concrepabat,
391 4022 457 4088 boc
484 4023 585 4112 siguo
606 4019 656 4085 ad
679 3958 895 4086 audiendum
919 4021 1107 4106 discipulos
1125 4041 1258 4108 provo-

117 4132 220 4184 cans‚·
241 4111 286 4175 sic
301 4112 353 4196 qui
370 4111 529 4196 aliquidin
549 4132 656 4174 aurern
671 4108 829 4189 dicebant,
858 4121 892 4171 ut
912 4132 977 4172 rem
998 4111 1119 4173 silentio
1135 4108 1260 4195 dignam

116 4218 185 4262 esse
199 4194 383 4277 indicarent,
406 4197 506 4279 digitis
518 4197 758 4282 concrepabant,
782 4206 858 4259 teste
873 4195 986 4265 eodem
999 4196 1204 4276 Hieronymo.

202 4286 235 4348 9.
259 4278 358 4359 Hoc,
383 4280 586 4369 patefacti
601 4280 742 4368 justum
767 4289 833 4360 est,
867 4278 960 4344 illud
976 4270 1092 4351 ¹male,
1131 4273 1260 4340 rectius

118 4365 235 4453 usust]
256 4366 305 4433 Ita
319 4370 520 4433 membranae
530 4367 695 4449 Bongarsii
712 4367 743 4445 [5
757 4367 849 4446 teu,
869 4369 901 4431 in
919 4367 1002 4453 quib.
1024 4364 1165 4453 optimil,
1197 4382 1260 4424 non

116 4446 216 4542 puto.
276 4454 446 4519 Priscianus
478 4453 569 4519 -bbro
604 4453 688 4519 XV·
720 4451 760 4516 de
789 4454 1003 4519 terminatione
1036 4450 1254 4525 adverbiorum
1337 4462 1342 4467 “
