<?xml version="1.0" encoding="UTF-8"?>
<!DOCTYPE html PUBLIC "-//W3C//DTD XHTML 1.0 Transitional//EN"
    "http://www.w3.org/TR/xhtml1/DTD/xhtml1-transitional.dtd">
<html xmlns="http://www.w3.org/1999/xhtml" xml:lang="en" lang="en">
 <head>
  <title>
</title>
<meta http-equiv="Content-Type" content="text/html;charset=utf-8" />
  <meta name='ocr-system' content='tesseract 3.04.00' />
  <meta name='ocr-capabilities' content='ocr_page ocr_carea ocr_par ocr_line ocrx_word'/>
</head>
<body>
  <div class='ocr_page' id='page_1' title='image "./satirarumliber00persgoog_0098.png"; bbox 0 0 2700 4972; ppageno 0'>
   <div class='ocr_carea' id='block_1_1' title="bbox 310 308 1236 438">
    <p class='ocr_par' dir='ltr' id='par_1_1' title="bbox 310 308 1236 438">
     <span class='ocr_line' id='line_1_1' title="bbox 310 308 1236 438; baseline 0.001 -1"><span class='ocrx_word' id='word_1_1' title='bbox 310 364 375 437; x_wconf 75' lang='lat' dir='ltr'>ro</span> <span class='ocrx_word' id='word_1_2' title='bbox 395 365 569 434; x_wconf 83' lang='lat' dir='ltr'>rsasfl</span> <span class='ocrx_word' id='word_1_3' title='bbox 590 308 690 433; x_wconf 74' lang='lat' dir='ltr'>sar.</span> <span class='ocrx_word' id='word_1_4' title='bbox 711 354 1007 437; x_wconf 80' lang='lat' dir='ltr'>raotosou.</span> <span class='ocrx_word' id='word_1_5' title='bbox 1144 316 1145 321; x_wconf 8' lang='grc' dir='ltr'><strong><em>Ν</em></strong></span> <span class='ocrx_word' id='word_1_6' title='bbox 1193 373 1236 438; x_wconf 76' lang='grc' dir='ltr'>ιτ</span> 
     </span>
    </p>
   </div>
   <div class='ocr_carea' id='block_1_2' title="bbox 92 531 1347 4633">
    <p class='ocr_par' dir='ltr' id='par_1_2' title="bbox 94 531 1300 1733">
     <span class='ocr_line' id='line_1_2' title="bbox 99 531 1237 620; baseline 0.008 -21"><span class='ocrx_word' id='word_1_7' title='bbox 99 547 126 599; x_wconf 85' lang='lat' dir='ltr'>te</span> <span class='ocrx_word' id='word_1_8' title='bbox 148 533 262 602; x_wconf 83' lang='lat' dir='ltr'>diluvii</span> <span class='ocrx_word' id='word_1_9' title='bbox 282 531 416 620; x_wconf 77' lang='grc' dir='ltr'><strong><em>λάρναξ,</em></strong></span> <span class='ocrx_word' id='word_1_10' title='bbox 437 539 499 602; x_wconf 93' lang='lat' dir='ltr'>hoc</span> <span class='ocrx_word' id='word_1_11' title='bbox 516 549 562 604; x_wconf 86' lang='lat' dir='ltr'>est</span> <span class='ocrx_word' id='word_1_12' title='bbox 574 556 660 618; x_wconf 83' lang='lat' dir='ltr'>arca,</span> <span class='ocrx_word' id='word_1_13' title='bbox 683 539 879 605; x_wconf 76' lang='lat' dir='ltr'><strong>constitisset:</strong></span> <span class='ocrx_word' id='word_1_14' title='bbox 898 563 957 606; x_wconf 90' lang='lat' dir='ltr'>nos</span> <span class='ocrx_word' id='word_1_15' title='bbox 972 539 1044 604; x_wconf 84' lang='lat' dir='ltr'>alibi</span> <span class='ocrx_word' id='word_1_16' title='bbox 1059 538 1237 608; x_wconf 81' lang='lat' dir='ltr'>dicebamus</span> 
     </span>
     <span class='ocr_line' id='line_1_3' title="bbox 99 620 1235 712; baseline 0.005 -25"><span class='ocrx_word' id='word_1_17' title='bbox 99 634 128 687; x_wconf 88' lang='lat' dir='ltr'>et</span> <span class='ocrx_word' id='word_1_18' title='bbox 146 620 315 688; x_wconf 87' lang='lat' dir='ltr'>Boeotidis</span> <span class='ocrx_word' id='word_1_19' title='bbox 337 637 368 688; x_wconf 88' lang='lat' dir='ltr'>et</span> <span class='ocrx_word' id='word_1_20' title='bbox 387 626 507 689; x_wconf 85' lang='lat' dir='ltr'>vicinae</span> <span class='ocrx_word' id='word_1_21' title='bbox 524 625 684 689; x_wconf 83' lang='lat' dir='ltr'>Phocidis.</span> <span class='ocrx_word' id='word_1_22' title='bbox 710 626 833 712; x_wconf 79' lang='lat' dir='ltr'>leraqrre</span> <span class='ocrx_word' id='word_1_23' title='bbox 853 629 923 691; x_wconf 91' lang='lat' dir='ltr'>loca</span> <span class='ocrx_word' id='word_1_24' title='bbox 944 648 962 690; x_wconf 91' lang='lat' dir='ltr'>a</span> <span class='ocrx_word' id='word_1_25' title='bbox 978 626 1096 691; x_wconf 87' lang='lat' dir='ltr'>Cadmo</span> <span class='ocrx_word' id='word_1_26' title='bbox 1118 640 1149 692; x_wconf 91' lang='lat' dir='ltr'>et</span> <span class='ocrx_word' id='word_1_27' title='bbox 1167 630 1235 693; x_wconf 85' lang='lat' dir='ltr'>aliis</span> 
     </span>
     <span class='ocr_line' id='line_1_4' title="bbox 98 649 1235 793; baseline 0.005 -22"><span class='ocrx_word' id='word_1_28' title='bbox 98 708 309 774; x_wconf 78' lang='lat' dir='ltr'>Phoenicibus</span> <span class='ocrx_word' id='word_1_29' title='bbox 329 722 381 774; x_wconf 90' lang='lat' dir='ltr'>aut</span> <span class='ocrx_word' id='word_1_30' title='bbox 404 709 489 792; x_wconf 80' lang='lat' dir='ltr'>Syris</span> <span class='ocrx_word' id='word_1_31' title='bbox 509 713 606 775; x_wconf 82' lang='lat' dir='ltr'>fuisse</span> <span class='ocrx_word' id='word_1_32' title='bbox 628 649 767 777; x_wconf 77' lang='lat' dir='ltr'>condita:</span> <span class='ocrx_word' id='word_1_33' title='bbox 790 714 955 793; x_wconf 80' lang='lat' dir='ltr'>cujus-rei,</span> <span class='ocrx_word' id='word_1_34' title='bbox 976 713 1096 789; x_wconf 79' lang='lat' dir='ltr'>etiamsi</span> <span class='ocrx_word' id='word_1_35' title='bbox 1115 710 1235 778; x_wconf 86' lang='lat' dir='ltr'>Plutar-</span> 
     </span>
     <span class='ocr_line' id='line_1_5' title="bbox 97 796 1236 885; baseline 0.007 -28"><span class='ocrx_word' id='word_1_36' title='bbox 97 796 174 857; x_wconf 86' lang='lat' dir='ltr'>chus</span> <span class='ocrx_word' id='word_1_37' title='bbox 196 806 291 881; x_wconf 88' lang='lat' dir='ltr'>atque</span> <span class='ocrx_word' id='word_1_38' title='bbox 312 797 364 859; x_wconf 89' lang='lat' dir='ltr'>alii</span> <span class='ocrx_word' id='word_1_39' title='bbox 381 797 517 859; x_wconf 80' lang='lat' dir='ltr'>historici</span> <span class='ocrx_word' id='word_1_40' title='bbox 536 798 703 876; x_wconf 83' lang='lat' dir='ltr'>siluissent,</span> <span class='ocrx_word' id='word_1_41' title='bbox 732 799 951 883; x_wconf 71' lang='lat' dir='ltr'>appellationes</span> <span class='ocrx_word' id='word_1_42' title='bbox 976 810 1081 877; x_wconf 83' lang='lat' dir='ltr'>tamen</span> <span class='ocrx_word' id='word_1_43' title='bbox 1096 799 1236 885; x_wconf 89' lang='lat' dir='ltr'>ipsorum</span> 
     </span>
     <span class='ocr_line' id='line_1_6' title="bbox 97 880 1235 964; baseline 0.006 -21"><span class='ocrx_word' id='word_1_44' title='bbox 97 881 298 944; x_wconf 84' lang='lat' dir='ltr'>manifestam</span> <span class='ocrx_word' id='word_1_45' title='bbox 312 880 410 944; x_wconf 87' lang='lat' dir='ltr'>fidem</span> <span class='ocrx_word' id='word_1_46' title='bbox 430 884 585 946; x_wconf 84' lang='lat' dir='ltr'>facerent:</span> <span class='ocrx_word' id='word_1_47' title='bbox 607 885 646 945; x_wconf 89' lang='lat' dir='ltr'>ab</span> <span class='ocrx_word' id='word_1_48' title='bbox 659 904 695 945; x_wconf 93' lang='lat' dir='ltr'>ea</span> <span class='ocrx_word' id='word_1_49' title='bbox 709 885 826 964; x_wconf 84' lang='lat' dir='ltr'>origine</span> <span class='ocrx_word' id='word_1_50' title='bbox 841 896 888 947; x_wconf 91' lang='lat' dir='ltr'>est</span> <span class='ocrx_word' id='word_1_51' title='bbox 901 885 973 947; x_wconf 90' lang='lat' dir='ltr'>huic</span> <span class='ocrx_word' id='word_1_52' title='bbox 989 886 1090 948; x_wconf 90' lang='lat' dir='ltr'>monti</span> <span class='ocrx_word' id='word_1_53' title='bbox 1101 907 1235 951; x_wconf 83' lang='lat' dir='ltr'>nomen:</span> 
     </span>
     <span class='ocr_line' id='line_1_7' title="bbox 98 963 1235 1056; baseline 0.009 -30"><span class='ocrx_word' id='word_1_54' title='bbox 98 980 175 1029; x_wconf 66' lang='lat' dir='ltr'>uras</span> <span class='ocrx_word' id='word_1_55' title='bbox 200 965 337 1039; x_wconf 79' lang='lat' dir='ltr'>Parnes</span> <span class='ocrx_word' id='word_1_56' title='bbox 359 967 445 1050; x_wconf 89' lang='lat' dir='ltr'>Syris</span> <span class='ocrx_word' id='word_1_57' title='bbox 466 980 513 1031; x_wconf 87' lang='lat' dir='ltr'>est</span> <span class='ocrx_word' id='word_1_58' title='bbox 536 963 665 1052; x_wconf 76' lang='grc' dir='ltr'><strong><em>νέμεινε</em></strong></span> <span class='ocrx_word' id='word_1_59' title='bbox 695 981 725 1032; x_wconf 88' lang='lat' dir='ltr'>et</span> <span class='ocrx_word' id='word_1_60' title='bbox 747 985 847 1049; x_wconf 64' lang='lat' dir='ltr'>pausas</span> <span class='ocrx_word' id='word_1_61' title='bbox 862 969 1056 1056; x_wconf 70' lang='lat' dir='ltr'>parnasia,</span> <span class='ocrx_word' id='word_1_62' title='bbox 1078 982 1235 1056; x_wconf 86' lang='lat' dir='ltr'>pastores:</span> 
     </span>
     <span class='ocr_line' id='line_1_8' title="bbox 95 1050 1236 1138; baseline 0.006 -25"><span class='ocrx_word' id='word_1_63' title='bbox 95 1050 173 1113; x_wconf 88' lang='lat' dir='ltr'>inde</span> <span class='ocrx_word' id='word_1_64' title='bbox 189 1050 358 1117; x_wconf 81' lang='lat' dir='ltr'>Parnassus</span> <span class='ocrx_word' id='word_1_65' title='bbox 377 1051 413 1117; x_wconf 80' lang='lat' dir='ltr'>ui</span> <span class='ocrx_word' id='word_1_66' title='bbox 432 1051 549 1137; x_wconf 75' lang='grc' dir='ltr'><strong><em>νομαίι</em></strong></span> <span class='ocrx_word' id='word_1_67' title='bbox 572 1056 766 1119; x_wconf 88' lang='lat' dir='ltr'>sicmontem</span> <span class='ocrx_word' id='word_1_68' title='bbox 786 1053 942 1136; x_wconf 87' lang='lat' dir='ltr'>dixerunt,</span> <span class='ocrx_word' id='word_1_69' title='bbox 963 1057 1017 1121; x_wconf 92' lang='lat' dir='ltr'>ubi</span> <span class='ocrx_word' id='word_1_70' title='bbox 1038 1072 1144 1138; x_wconf 79' lang='lat' dir='ltr'>greges</span> <span class='ocrx_word' id='word_1_71' title='bbox 1162 1079 1236 1120; x_wconf 88' lang='lat' dir='ltr'>suos</span> 
     </span>
     <span class='ocr_line' id='line_1_9' title="bbox 96 1136 1235 1228; baseline 0.004 -28"><span class='ocrx_word' id='word_1_72' title='bbox 96 1139 287 1223; x_wconf 66' lang='lat' dir='ltr'>pascebant,</span> <span class='ocrx_word' id='word_1_73' title='bbox 301 1140 440 1209; x_wconf 89' lang='lat' dir='ltr'>similiter</span> <span class='ocrx_word' id='word_1_74' title='bbox 460 1160 478 1202; x_wconf 90' lang='lat' dir='ltr'>a</span> <span class='ocrx_word' id='word_1_75' title='bbox 498 1142 594 1203; x_wconf 81' lang='lat' dir='ltr'>verbo</span> <span class='ocrx_word' id='word_1_76' title='bbox 614 1154 687 1218; x_wconf 67' lang='lat' dir='ltr'>psas</span> <span class='ocrx_word' id='word_1_77' title='bbox 704 1136 848 1225; x_wconf 73' lang='lat' dir='ltr'>prarnuk</span> <span class='ocrx_word' id='word_1_78' title='bbox 867 1141 935 1206; x_wconf 78' lang='lat' dir='ltr'>sive</span> <span class='ocrx_word' id='word_1_79' title='bbox 947 1140 1116 1228; x_wconf 77' lang='lat' dir='ltr'>plreraak</span> <span class='ocrx_word' id='word_1_80' title='bbox 1129 1144 1187 1205; x_wconf 87' lang='lat' dir='ltr'>fuit</span> <span class='ocrx_word' id='word_1_81' title='bbox 1202 1143 1235 1205; x_wconf 90' lang='lat' dir='ltr'>in</span> 
     </span>
     <span class='ocr_line' id='line_1_10' title="bbox 95 1223 1236 1314; baseline 0.006 -28"><span class='ocrx_word' id='word_1_82' title='bbox 95 1223 169 1286; x_wconf 78' lang='lat' dir='ltr'>Asia</span> <span class='ocrx_word' id='word_1_83' title='bbox 191 1223 338 1287; x_wconf 90' lang='lat' dir='ltr'>usitatum</span> <span class='ocrx_word' id='word_1_84' title='bbox 361 1246 478 1287; x_wconf 91' lang='lat' dir='ltr'>nomen</span> <span class='ocrx_word' id='word_1_85' title='bbox 497 1224 684 1288; x_wconf 89' lang='lat' dir='ltr'>Pharnaces:</span> <span class='ocrx_word' id='word_1_86' title='bbox 707 1227 754 1287; x_wconf 89' lang='lat' dir='ltr'>cui</span> <span class='ocrx_word' id='word_1_87' title='bbox 771 1225 959 1313; x_wconf 87' lang='lat' dir='ltr'>respondent</span> <span class='ocrx_word' id='word_1_88' title='bbox 980 1224 1097 1291; x_wconf 87' lang='lat' dir='ltr'>Graeca</span> <span class='ocrx_word' id='word_1_89' title='bbox 1117 1225 1236 1314; x_wconf 81' lang='lat' dir='ltr'>Hedy-</span> 
     </span>
     <span class='ocr_line' id='line_1_11' title="bbox 97 1307 1236 1397; baseline 0.004 -26"><span class='ocrx_word' id='word_1_90' title='bbox 97 1307 216 1373; x_wconf 77' lang='lat' dir='ltr'>oltarie</span> <span class='ocrx_word' id='word_1_91' title='bbox 235 1320 266 1372; x_wconf 88' lang='lat' dir='ltr'>et</span> <span class='ocrx_word' id='word_1_92' title='bbox 283 1307 468 1396; x_wconf 65' lang='lat' dir='ltr'>Hedyllae3</span> <span class='ocrx_word' id='word_1_93' title='bbox 489 1331 563 1373; x_wconf 90' lang='lat' dir='ltr'>nam</span> <span class='ocrx_word' id='word_1_94' title='bbox 584 1310 696 1392; x_wconf 86' lang='lat' dir='ltr'>Syrum</span> <span class='ocrx_word' id='word_1_95' title='bbox 716 1314 847 1383; x_wconf 77' lang='lat' dir='ltr'>verbum</span> <span class='ocrx_word' id='word_1_96' title='bbox 867 1313 1017 1394; x_wconf 82' lang='lat' dir='ltr'>significat</span> <span class='ocrx_word' id='word_1_97' title='bbox 1035 1307 1236 1397; x_wconf 72' lang='grc' dir='ltr'><strong><em>ἡδυπαθεῖν.</em></strong></span> 
     </span>
     <span class='ocr_line' id='line_1_12' title="bbox 96 1391 1235 1486; baseline 0.004 -29"><span class='ocrx_word' id='word_1_98' title='bbox 96 1393 195 1458; x_wconf 87' lang='lat' dir='ltr'>Mons</span> <span class='ocrx_word' id='word_1_99' title='bbox 216 1416 342 1481; x_wconf 86' lang='lat' dir='ltr'>quoque</span> <span class='ocrx_word' id='word_1_100' title='bbox 366 1396 499 1460; x_wconf 84' lang='lat' dir='ltr'>Helicon</span> <span class='ocrx_word' id='word_1_101' title='bbox 518 1399 559 1459; x_wconf 92' lang='lat' dir='ltr'>ob</span> <span class='ocrx_word' id='word_1_102' title='bbox 580 1391 638 1473; x_wconf 53' lang='lat' dir='ltr'>,aba</span> <span class='ocrx_word' id='word_1_103' title='bbox 658 1394 774 1460; x_wconf 81' lang='lat' dir='ltr'>Halae</span> <span class='ocrx_word' id='word_1_104' title='bbox 799 1397 877 1478; x_wconf 83' lang='lat' dir='ltr'>(ire)</span> <span class='ocrx_word' id='word_1_105' title='bbox 908 1398 1029 1463; x_wconf 72' lang='lat' dir='ltr'>ridetur</span> <span class='ocrx_word' id='word_1_106' title='bbox 1054 1401 1235 1486; x_wconf 88' lang='lat' dir='ltr'>appellatus,</span> 
     </span>
     <span class='ocr_line' id='line_1_13' title="bbox 94 1479 1236 1570; baseline 0.004 -28"><span class='ocrx_word' id='word_1_107' title='bbox 94 1479 181 1565; x_wconf 87' lang='lat' dir='ltr'>quod</span> <span class='ocrx_word' id='word_1_108' title='bbox 198 1502 240 1543; x_wconf 91' lang='lat' dir='ltr'>eo</span> <span class='ocrx_word' id='word_1_109' title='bbox 255 1482 317 1544; x_wconf 90' lang='lat' dir='ltr'>loci</span> <span class='ocrx_word' id='word_1_110' title='bbox 330 1482 542 1545; x_wconf 82' lang='lat' dir='ltr'>convenirent:</span> <span class='ocrx_word' id='word_1_111' title='bbox 566 1480 730 1546; x_wconf 84' lang='lat' dir='ltr'>Cithaeron</span> <span class='ocrx_word' id='word_1_112' title='bbox 746 1504 763 1545; x_wconf 92' lang='lat' dir='ltr'>a</span> <span class='ocrx_word' id='word_1_113' title='bbox 777 1497 839 1562; x_wconf 65' lang='lat' dir='ltr'>unp</span> <span class='ocrx_word' id='word_1_114' title='bbox 849 1480 998 1565; x_wconf 71' lang='lat' dir='ltr'>Kaisar,</span> <span class='ocrx_word' id='word_1_115' title='bbox 1012 1506 1120 1570; x_wconf 77' lang='lat' dir='ltr'>rupes:</span> <span class='ocrx_word' id='word_1_116' title='bbox 1142 1487 1236 1548; x_wconf 89' lang='lat' dir='ltr'>omit-</span> 
     </span>
     <span class='ocr_line' id='line_1_14' title="bbox 94 1565 1300 1655; baseline 0.006 -28"><span class='ocrx_word' id='word_1_117' title='bbox 94 1578 129 1627; x_wconf 93' lang='lat' dir='ltr'>to</span> <span class='ocrx_word' id='word_1_118' title='bbox 143 1565 259 1629; x_wconf 86' lang='lat' dir='ltr'>similia</span> <span class='ocrx_word' id='word_1_119' title='bbox 278 1568 406 1631; x_wconf 91' lang='lat' dir='ltr'>nomina</span> <span class='ocrx_word' id='word_1_120' title='bbox 424 1567 457 1629; x_wconf 90' lang='lat' dir='ltr'>in</span> <span class='ocrx_word' id='word_1_121' title='bbox 476 1567 590 1630; x_wconf 91' lang='lat' dir='ltr'>eodem</span> <span class='ocrx_word' id='word_1_122' title='bbox 608 1579 704 1631; x_wconf 88' lang='lat' dir='ltr'>tractu</span> <span class='ocrx_word' id='word_1_123' title='bbox 723 1571 834 1644; x_wconf 87' lang='lat' dir='ltr'>multa,</span> <span class='ocrx_word' id='word_1_124' title='bbox 864 1591 942 1655; x_wconf 91' lang='lat' dir='ltr'>quae</span> <span class='ocrx_word' id='word_1_125' title='bbox 957 1568 998 1632; x_wconf 90' lang='lat' dir='ltr'>ad</span> <span class='ocrx_word' id='word_1_126' title='bbox 1020 1569 1152 1634; x_wconf 88' lang='lat' dir='ltr'>eandem</span> <span class='ocrx_word' id='word_1_127' title='bbox 1174 1571 1237 1634; x_wconf 85' lang='lat' dir='ltr'>ori-</span> <span class='ocrx_word' id='word_1_128' title='bbox 1298 1648 1300 1653; x_wconf 68' lang='lat'>,</span> 
     </span>
     <span class='ocr_line' id='line_1_15' title="bbox 95 1652 1046 1733; baseline 0.005 -20"><span class='ocrx_word' id='word_1_129' title='bbox 95 1652 205 1733; x_wconf 84' lang='lat' dir='ltr'>ginem</span> <span class='ocrx_word' id='word_1_130' title='bbox 221 1653 313 1715; x_wconf 83' lang='lat' dir='ltr'>facile</span> <span class='ocrx_word' id='word_1_131' title='bbox 332 1654 422 1715; x_wconf 88' lang='lat' dir='ltr'>fuerit</span> <span class='ocrx_word' id='word_1_132' title='bbox 437 1674 600 1718; x_wconf 82' lang='lat' dir='ltr'>revocare:</span> <span class='ocrx_word' id='word_1_133' title='bbox 621 1652 677 1717; x_wconf 92' lang='lat' dir='ltr'>sed</span> <span class='ocrx_word' id='word_1_134' title='bbox 698 1656 775 1716; x_wconf 91' lang='lat' dir='ltr'>haec</span> <span class='ocrx_word' id='word_1_135' title='bbox 791 1655 866 1717; x_wconf 90' lang='lat' dir='ltr'>alius</span> <span class='ocrx_word' id='word_1_136' title='bbox 883 1667 960 1721; x_wconf 86' lang='lat' dir='ltr'>sunt,</span> <span class='ocrx_word' id='word_1_137' title='bbox 975 1657 1046 1718; x_wconf 86' lang='lat' dir='ltr'>loci.</span> 
     </span>
    </p>

    <p class='ocr_par' dir='ltr' id='par_1_3' title="bbox 93 1735 1302 2593">
     <span class='ocr_line' id='line_1_16' title="bbox 175 1735 1236 1827; baseline 0 -24"><span class='ocrx_word' id='word_1_138' title='bbox 175 1742 218 1803; x_wconf 77' lang='lat'>&#39;3-</span> <span class='ocrx_word' id='word_1_139' title='bbox 253 1735 300 1800; x_wconf 78' lang='lat' dir='ltr'>Ut</span> <span class='ocrx_word' id='word_1_140' title='bbox 316 1747 453 1824; x_wconf 79' lang='lat' dir='ltr'>repente</span> <span class='ocrx_word' id='word_1_141' title='bbox 464 1737 513 1801; x_wconf 84' lang='lat' dir='ltr'>sic</span> <span class='ocrx_word' id='word_1_142' title='bbox 524 1742 631 1825; x_wconf 75' lang='lat' dir='ltr'>poe‘to</span> <span class='ocrx_word' id='word_1_143' title='bbox 642 1737 846 1825; x_wconf 62' lang='lat' dir='ltr'>prodirem]</span> <span class='ocrx_word' id='word_1_144' title='bbox 868 1739 948 1803; x_wconf 87' lang='lat' dir='ltr'>Mira</span> <span class='ocrx_word' id='word_1_145' title='bbox 960 1740 1115 1827; x_wconf 89' lang='lat' dir='ltr'>emphasis</span> <span class='ocrx_word' id='word_1_146' title='bbox 1134 1740 1167 1802; x_wconf 91' lang='lat' dir='ltr'>in</span> <span class='ocrx_word' id='word_1_147' title='bbox 1186 1740 1236 1803; x_wconf 90' lang='lat' dir='ltr'>his</span> 
     </span>
     <span class='ocr_line' id='line_1_17' title="bbox 96 1823 1302 1908; baseline 0.003 -19"><span class='ocrx_word' id='word_1_148' title='bbox 96 1823 217 1889; x_wconf 79' lang='lat' dir='ltr'>verbis:</span> <span class='ocrx_word' id='word_1_149' title='bbox 238 1844 303 1886; x_wconf 92' lang='lat' dir='ltr'>non</span> <span class='ocrx_word' id='word_1_150' title='bbox 326 1826 399 1887; x_wconf 90' lang='lat' dir='ltr'>satis</span> <span class='ocrx_word' id='word_1_151' title='bbox 417 1824 526 1888; x_wconf 89' lang='lat' dir='ltr'>habuit</span> <span class='ocrx_word' id='word_1_152' title='bbox 545 1823 647 1895; x_wconf 81' lang='lat' dir='ltr'>dicere</span> <span class='ocrx_word' id='word_1_153' title='bbox 669 1848 706 1889; x_wconf 91' lang='lat' dir='ltr'>re</span> <span class='ocrx_word' id='word_1_154' title='bbox 732 1834 822 1903; x_wconf 79' lang='lat' dir='ltr'>ercle,</span> <span class='ocrx_word' id='word_1_155' title='bbox 843 1826 904 1887; x_wconf 92' lang='lat' dir='ltr'>hoc</span> <span class='ocrx_word' id='word_1_156' title='bbox 926 1837 972 1889; x_wconf 88' lang='lat' dir='ltr'>est</span> <span class='ocrx_word' id='word_1_157' title='bbox 993 1823 1111 1891; x_wconf 75' lang='grc' dir='ltr'><strong><em>ἑανοῦ</em></strong></span> <span class='ocrx_word' id='word_1_158' title='bbox 1132 1845 1236 1908; x_wconf 76' lang='grc' dir='ltr'><strong><em>παρα·</em></strong></span> <span class='ocrx_word' id='word_1_159' title='bbox 1297 1860 1302 1877; x_wconf 80' lang='lat'><em>=</em></span> 
     </span>
     <span class='ocr_line' id='line_1_18' title="bbox 96 1847 1287 1997; baseline -0.002 -25"><span class='ocrx_word' id='word_1_160' title='bbox 96 1911 229 1993; x_wconf 71' lang='grc' dir='ltr'><strong><em>χρῆμα,</em></strong></span> <span class='ocrx_word' id='word_1_161' title='bbox 252 1908 320 1972; x_wconf 88' lang='lat' dir='ltr'>sine</span> <span class='ocrx_word' id='word_1_162' title='bbox 342 1912 405 1972; x_wconf 92' lang='lat' dir='ltr'>ullo</span> <span class='ocrx_word' id='word_1_163' title='bbox 426 1921 490 1972; x_wconf 89' lang='lat' dir='ltr'>tem</span> <span class='ocrx_word' id='word_1_164' title='bbox 512 1908 574 1974; x_wconf 86' lang='lat' dir='ltr'>oris</span> <span class='ocrx_word' id='word_1_165' title='bbox 596 1847 773 1997; x_wconf 81' lang='lat' dir='ltr'>impendio,</span> <span class='ocrx_word' id='word_1_166' title='bbox 801 1914 886 1990; x_wconf 84' lang='lat' dir='ltr'>eujus</span> <span class='ocrx_word' id='word_1_167' title='bbox 910 1914 962 1976; x_wconf 80' lang='lat' dir='ltr'>vel</span> <span class='ocrx_word' id='word_1_168' title='bbox 980 1912 1103 1997; x_wconf 90' lang='lat' dir='ltr'>plurimi</span> <span class='ocrx_word' id='word_1_169' title='bbox 1122 1914 1236 1992; x_wconf 86' lang='lat' dir='ltr'>jactura</span> <span class='ocrx_word' id='word_1_170' title='bbox 1254 1913 1287 1970; x_wconf 82' lang='lat' dir='ltr'>lt</span> 
     </span>
     <span class='ocr_line' id='line_1_19' title="bbox 96 1986 1237 2081; baseline 0.002 -24"><span class='ocrx_word' id='word_1_171' title='bbox 96 1998 200 2058; x_wconf 87' lang='lat' dir='ltr'>solent</span> <span class='ocrx_word' id='word_1_172' title='bbox 220 1995 281 2056; x_wconf 87' lang='lat' dir='ltr'>coli</span> <span class='ocrx_word' id='word_1_173' title='bbox 292 1994 419 2076; x_wconf 85' lang='lat' dir='ltr'>Musae,</span> <span class='ocrx_word' id='word_1_174' title='bbox 449 2017 464 2060; x_wconf 90' lang='lat' dir='ltr'>s</span> <span class='ocrx_word' id='word_1_175' title='bbox 511 1993 699 2074; x_wconf 71' lang='lat' dir='ltr'>additare,</span> <span class='ocrx_word' id='word_1_176' title='bbox 728 1995 762 2059; x_wconf 91' lang='lat' dir='ltr'>id</span> <span class='ocrx_word' id='word_1_177' title='bbox 783 2008 842 2077; x_wconf 87' lang='lat' dir='ltr'>est,</span> <span class='ocrx_word' id='word_1_178' title='bbox 866 1986 911 2072; x_wconf 74' lang='grc' dir='ltr'>ὥς</span> <span class='ocrx_word' id='word_1_179' title='bbox 935 1989 1026 2081; x_wconf 78' lang='grc' dir='ltr'><strong><em>εἶχον</em></strong></span> <span class='ocrx_word' id='word_1_180' title='bbox 1044 1995 1195 2072; x_wconf 73' lang='grc' dir='ltr'><strong><em>παιδείας</em></strong></span> <span class='ocrx_word' id='word_1_181' title='bbox 1216 1992 1237 2081; x_wconf 82' lang='grc' dir='ltr'><strong><em>ἢ</em></strong></span> 
     </span>
     <span class='ocr_line' id='line_1_20' title="bbox 97 2074 1239 2167; baseline 0 -22"><span class='ocrx_word' id='word_1_182' title='bbox 97 2074 330 2160; x_wconf 70' lang='grc' dir='ltr'>ἀπαιδευσίας,</span> <span class='ocrx_word' id='word_1_183' title='bbox 357 2075 411 2145; x_wconf 77' lang='grc' dir='ltr'>ὅτε</span> <span class='ocrx_word' id='word_1_184' title='bbox 430 2076 464 2158; x_wconf 75' lang='grc' dir='ltr'>ἐς</span> <span class='ocrx_word' id='word_1_185' title='bbox 484 2076 521 2146; x_wconf 79' lang='grc' dir='ltr'>τὸ</span> <span class='ocrx_word' id='word_1_186' title='bbox 538 2076 619 2163; x_wconf 74' lang='grc' dir='ltr'><strong><em>ὅρος</em></strong></span> <span class='ocrx_word' id='word_1_187' title='bbox 634 2077 831 2165; x_wconf 77' lang='grc' dir='ltr'><strong><em>ἀνέβαινονε</em></strong></span> <span class='ocrx_word' id='word_1_188' title='bbox 854 2084 940 2167; x_wconf 89' lang='lat' dir='ltr'>quasi</span> <span class='ocrx_word' id='word_1_189' title='bbox 955 2106 995 2145; x_wconf 86' lang='lat' dir='ltr'>ex</span> <span class='ocrx_word' id='word_1_190' title='bbox 1015 2085 1121 2147; x_wconf 89' lang='lat' dir='ltr'>afflatu</span> <span class='ocrx_word' id='word_1_191' title='bbox 1133 2084 1239 2145; x_wconf 90' lang='lat' dir='ltr'>numi-</span> 
     </span>
     <span class='ocr_line' id='line_1_21' title="bbox 94 2166 1236 2254; baseline 0.002 -23"><span class='ocrx_word' id='word_1_192' title='bbox 94 2168 146 2231; x_wconf 88' lang='lat' dir='ltr'>nis</span> <span class='ocrx_word' id='word_1_193' title='bbox 176 2166 362 2231; x_wconf 83' lang='lat' dir='ltr'>Parnassum</span> <span class='ocrx_word' id='word_1_194' title='bbox 396 2166 556 2231; x_wconf 88' lang='lat' dir='ltr'>insidentis</span> <span class='ocrx_word' id='word_1_195' title='bbox 585 2168 804 2231; x_wconf 87' lang='lat' dir='ltr'>illiteratissimi</span> <span class='ocrx_word' id='word_1_196' title='bbox 831 2169 942 2254; x_wconf 88' lang='lat' dir='ltr'>quique</span> <span class='ocrx_word' id='word_1_197' title='bbox 967 2170 1076 2232; x_wconf 85' lang='lat' dir='ltr'>flerent</span> <span class='ocrx_word' id='word_1_198' title='bbox 1106 2168 1236 2254; x_wconf 74' lang='lat' dir='ltr'>poe’tae:</span> 
     </span>
     <span class='ocr_line' id='line_1_22' title="bbox 93 2248 1239 2340; baseline -0.003 -22"><span class='ocrx_word' id='word_1_199' title='bbox 93 2248 243 2339; x_wconf 67' lang='lat' dir='ltr'>prodire</span> <span class='ocrx_word' id='word_1_200' title='bbox 269 2256 398 2319; x_wconf 79' lang='lat' dir='ltr'>verbum</span> <span class='ocrx_word' id='word_1_201' title='bbox 429 2251 583 2338; x_wconf 89' lang='lat' dir='ltr'>duplicem</span> <span class='ocrx_word' id='word_1_202' title='bbox 612 2256 773 2317; x_wconf 90' lang='lat' dir='ltr'>notionem</span> <span class='ocrx_word' id='word_1_203' title='bbox 797 2256 909 2318; x_wconf 86' lang='lat' dir='ltr'>habet:</span> <span class='ocrx_word' id='word_1_204' title='bbox 943 2254 1039 2316; x_wconf 92' lang='lat' dir='ltr'>modo</span> <span class='ocrx_word' id='word_1_205' title='bbox 1062 2255 1239 2340; x_wconf 84' lang='lat' dir='ltr'>simpliciter</span> 
     </span>
     <span class='ocr_line' id='line_1_23' title="bbox 95 2332 1237 2427; baseline -0.001 -23"><span class='ocrx_word' id='word_1_206' title='bbox 95 2332 338 2421; x_wconf 67' lang='lat' dir='ltr'>saviniensi,</span> <span class='ocrx_word' id='word_1_207' title='bbox 362 2337 434 2402; x_wconf 87' lang='lat' dir='ltr'>dare</span> <span class='ocrx_word' id='word_1_208' title='bbox 453 2362 487 2403; x_wconf 88' lang='lat' dir='ltr'>se</span> <span class='ocrx_word' id='word_1_209' title='bbox 505 2340 538 2402; x_wconf 89' lang='lat' dir='ltr'>in</span> <span class='ocrx_word' id='word_1_210' title='bbox 552 2352 765 2427; x_wconf 90' lang='lat' dir='ltr'>conspectum,</span> <span class='ocrx_word' id='word_1_211' title='bbox 787 2338 884 2402; x_wconf 92' lang='lat' dir='ltr'>modo</span> <span class='ocrx_word' id='word_1_212' title='bbox 903 2338 989 2403; x_wconf 88' lang='lat' dir='ltr'>idem</span> <span class='ocrx_word' id='word_1_213' title='bbox 1010 2351 1057 2403; x_wconf 89' lang='lat' dir='ltr'>est</span> <span class='ocrx_word' id='word_1_214' title='bbox 1077 2361 1148 2401; x_wconf 89' lang='lat' dir='ltr'>cum</span> <span class='ocrx_word' id='word_1_215' title='bbox 1163 2338 1237 2403; x_wconf 82' lang='lat' dir='ltr'>exi-</span> 
     </span>
     <span class='ocr_line' id='line_1_24' title="bbox 95 2418 1240 2513; baseline 0.001 -25"><span class='ocrx_word' id='word_1_216' title='bbox 95 2436 190 2489; x_wconf 80' lang='lat' dir='ltr'>stere</span> <span class='ocrx_word' id='word_1_217' title='bbox 205 2418 359 2513; x_wconf 79' lang='lat' dir='ltr'>etsubito</span> <span class='ocrx_word' id='word_1_218' title='bbox 375 2445 564 2512; x_wconf 82' lang='lat' dir='ltr'>emergere,</span> <span class='ocrx_word' id='word_1_219' title='bbox 586 2438 619 2488; x_wconf 88' lang='lat' dir='ltr'>ut</span> <span class='ocrx_word' id='word_1_220' title='bbox 634 2425 689 2489; x_wconf 90' lang='lat' dir='ltr'>Sol</span> <span class='ocrx_word' id='word_1_221' title='bbox 701 2421 904 2506; x_wconf 69' lang='grc' dir='ltr'><strong><em>ἀνατέλλων,</em></strong></span> <span class='ocrx_word' id='word_1_222' title='bbox 927 2428 979 2493; x_wconf 81' lang='lat' dir='ltr'>vel</span> <span class='ocrx_word' id='word_1_223' title='bbox 1000 2426 1108 2512; x_wconf 88' lang='lat' dir='ltr'>aliquis</span> <span class='ocrx_word' id='word_1_224' title='bbox 1130 2447 1149 2489; x_wconf 87' lang='lat' dir='ltr'>e</span> <span class='ocrx_word' id='word_1_225' title='bbox 1168 2418 1240 2489; x_wconf 83' lang='lat' dir='ltr'>nia-</span> 
     </span>
     <span class='ocr_line' id='line_1_25' title="bbox 95 2509 1097 2593; baseline -0.004 -18"><span class='ocrx_word' id='word_1_226' title='bbox 95 2512 190 2575; x_wconf 83' lang='lat' dir='ltr'>ehi&#39;na</span> <span class='ocrx_word' id='word_1_227' title='bbox 206 2509 284 2574; x_wconf 87' lang='lat' dir='ltr'>deus</span> <span class='ocrx_word' id='word_1_228' title='bbox 304 2512 449 2575; x_wconf 90' lang='lat' dir='ltr'>comicus.</span> <span class='ocrx_word' id='word_1_229' title='bbox 481 2510 574 2590; x_wconf 82' lang='lat' dir='ltr'>[Vide</span> <span class='ocrx_word' id='word_1_230' title='bbox 592 2512 688 2593; x_wconf 73' lang='lat' dir='ltr'>Pasa]</span> <span class='ocrx_word' id='word_1_231' title='bbox 849 2554 875 2561; x_wconf 86' lang='lat'>·-</span> <span class='ocrx_word' id='word_1_232' title='bbox 996 2550 1001 2560; x_wconf 87' lang='lat'>·</span> <span class='ocrx_word' id='word_1_233' title='bbox 1093 2560 1097 2571; x_wconf 87' lang='lat'><em>.</em></span> 
     </span>
    </p>

    <p class='ocr_par' dir='ltr' id='par_1_4' title="bbox 92 2592 1239 2856">
     <span class='ocr_line' id='line_1_26' title="bbox 92 2592 1239 2685; baseline -0.002 -22"><span class='ocrx_word' id='word_1_234' title='bbox 92 2636 102 2641; x_wconf 98' lang='lat'>-</span> <span class='ocrx_word' id='word_1_235' title='bbox 127 2598 131 2605; x_wconf 76' lang='grc'><strong>’</strong></span> <span class='ocrx_word' id='word_1_236' title='bbox 153 2596 218 2669; x_wconf 74' lang='grc' dir='ltr'>,ῗ4.</span> <span class='ocrx_word' id='word_1_237' title='bbox 256 2593 590 2684; x_wconf 79' lang='lat' dir='ltr'>Heliconiadae[qrte]</span> <span class='ocrx_word' id='word_1_238' title='bbox 607 2596 852 2685; x_wconf 76' lang='lat' dir='ltr'>pallidumque</span> <span class='ocrx_word' id='word_1_239' title='bbox 869 2594 933 2679; x_wconf 71' lang='lat' dir='ltr'>P.‚]</span> <span class='ocrx_word' id='word_1_240' title='bbox 948 2668 953 2675; x_wconf 28' lang='lat'><strong>¹</strong></span> <span class='ocrx_word' id='word_1_241' title='bbox 968 2594 1105 2682; x_wconf 82' lang='lat' dir='ltr'>Itnperiti</span> <span class='ocrx_word' id='word_1_242' title='bbox 1125 2592 1239 2682; x_wconf 82' lang='lat' dir='ltr'>poia’tee</span> 
     </span>
     <span class='ocr_line' id='line_1_27' title="bbox 96 2682 1238 2771; baseline -0.001 -24"><span class='ocrx_word' id='word_1_243' title='bbox 96 2683 177 2747; x_wconf 91' lang='lat' dir='ltr'>nihil</span> <span class='ocrx_word' id='word_1_244' title='bbox 190 2682 251 2746; x_wconf 90' lang='lat' dir='ltr'>nisi</span> <span class='ocrx_word' id='word_1_245' title='bbox 265 2683 450 2769; x_wconf 80' lang='lat' dir='ltr'>Heliconem</span> <span class='ocrx_word' id='word_1_246' title='bbox 462 2696 496 2747; x_wconf 78' lang='lat' dir='ltr'>&#39;et</span> <span class='ocrx_word' id='word_1_247' title='bbox 510 2684 640 2748; x_wconf 88' lang='lat' dir='ltr'>Pirenen</span> <span class='ocrx_word' id='word_1_248' title='bbox 656 2697 848 2771; x_wconf 88' lang='lat' dir='ltr'>caeterasque</span> <span class='ocrx_word' id='word_1_249' title='bbox 862 2682 1021 2747; x_wconf 79' lang='lat' dir='ltr'>Musarum</span> <span class='ocrx_word' id='word_1_250' title='bbox 1034 2682 1123 2746; x_wconf 88' lang='lat' dir='ltr'>sedes</span> <span class='ocrx_word' id='word_1_251' title='bbox 1135 2684 1168 2746; x_wconf 89' lang='lat' dir='ltr'>in</span> <span class='ocrx_word' id='word_1_252' title='bbox 1183 2704 1238 2746; x_wconf 88' lang='lat' dir='ltr'>ore</span> 
     </span>
     <span class='ocr_line' id='line_1_28' title="bbox 96 2767 1239 2856; baseline -0.001 -25"><span class='ocrx_word' id='word_1_253' title='bbox 96 2771 275 2833; x_wconf 81' lang='lat' dir='ltr'>habebant:</span> <span class='ocrx_word' id='word_1_254' title='bbox 297 2769 347 2831; x_wconf 90' lang='lat' dir='ltr'>his</span> <span class='ocrx_word' id='word_1_255' title='bbox 361 2779 395 2829; x_wconf 90' lang='lat' dir='ltr'>ut</span> <span class='ocrx_word' id='word_1_256' title='bbox 411 2790 447 2832; x_wconf 88' lang='lat' dir='ltr'>se</span> <span class='ocrx_word' id='word_1_257' title='bbox 459 2791 552 2856; x_wconf 87' lang='lat' dir='ltr'>quam</span> <span class='ocrx_word' id='word_1_258' title='bbox 570 2769 808 2832; x_wconf 87' lang='lat' dir='ltr'>dissimillimum</span> <span class='ocrx_word' id='word_1_259' title='bbox 828 2770 971 2855; x_wconf 84' lang='lat' dir='ltr'>probaret</span> <span class='ocrx_word' id='word_1_260' title='bbox 987 2781 1106 2848; x_wconf 89' lang='lat' dir='ltr'>noster,</span> <span class='ocrx_word' id='word_1_261' title='bbox 1129 2767 1239 2831; x_wconf 87' lang='lat' dir='ltr'>cedere</span> 
     </span>
    </p>

    <p class='ocr_par' dir='ltr' id='par_1_5' title="bbox 94 2852 1347 4633">
     <span class='ocr_line' id='line_1_29' title="bbox 95 2852 1239 2939; baseline -0.002 -21"><span class='ocrx_word' id='word_1_262' title='bbox 95 2878 131 2919; x_wconf 90' lang='lat' dir='ltr'>se</span> <span class='ocrx_word' id='word_1_263' title='bbox 145 2856 209 2918; x_wconf 90' lang='lat' dir='ltr'>illis</span> <span class='ocrx_word' id='word_1_264' title='bbox 222 2855 265 2917; x_wconf 83' lang='lat' dir='ltr'>ait</span> <span class='ocrx_word' id='word_1_265' title='bbox 276 2866 309 2917; x_wconf 88' lang='lat' dir='ltr'>et</span> <span class='ocrx_word' id='word_1_266' title='bbox 320 2854 472 2919; x_wconf 91' lang='lat' dir='ltr'>Helicone</span> <span class='ocrx_word' id='word_1_267' title='bbox 492 2867 524 2918; x_wconf 91' lang='lat' dir='ltr'>et</span> <span class='ocrx_word' id='word_1_268' title='bbox 537 2857 613 2919; x_wconf 90' lang='lat' dir='ltr'>locis</span> <span class='ocrx_word' id='word_1_269' title='bbox 625 2854 659 2917; x_wconf 93' lang='lat' dir='ltr'>id</span> <span class='ocrx_word' id='word_1_270' title='bbox 672 2877 769 2937; x_wconf 83' lang='lat' dir='ltr'>genus</span> <span class='ocrx_word' id='word_1_271' title='bbox 790 2854 949 2920; x_wconf 86' lang='lat' dir='ltr'>omnibus:</span> <span class='ocrx_word' id='word_1_272' title='bbox 976 2876 1040 2916; x_wconf 93' lang='lat' dir='ltr'>non</span> <span class='ocrx_word' id='word_1_273' title='bbox 1059 2854 1131 2916; x_wconf 89' lang='lat' dir='ltr'>ideo</span> <span class='ocrx_word' id='word_1_274' title='bbox 1154 2852 1239 2939; x_wconf 90' lang='lat' dir='ltr'>quod</span> 
     </span>
     <span class='ocr_line' id='line_1_30' title="bbox 97 2936 1276 3030; baseline -0.001 -26"><span class='ocrx_word' id='word_1_275' title='bbox 97 2940 207 3005; x_wconf 82' lang='lat' dir='ltr'>Musas</span> <span class='ocrx_word' id='word_1_276' title='bbox 223 2951 256 3003; x_wconf 88' lang='lat' dir='ltr'>et</span> <span class='ocrx_word' id='word_1_277' title='bbox 269 2961 354 3003; x_wconf 88' lang='lat' dir='ltr'>sacra</span> <span class='ocrx_word' id='word_1_278' title='bbox 367 2939 547 3027; x_wconf 69' lang='lat' dir='ltr'>Musis‘loca</span> <span class='ocrx_word' id='word_1_279' title='bbox 566 2963 677 3030; x_wconf 89' lang='lat' dir='ltr'>parum</span> <span class='ocrx_word' id='word_1_280' title='bbox 697 2952 906 3019; x_wconf 83' lang='lat' dir='ltr'>veneraretur,</span> <span class='ocrx_word' id='word_1_281' title='bbox 929 2936 986 3002; x_wconf 89' lang='lat' dir='ltr'>sed</span> <span class='ocrx_word' id='word_1_282' title='bbox 1004 2951 1038 3002; x_wconf 90' lang='lat' dir='ltr'>ut</span> <span class='ocrx_word' id='word_1_283' title='bbox 1060 2939 1239 3020; x_wconf 81' lang='lat' dir='ltr'>longissime</span> <span class='ocrx_word' id='word_1_284' title='bbox 1271 3010 1276 3021; x_wconf 55' lang='grc'><em>,</em></span> 
     </span>
     <span class='ocr_line' id='line_1_31' title="bbox 97 3026 1276 3113; baseline -0.002 -23"><span class='ocrx_word' id='word_1_285' title='bbox 97 3048 132 3090; x_wconf 88' lang='lat' dir='ltr'>se</span> <span class='ocrx_word' id='word_1_286' title='bbox 158 3030 270 3091; x_wconf 87' lang='lat' dir='ltr'>abesse</span> <span class='ocrx_word' id='word_1_287' title='bbox 291 3029 330 3091; x_wconf 88' lang='lat' dir='ltr'>ab</span> <span class='ocrx_word' id='word_1_288' title='bbox 355 3026 485 3089; x_wconf 89' lang='lat' dir='ltr'>istorum</span> <span class='ocrx_word' id='word_1_289' title='bbox 499 3027 625 3090; x_wconf 75' lang='lat' dir='ltr'>tumido</span> <span class='ocrx_word' id='word_1_290' title='bbox 648 3031 727 3097; x_wconf 86' lang='lat' dir='ltr'>fastu</span> <span class='ocrx_word' id='word_1_291' title='bbox 750 3040 782 3091; x_wconf 89' lang='lat' dir='ltr'>et</span> <span class='ocrx_word' id='word_1_292' title='bbox 798 3027 951 3113; x_wconf 75' lang='lat' dir='ltr'>&#39;opinione</span> <span class='ocrx_word' id='word_1_293' title='bbox 973 3026 1021 3087; x_wconf 89' lang='lat' dir='ltr'>sui</span> <span class='ocrx_word' id='word_1_294' title='bbox 1046 3027 1238 3106; x_wconf 86' lang='lat' dir='ltr'>significaret.</span> <span class='ocrx_word' id='word_1_295' title='bbox 1271 3036 1276 3047; x_wconf 95' lang='grc'>’</span> 
     </span>
     <span class='ocr_line' id='line_1_32' title="bbox 97 3110 1238 3200; baseline -0.003 -25"><span class='ocrx_word' id='word_1_296' title='bbox 97 3111 217 3176; x_wconf 86' lang='lat' dir='ltr'>Similis</span> <span class='ocrx_word' id='word_1_297' title='bbox 229 3114 316 3175; x_wconf 89' lang='lat' dir='ltr'>locus</span> <span class='ocrx_word' id='word_1_298' title='bbox 331 3112 422 3175; x_wconf 85' lang='lat' dir='ltr'>initio¹</span> <span class='ocrx_word' id='word_1_299' title='bbox 435 3110 553 3177; x_wconf 75' lang='lat' dir='ltr'>Salinae</span> <span class='ocrx_word' id='word_1_300' title='bbox 570 3113 709 3200; x_wconf 91' lang='lat' dir='ltr'>quintae,</span> <span class='ocrx_word' id='word_1_301' title='bbox 730 3113 785 3177; x_wconf 90' lang='lat' dir='ltr'>ubi</span> <span class='ocrx_word' id='word_1_302' title='bbox 797 3132 861 3175; x_wconf 79' lang='lat' dir='ltr'>non</span> <span class='ocrx_word' id='word_1_303' title='bbox 879 3110 1176 3196; x_wconf 79' lang='lat' dir='ltr'>aliteruccipicndus</span> <span class='ocrx_word' id='word_1_304' title='bbox 1185 3111 1238 3197; x_wconf 83' lang='lat' dir='ltr'>ille</span> 
     </span>
     <span class='ocr_line' id='line_1_33' title="bbox 96 3192 1239 3281; baseline -0.003 -18"><span class='ocrx_word' id='word_1_305' title='bbox 96 3219 226 3275; x_wconf 66' lang='lat' dir='ltr'>uersus:¹</span> <span class='ocrx_word' id='word_1_306' title='bbox 254 3193 401 3263; x_wconf 84' lang='lat' dir='ltr'>Grande</span> <span class='ocrx_word' id='word_1_307' title='bbox 425 3194 571 3263; x_wconf 69' lang='lat' dir='ltr'>laetaturi</span> <span class='ocrx_word' id='word_1_308' title='bbox 595 3196 745 3262; x_wconf 76' lang='lat' dir='ltr'>nehrcles&#39;</span> <span class='ocrx_word' id='word_1_309' title='bbox 759 3195 921 3263; x_wconf 85' lang='lat' dir='ltr'>Helicone</span> <span class='ocrx_word' id='word_1_310' title='bbox 938 3192 1089 3281; x_wconf 74' lang='lat' dir='ltr'>legunto-</span> <span class='ocrx_word' id='word_1_311' title='bbox 1139 3195 1239 3260; x_wconf 87' lang='lat' dir='ltr'>Vides</span> 
     </span>
     <span class='ocr_line' id='line_1_34' title="bbox 96 3281 1239 3366; baseline -0.003 -18"><span class='ocrx_word' id='word_1_312' title='bbox 96 3305 163 3348; x_wconf 92' lang='lat' dir='ltr'>non</span> <span class='ocrx_word' id='word_1_313' title='bbox 179 3284 242 3347; x_wconf 81' lang='lat' dir='ltr'>sim</span> <span class='ocrx_word' id='word_1_314' title='bbox 263 3283 360 3346; x_wconf 84' lang='lat' dir='ltr'>liciter</span> <span class='ocrx_word' id='word_1_315' title='bbox 377 3284 562 3348; x_wconf 85' lang='lat' dir='ltr'>Heliconem</span> <span class='ocrx_word' id='word_1_316' title='bbox 591 3307 625 3347; x_wconf 88' lang='lat' dir='ltr'>re</span> <span class='ocrx_word' id='word_1_317' title='bbox 647 3283 760 3364; x_wconf 89' lang='lat' dir='ltr'>udiari,</span> <span class='ocrx_word' id='word_1_318' title='bbox 787 3281 843 3346; x_wconf 92' lang='lat' dir='ltr'>sed</span> <span class='ocrx_word' id='word_1_319' title='bbox 865 3284 937 3361; x_wconf 76' lang='lat' dir='ltr'>eos,</span> <span class='ocrx_word' id='word_1_320' title='bbox 965 3282 1018 3366; x_wconf 86' lang='lat' dir='ltr'>qui</span> <span class='ocrx_word' id='word_1_321' title='bbox 1035 3282 1068 3343; x_wconf 92' lang='lat' dir='ltr'>in</span> <span class='ocrx_word' id='word_1_322' title='bbox 1082 3282 1239 3346; x_wconf 87' lang='lat' dir='ltr'>Helicone</span> 
     </span>
     <span class='ocr_line' id='line_1_35' title="bbox 94 3305 1239 3456; baseline -0.003 -21"><span class='ocrx_word' id='word_1_323' title='bbox 94 3373 228 3435; x_wconf 88' lang='lat' dir='ltr'>nebulas</span> <span class='ocrx_word' id='word_1_324' title='bbox 241 3305 395 3450; x_wconf 78' lang='lat' dir='ltr'>iegerent,</span> <span class='ocrx_word' id='word_1_325' title='bbox 415 3372 555 3451; x_wconf 72' lang='lat' dir='ltr'>honest,</span> <span class='ocrx_word' id='word_1_326' title='bbox 575 3382 629 3456; x_wconf 90' lang='lat' dir='ltr'>typ</span> <span class='ocrx_word' id='word_1_327' title='bbox 654 3372 662 3387; x_wconf 83' lang='lat'><em>⁰</em></span> <span class='ocrx_word' id='word_1_328' title='bbox 686 3382 717 3432; x_wconf 91' lang='lat' dir='ltr'>et</span> <span class='ocrx_word' id='word_1_329' title='bbox 733 3390 834 3433; x_wconf 85' lang='lat' dir='ltr'>vanae</span> <span class='ocrx_word' id='word_1_330' title='bbox 851 3366 1090 3452; x_wconf 80' lang='grc' dir='ltr'><strong><em>δοκησισοφίας</em></strong></span> <span class='ocrx_word' id='word_1_331' title='bbox 1104 3389 1139 3430; x_wconf 90' lang='lat' dir='ltr'>ac</span> <span class='ocrx_word' id='word_1_332' title='bbox 1164 3391 1239 3431; x_wconf 86' lang='lat' dir='ltr'>con-</span> 
     </span>
     <span class='ocr_line' id='line_1_36' title="bbox 95 3452 1240 3542; baseline -0.002 -22"><span class='ocrx_word' id='word_1_333' title='bbox 95 3456 244 3521; x_wconf 86' lang='lat' dir='ltr'>fidentiae</span> <span class='ocrx_word' id='word_1_334' title='bbox 271 3454 355 3541; x_wconf 89' lang='lat' dir='ltr'>pleni</span> <span class='ocrx_word' id='word_1_335' title='bbox 374 3453 407 3517; x_wconf 92' lang='lat' dir='ltr'>in</span> <span class='ocrx_word' id='word_1_336' title='bbox 428 3455 569 3542; x_wconf 69' lang='lat' dir='ltr'>poeticae</span> <span class='ocrx_word' id='word_1_337' title='bbox 595 3455 702 3519; x_wconf 88' lang='lat' dir='ltr'>studiis</span> <span class='ocrx_word' id='word_1_338' title='bbox 728 3452 926 3533; x_wconf 72' lang='lat' dir='ltr'>versarentur.</span> <span class='ocrx_word' id='word_1_339' title='bbox 976 3452 1073 3517; x_wconf 89' lang='lat' dir='ltr'>Recte</span> <span class='ocrx_word' id='word_1_340' title='bbox 1094 3456 1240 3518; x_wconf 87' lang='lat' dir='ltr'>meliores</span> 
     </span>
     <span class='ocr_line' id='line_1_37' title="bbox 97 3536 1239 3622; baseline -0.004 -17"><span class='ocrx_word' id='word_1_341' title='bbox 97 3564 209 3606; x_wconf 90' lang='lat' dir='ltr'>omnes</span> <span class='ocrx_word' id='word_1_342' title='bbox 228 3542 300 3605; x_wconf 91' lang='lat' dir='ltr'>libri</span> <span class='ocrx_word' id='word_1_343' title='bbox 313 3536 579 3622; x_wconf 79' lang='lat' dir='ltr'>Heliconiadas,</span> <span class='ocrx_word' id='word_1_344' title='bbox 600 3564 680 3621; x_wconf 91' lang='lat' dir='ltr'>non,</span> <span class='ocrx_word' id='word_1_345' title='bbox 702 3554 738 3605; x_wconf 90' lang='lat' dir='ltr'>ut</span> <span class='ocrx_word' id='word_1_346' title='bbox 755 3543 789 3605; x_wconf 91' lang='lat' dir='ltr'>in</span> <span class='ocrx_word' id='word_1_347' title='bbox 807 3540 978 3618; x_wconf 90' lang='lat' dir='ltr'>nonnullis,</span> <span class='ocrx_word' id='word_1_348' title='bbox 1000 3537 1239 3603; x_wconf 79' lang='lat' dir='ltr'>IIelicorcides:</span> 
     </span>
     <span class='ocr_line' id='line_1_38' title="bbox 97 3625 1238 3715; baseline -0.004 -23"><span class='ocrx_word' id='word_1_349' title='bbox 97 3640 250 3715; x_wconf 85' lang='lat' dir='ltr'>utrunque</span> <span class='ocrx_word' id='word_1_350' title='bbox 263 3625 406 3699; x_wconf 59' lang='lat' dir='ltr'>‚admiffit</span> <span class='ocrx_word' id='word_1_351' title='bbox 429 3625 716 3709; x_wconf 81' lang='lat' dir='ltr'>Graeca-analogia,</span> <span class='ocrx_word' id='word_1_352' title='bbox 737 3626 873 3691; x_wconf 87' lang='lat' dir='ltr'>sednon</span> <span class='ocrx_word' id='word_1_353' title='bbox 893 3626 1011 3706; x_wconf 76' lang='lat' dir='ltr'>vulgari</span> <span class='ocrx_word' id='word_1_354' title='bbox 1032 3648 1112 3689; x_wconf 90' lang='lat' dir='ltr'>usus·</span> <span class='ocrx_word' id='word_1_355' title='bbox 1124 3625 1238 3704; x_wconf 88' lang='lat' dir='ltr'>judicio</span> 
     </span>
     <span class='ocr_line' id='line_1_39' title="bbox 96 3710 1241 3802; baseline -0.003 -23"><span class='ocrx_word' id='word_1_356' title='bbox 96 3714 189 3802; x_wconf 71' lang='lat' dir='ltr'>poita</span> <span class='ocrx_word' id='word_1_357' title='bbox 211 3712 408 3777; x_wconf 89' lang='lat' dir='ltr'>doctissimus</span> <span class='ocrx_word' id='word_1_358' title='bbox 430 3711 678 3778; x_wconf 79' lang='lat' dir='ltr'>Heliconiades</span> <span class='ocrx_word' id='word_1_359' title='bbox 702 3713 836 3793; x_wconf 69' lang='lat' dir='ltr'>maluit„</span> <span class='ocrx_word' id='word_1_360' title='bbox 854 3712 911 3775; x_wconf 85' lang='lat' dir='ltr'>etsi</span> <span class='ocrx_word' id='word_1_361' title='bbox 931 3714 1060 3774; x_wconf 86' lang='lat' dir='ltr'>alterum</span> <span class='ocrx_word' id='word_1_362' title='bbox 1081 3710 1132 3773; x_wconf 78' lang='lat' dir='ltr'>lex&#39;</span> <span class='ocrx_word' id='word_1_363' title='bbox 1149 3711 1241 3775; x_wconf 82' lang='lat' dir='ltr'>merri</span> 
     </span>
     <span class='ocr_line' id='line_1_40' title="bbox 96 3796 1239 3888; baseline -0.005 -23"><span class='ocrx_word' id='word_1_364' title='bbox 96 3802 200 3888; x_wconf 90' lang='lat' dir='ltr'>potius</span> <span class='ocrx_word' id='word_1_365' title='bbox 213 3797 382 3863; x_wconf 88' lang='lat' dir='ltr'>suadebat:</span> <span class='ocrx_word' id='word_1_366' title='bbox 404 3800 481 3862; x_wconf 86' lang='lat' dir='ltr'>ratio</span> <span class='ocrx_word' id='word_1_367' title='bbox 495 3812 598 3873; x_wconf 81' lang='lat' dir='ltr'>autem</span> <span class='ocrx_word' id='word_1_368' title='bbox 613 3812 677 3880; x_wconf 89' lang='lat' dir='ltr'>est,</span> <span class='ocrx_word' id='word_1_369' title='bbox 698 3798 770 3884; x_wconf 87' lang='lat' dir='ltr'>quia</span> <span class='ocrx_word' id='word_1_370' title='bbox 792 3810 880 3862; x_wconf 84' lang='lat' dir='ltr'>aucto</span> <span class='ocrx_word' id='word_1_371' title='bbox 899 3796 1085 3880; x_wconf 77' lang='lat' dir='ltr'>syllabarum</span> <span class='ocrx_word' id='word_1_372' title='bbox 1108 3798 1239 3859; x_wconf 86' lang='lat' dir='ltr'>numero</span> 
     </span>
     <span class='ocr_line' id='line_1_41' title="bbox 97 3883 1241 3975; baseline -0.006 -24"><span class='ocrx_word' id='word_1_373' title='bbox 97 3910 132 3951; x_wconf 91' lang='lat' dir='ltr'>ac</span> <span class='ocrx_word' id='word_1_374' title='bbox 154 3885 338 3975; x_wconf 87' lang='lat' dir='ltr'>praesertim</span> <span class='ocrx_word' id='word_1_375' title='bbox 356 3886 469 3947; x_wconf 87' lang='lat' dir='ltr'>inserta</span> <span class='ocrx_word' id='word_1_376' title='bbox 487 3887 589 3961; x_wconf 76' lang='lat' dir='ltr'>vocali</span> <span class='ocrx_word' id='word_1_377' title='bbox 607 3883 804 3966; x_wconf 67' lang='lat' dir='ltr'>grandisona,</span> <span class='ocrx_word' id='word_1_378' title='bbox 817 3907 841 3947; x_wconf 85' lang='lat' dir='ltr'>a</span> <span class='ocrx_word' id='word_1_379' title='bbox 865 3890 990 3948; x_wconf 77' lang='lat' dir='ltr'>versum</span> <span class='ocrx_word' id='word_1_380' title='bbox 1011 3883 1091 3946; x_wconf 80' lang='lat' dir='ltr'>effici</span> <span class='ocrx_word' id='word_1_381' title='bbox 1114 3883 1241 3946; x_wconf 86' lang='lat' dir='ltr'>videbat</span> 
     </span>
     <span class='ocr_line' id='line_1_42' title="bbox 97 3967 1241 4061; baseline -0.006 -24"><span class='ocrx_word' id='word_1_382' title='bbox 97 3970 257 4061; x_wconf 87' lang='lat' dir='ltr'>amplioris</span> <span class='ocrx_word' id='word_1_383' title='bbox 271 3972 343 4034; x_wconf 88' lang='lat' dir='ltr'>soni</span> <span class='ocrx_word' id='word_1_384' title='bbox 359 3980 388 4033; x_wconf 88' lang='lat' dir='ltr'>et</span> <span class='ocrx_word' id='word_1_385' title='bbox 401 3967 690 4053; x_wconf 72' lang='grc' dir='ltr'><strong><em>αομπωδδντερσνε</em></strong></span> <span class='ocrx_word' id='word_1_386' title='bbox 714 3969 797 4056; x_wconf 89' lang='lat' dir='ltr'>quod</span> <span class='ocrx_word' id='word_1_387' title='bbox 809 3970 931 4057; x_wconf 82' lang='lat' dir='ltr'>optime·</span> <span class='ocrx_word' id='word_1_388' title='bbox 947 3969 1151 4033; x_wconf 84' lang='lat' dir='ltr'>conveniebat</span> <span class='ocrx_word' id='word_1_389' title='bbox 1168 3991 1241 4032; x_wconf 89' lang='lat' dir='ltr'>sen-</span> 
     </span>
     <span class='ocr_line' id='line_1_43' title="bbox 97 4055 1292 4142; baseline -0.008 -20"><span class='ocrx_word' id='word_1_390' title='bbox 97 4060 228 4137; x_wconf 86' lang='lat' dir='ltr'>tentiae,</span> <span class='ocrx_word' id='word_1_391' title='bbox 258 4078 318 4142; x_wconf 88' lang='lat' dir='ltr'>qua</span> <span class='ocrx_word' id='word_1_392' title='bbox 346 4056 466 4120; x_wconf 87' lang='lat' dir='ltr'>inflatas</span> <span class='ocrx_word' id='word_1_393' title='bbox 489 4059 667 4139; x_wconf 86' lang='lat' dir='ltr'>jactationes</span> <span class='ocrx_word' id='word_1_394' title='bbox 692 4056 836 4137; x_wconf 83' lang='lat' dir='ltr'>inanium·</span> <span class='ocrx_word' id='word_1_395' title='bbox 856 4055 1020 4125; x_wconf 79' lang='lat' dir='ltr'>hominum</span> <span class='ocrx_word' id='word_1_396' title='bbox 1050 4076 1121 4117; x_wconf 88' lang='lat' dir='ltr'>suas</span> <span class='ocrx_word' id='word_1_397' title='bbox 1141 4075 1239 4134; x_wconf 83' lang='lat' dir='ltr'>nugas</span> <span class='ocrx_word' id='word_1_398' title='bbox 1258 4059 1292 4115; x_wconf 81' lang='lat'>12</span> 
     </span>
     <span class='ocr_line' id='line_1_44' title="bbox 98 4138 1347 4228; baseline -0.002 -24"><span class='ocrx_word' id='word_1_399' title='bbox 98 4143 360 4227; x_wconf 74' lang='lat' dir='ltr'>magnificantium</span> <span class='ocrx_word' id='word_1_400' title='bbox 374 4140 535 4207; x_wconf 78' lang='lat' dir='ltr'>derideret.</span> <span class='ocrx_word' id='word_1_401' title='bbox 565 4140 845 4228; x_wconf 67' lang='lat' dir='ltr'>,[·Gasp.‚Barthius</span> <span class='ocrx_word' id='word_1_402' title='bbox 857 4138 936 4205; x_wconf 67' lang='lat' dir='ltr'>Adi.</span> <span class='ocrx_word' id='word_1_403' title='bbox 952 4140 1033 4219; x_wconf 63' lang='lat' dir='ltr'>LVI,</span> <span class='ocrx_word' id='word_1_404' title='bbox 1051 4162 1077 4203; x_wconf 90' lang='lat' dir='ltr'>c.</span> <span class='ocrx_word' id='word_1_405' title='bbox 1094 4146 1132 4207; x_wconf 77' lang='lat'>2:</span> <span class='ocrx_word' id='word_1_406' title='bbox 1155 4138 1240 4218; x_wconf 58' lang='lat' dir='ltr'>,illli-</span> <span class='ocrx_word' id='word_1_407' title='bbox 1340 4154 1347 4173; x_wconf 84' lang='lat'><strong><em>¹</em></strong></span> 
     </span>
     <span class='ocr_line' id='line_1_45' title="bbox 98 4222 1240 4315; baseline -0.005 -20"><span class='ocrx_word' id='word_1_408' title='bbox 98 4233 182 4295; x_wconf 87' lang='lat' dir='ltr'>nime</span> <span class='ocrx_word' id='word_1_409' title='bbox 201 4232 285 4295; x_wconf 84' lang='lat' dir='ltr'>bene</span> <span class='ocrx_word' id='word_1_410' title='bbox 309 4224 570 4307; x_wconf 61' lang='lat' dir='ltr'>Heliconiadum</span> <span class='ocrx_word' id='word_1_411' title='bbox 588 4228 695 4315; x_wconf 72' lang='lat' dir='ltr'>recipit</span> <span class='ocrx_word' id='word_1_412' title='bbox 716 4226 824 4306; x_wconf 83' lang='lat' dir='ltr'>Cas.,··</span> <span class='ocrx_word' id='word_1_413' title='bbox 839 4236 910 4288; x_wconf 87' lang='lat' dir='ltr'>cum</span> <span class='ocrx_word' id='word_1_414' title='bbox 934 4227 975 4288; x_wconf 86' lang='lat' dir='ltr'>in</span> <span class='ocrx_word' id='word_1_415' title='bbox 1001 4238 1106 4289; x_wconf 86' lang='lat' dir='ltr'>nostro</span> <span class='ocrx_word' id='word_1_416' title='bbox 1134 4222 1240 4289; x_wconf 84' lang='lat' dir='ltr'>codiee</span> 
     </span>
     <span class='ocr_line' id='line_1_46' title="bbox 100 4306 1241 4404; baseline -0.009 -23"><span class='ocrx_word' id='word_1_417' title='bbox 100 4318 206 4381; x_wconf 70' lang='lat' dir='ltr'>miens</span> <span class='ocrx_word' id='word_1_418' title='bbox 219 4306 533 4404; x_wconf 68' lang='lat' dir='ltr'>Heliconiadissque</span> <span class='ocrx_word' id='word_1_419' title='bbox 543 4315 655 4400; x_wconf 77' lang='lat' dir='ltr'>utique</span> <span class='ocrx_word' id='word_1_420' title='bbox 671 4335 746 4378; x_wconf 79' lang='lat' dir='ltr'>uera</span> <span class='ocrx_word' id='word_1_421' title='bbox 764 4314 803 4376; x_wconf 89' lang='lat' dir='ltr'>sit</span> <span class='ocrx_word' id='word_1_422' title='bbox 822 4312 923 4375; x_wconf 88' lang='lat' dir='ltr'>lectio.</span> <span class='ocrx_word' id='word_1_423' title='bbox 938 4310 1006 4388; x_wconf 77' lang='lat' dir='ltr'>&#39;(Ita</span> <span class='ocrx_word' id='word_1_424' title='bbox 1029 4313 1121 4374; x_wconf 90' lang='lat' dir='ltr'>etiam</span> <span class='ocrx_word' id='word_1_425' title='bbox 1133 4307 1241 4390; x_wconf 64' lang='lat' dir='ltr'>Rern,</span> 
     </span>
     <span class='ocr_line' id='line_1_47' title="bbox 100 4394 1239 4482; baseline -0.006 -15"><span class='ocrx_word' id='word_1_426' title='bbox 100 4400 221 4482; x_wconf 48' lang='lat' dir='ltr'>Bromi,</span> <span class='ocrx_word' id='word_1_427' title='bbox 242 4401 352 4464; x_wconf 74' lang='lat' dir='ltr'>Harm-</span> <span class='ocrx_word' id='word_1_428' title='bbox 363 4405 392 4463; x_wconf 92' lang='lat'>1.</span> <span class='ocrx_word' id='word_1_429' title='bbox 405 4401 436 4465; x_wconf 82' lang='lat'>6.</span> <span class='ocrx_word' id='word_1_430' title='bbox 456 4407 506 4480; x_wconf 83' lang='grc'>6.,</span> <span class='ocrx_word' id='word_1_431' title='bbox 528 4399 705 4479; x_wconf 72' lang='lat' dir='ltr'>sed-&#39;rnullus</span> <span class='ocrx_word' id='word_1_432' title='bbox 721 4420 739 4461; x_wconf 91' lang='lat' dir='ltr'>e</span> <span class='ocrx_word' id='word_1_433' title='bbox 757 4399 778 4462; x_wconf 73' lang='lat'><strong>9</strong></span> <span class='ocrx_word' id='word_1_434' title='bbox 794 4397 1023 4475; x_wconf 82' lang='lat' dir='ltr'>Monacensib.,</span> <span class='ocrx_word' id='word_1_435' title='bbox 1044 4407 1122 4459; x_wconf 85' lang='lat' dir='ltr'>teste</span> <span class='ocrx_word' id='word_1_436' title='bbox 1138 4394 1174 4459; x_wconf 80' lang='lat' dir='ltr'>G.</span> <span class='ocrx_word' id='word_1_437' title='bbox 1187 4394 1239 4460; x_wconf 85' lang='lat' dir='ltr'>Er.</span> 
     </span>
     <span class='ocr_line' id='line_1_48' title="bbox 100 4478 1278 4571; baseline 0.003 -19"><span class='ocrx_word' id='word_1_438' title='bbox 100 4487 252 4567; x_wconf 64' lang='lat' dir='ltr'>hamio,</span> <span class='ocrx_word' id='word_1_439' title='bbox 264 4481 421 4567; x_wconf 74' lang='lat' dir='ltr'>-disa-de</span> <span class='ocrx_word' id='word_1_440' title='bbox 432 4485 554 4554; x_wconf 60' lang='lat' dir='ltr'>cedris</span> <span class='ocrx_word' id='word_1_441' title='bbox 562 4478 1278 4571; x_wconf 49' lang='lat' dir='ltr'>-A.·&#39;Persit.earlrap1ainserpat-affilas)</span> 
     </span>
     <span class='ocr_line' id='line_1_49' title="bbox 104 4568 972 4633; baseline -0.009 -2"><span class='ocrx_word' id='word_1_442' title='bbox 104 4568 451 4631; x_wconf 58' lang='lat' dir='ltr'>&amp;munumentum</span> <span class='ocrx_word' id='word_1_443' title='bbox 752 4626 757 4633; x_wconf 76' lang='grc'><strong>,</strong></span> <span class='ocrx_word' id='word_1_444' title='bbox 950 4572 972 4633; x_wconf 81' lang='lat'>2</span> 
     </span>
    </p>
   </div>
   <div class='ocr_carea' id='block_1_3' title="bbox 0 0 1354 4972">
    <p class='ocr_par' dir='ltr' id='par_1_6' title="bbox 0 0 1354 4972">
     <span class='ocr_line' id='line_1_50' title="bbox 0 0 1354 4972; baseline 0 0"><span class='ocrx_word' id='word_1_445' title='bbox 0 0 1354 4972; x_wconf 95' lang='lat' dir='ltr'> </span> 
     </span>
    </p>
   </div>
  </div>
 </body>
</html>
