<?xml version="1.0" encoding="UTF-8"?>
<!DOCTYPE html PUBLIC "-//W3C//DTD XHTML 1.0 Transitional//EN"
    "http://www.w3.org/TR/xhtml1/DTD/xhtml1-transitional.dtd">
<html xmlns="http://www.w3.org/1999/xhtml" xml:lang="en" lang="en">
 <head>
  <title>
</title>
<meta http-equiv="Content-Type" content="text/html;charset=utf-8" />
  <meta name='ocr-system' content='tesseract 3.04.00' />
  <meta name='ocr-capabilities' content='ocr_page ocr_carea ocr_par ocr_line ocrx_word'/>
</head>
<body>
  <div class='ocr_page' id='page_1' title='image "./satirarumliber00persgoog_0511.png"; bbox 0 0 2700 4972; ppageno 0'>
   <div class='ocr_carea' id='block_1_1' title="bbox 283 318 1291 447">
    <p class='ocr_par' dir='ltr' id='par_1_1' title="bbox 283 318 1291 447">
     <span class='ocr_line' id='line_1_1' title="bbox 283 318 1291 447; baseline 0.011 -10"><span class='ocrx_word' id='word_1_1' title='bbox 283 364 530 437; x_wconf 77' lang='lat' dir='ltr'><strong>Punststta</strong></span> <span class='ocrx_word' id='word_1_2' title='bbox 550 360 1040 441; x_wconf 76' lang='lat' dir='ltr'><strong>flottamlltttmmo.</strong></span> <span class='ocrx_word' id='word_1_3' title='bbox 1168 380 1237 447; x_wconf 72' lang='grc'><strong>168</strong></span> <span class='ocrx_word' id='word_1_4' title='bbox 1282 318 1291 381; x_wconf 28' lang='grc'><strong>’1</strong></span> 
     </span>
    </p>
   </div>
   <div class='ocr_carea' id='block_1_2' title="bbox 96 535 1286 1312">
    <p class='ocr_par' dir='ltr' id='par_1_2' title="bbox 97 535 1233 802">
     <span class='ocr_line' id='line_1_2' title="bbox 181 535 1233 630; baseline 0.001 -21"><span class='ocrx_word' id='word_1_5' title='bbox 181 542 258 610; x_wconf 77' lang='grc'><strong>165.</strong></span> <span class='ocrx_word' id='word_1_6' title='bbox 281 538 380 606; x_wconf 87' lang='lat' dir='ltr'><strong>Dum</strong></span> <span class='ocrx_word' id='word_1_7' title='bbox 395 535 575 627; x_wconf 74' lang='lat' dir='ltr'><strong>Chrysidis</strong></span> <span class='ocrx_word' id='word_1_8' title='bbox 597 535 688 603; x_wconf 84' lang='lat' dir='ltr'><strong>udas</strong></span> <span class='ocrx_word' id='word_1_9' title='bbox 700 536 829 606; x_wconf 83' lang='lat' dir='ltr'><strong>Ebrius</strong></span> <span class='ocrx_word' id='word_1_10' title='bbox 853 548 935 607; x_wconf 81' lang='lat' dir='ltr'><strong>aute</strong></span> <span class='ocrx_word' id='word_1_11' title='bbox 954 540 1054 630; x_wconf 77' lang='lat' dir='ltr'><strong>fores</strong></span> <span class='ocrx_word' id='word_1_12' title='bbox 1075 547 1233 611; x_wconf 74' lang='lat' dir='ltr'><strong>extincto</strong></span> 
     </span>
     <span class='ocr_line' id='line_1_3' title="bbox 97 623 1233 729; baseline 0.009 -40"><span class='ocrx_word' id='word_1_13' title='bbox 97 623 269 713; x_wconf 83' lang='lat' dir='ltr'><strong>cumfoce</strong></span> <span class='ocrx_word' id='word_1_14' title='bbox 286 630 411 707; x_wconf 65' lang='lat' dir='ltr'><strong>cantol</strong></span> <span class='ocrx_word' id='word_1_15' title='bbox 432 626 472 689; x_wconf 87' lang='lat' dir='ltr'><strong>Et</strong></span> <span class='ocrx_word' id='word_1_16' title='bbox 485 629 564 688; x_wconf 88' lang='lat' dir='ltr'><strong>hanc</strong></span> <span class='ocrx_word' id='word_1_17' title='bbox 576 638 607 689; x_wconf 87' lang='lat' dir='ltr'><strong>et</strong></span> <span class='ocrx_word' id='word_1_18' title='bbox 620 649 698 712; x_wconf 90' lang='lat' dir='ltr'><strong>quae</strong></span> <span class='ocrx_word' id='word_1_19' title='bbox 710 627 864 729; x_wconf 87' lang='lat' dir='ltr'><strong>praecedit</strong></span> <span class='ocrx_word' id='word_1_20' title='bbox 873 651 985 695; x_wconf 80' lang='lat' dir='ltr'><strong>rocem</strong></span> <span class='ocrx_word' id='word_1_21' title='bbox 1000 626 1152 697; x_wconf 85' lang='lat' dir='ltr'><strong>dedecus</strong></span> <span class='ocrx_word' id='word_1_22' title='bbox 1161 656 1233 699; x_wconf 87' lang='lat' dir='ltr'><strong>mu-</strong></span> 
     </span>
     <span class='ocr_line' id='line_1_4' title="bbox 97 712 977 802; baseline 0.001 -27"><span class='ocrx_word' id='word_1_23' title='bbox 97 725 200 779; x_wconf 88' lang='lat' dir='ltr'><strong>tuatus</strong></span> <span class='ocrx_word' id='word_1_24' title='bbox 216 726 262 778; x_wconf 91' lang='lat' dir='ltr'><strong>est</strong></span> <span class='ocrx_word' id='word_1_25' title='bbox 274 736 293 778; x_wconf 89' lang='lat' dir='ltr'><strong>e</strong></span> <span class='ocrx_word' id='word_1_26' title='bbox 307 712 459 777; x_wconf 84' lang='lat' dir='ltr'>Sermone</span> <span class='ocrx_word' id='word_1_27' title='bbox 473 722 579 796; x_wconf 86' lang='lat' dir='ltr'><strong>quarto</strong></span> <span class='ocrx_word' id='word_1_28' title='bbox 595 714 664 776; x_wconf 85' lang='lat' dir='ltr'><strong>libri</strong></span> <span class='ocrx_word' id='word_1_29' title='bbox 677 715 785 799; x_wconf 76' lang='lat' dir='ltr'><strong>primi,</strong></span> <span class='ocrx_word' id='word_1_30' title='bbox 807 736 839 780; x_wconf 84' lang='lat' dir='ltr'><strong>v.</strong></span> <span class='ocrx_word' id='word_1_31' title='bbox 855 718 894 783; x_wconf 85' lang='lat'><strong>61</strong></span> <span class='ocrx_word' id='word_1_32' title='bbox 911 736 977 802; x_wconf 63' lang='lat' dir='ltr'><strong>squ</strong></span> 
     </span>
    </p>

    <p class='ocr_par' dir='ltr' id='par_1_3' title="bbox 224 796 1286 972">
     <span class='ocr_line' id='line_1_5' title="bbox 224 796 1165 886; baseline 0.005 -22"><span class='ocrx_word' id='word_1_33' title='bbox 224 798 354 865; x_wconf 82' lang='lat' dir='ltr'><strong>Ebrius</strong></span> <span class='ocrx_word' id='word_1_34' title='bbox 367 808 411 879; x_wconf 85' lang='lat' dir='ltr'><strong>el,</strong></span> <span class='ocrx_word' id='word_1_35' title='bbox 436 817 606 881; x_wconf 70' lang='lat' dir='ltr'><strong>maguum</strong></span> <span class='ocrx_word' id='word_1_36' title='bbox 624 796 717 886; x_wconf 82' lang='lat' dir='ltr'><strong>quod</strong></span> <span class='ocrx_word' id='word_1_37' title='bbox 728 797 875 866; x_wconf 84' lang='lat' dir='ltr'><strong>dedecus</strong></span> <span class='ocrx_word' id='word_1_38' title='bbox 881 848 892 881; x_wconf 94' lang='lat'><strong>,</strong></span> <span class='ocrx_word' id='word_1_39' title='bbox 914 799 1070 868; x_wconf 83' lang='lat' dir='ltr'><strong>ambulet</strong></span> <span class='ocrx_word' id='word_1_40' title='bbox 1083 814 1165 869; x_wconf 84' lang='lat' dir='ltr'><strong>aule</strong></span> 
     </span>
     <span class='ocr_line' id='line_1_6' title="bbox 224 878 1286 972; baseline -0.013 -19"><span class='ocrx_word' id='word_1_41' title='bbox 224 883 374 953; x_wconf 79' lang='lat' dir='ltr'><strong><em>Noctem</em></strong></span> <span class='ocrx_word' id='word_1_42' title='bbox 391 906 470 949; x_wconf 89' lang='lat' dir='ltr'><strong>cum</strong></span> <span class='ocrx_word' id='word_1_43' title='bbox 480 880 633 972; x_wconf 84' lang='lat' dir='ltr'><strong>facibus.</strong></span> <span class='ocrx_word' id='word_1_44' title='bbox 1231 878 1286 939; x_wconf 78' lang='lat'><strong>552</strong></span> 
     </span>
    </p>

    <p class='ocr_par' dir='ltr' id='par_1_4' title="bbox 96 983 1235 1312">
     <span class='ocr_line' id='line_1_7' title="bbox 185 983 1235 1079; baseline 0.006 -24"><span class='ocrx_word' id='word_1_45' title='bbox 185 992 255 1055; x_wconf 83' lang='lat'><strong>167.</strong></span> <span class='ocrx_word' id='word_1_46' title='bbox 276 987 379 1076; x_wconf 82' lang='lat' dir='ltr'><strong>Euge</strong></span> <span class='ocrx_word' id='word_1_47' title='bbox 389 1008 493 1074; x_wconf 82' lang='lat' dir='ltr'><strong>puer,</strong></span> <span class='ocrx_word' id='word_1_48' title='bbox 514 983 643 1072; x_wconf 84' lang='lat' dir='ltr'><strong>sapias,</strong></span> <span class='ocrx_word' id='word_1_49' title='bbox 667 985 716 1070; x_wconf 78' lang='lat' dir='ltr'><strong>d]</strong></span> <span class='ocrx_word' id='word_1_50' title='bbox 739 984 786 1053; x_wconf 83' lang='lat' dir='ltr'><strong>Td</strong></span> <span class='ocrx_word' id='word_1_51' title='bbox 804 1010 922 1075; x_wconf 79' lang='lat' dir='ltr'><strong>sapsas</strong></span> <span class='ocrx_word' id='word_1_52' title='bbox 942 990 1090 1058; x_wconf 89' lang='lat' dir='ltr'><strong>insertum</strong></span> <span class='ocrx_word' id='word_1_53' title='bbox 1105 991 1163 1060; x_wconf 67' lang='lat' dir='ltr'><strong>test</strong></span> <span class='ocrx_word' id='word_1_54' title='bbox 1174 991 1235 1079; x_wconf 78' lang='grc' dir='ltr'><strong>μὲ-</strong></span> 
     </span>
     <span class='ocr_line' id='line_1_8' title="bbox 96 1074 1235 1157; baseline 0.006 -19"><span class='ocrx_word' id='word_1_55' title='bbox 96 1087 162 1139; x_wconf 83' lang='lat' dir='ltr'><strong>aov</strong></span> <span class='ocrx_word' id='word_1_56' title='bbox 182 1074 249 1139; x_wconf 91' lang='lat' dir='ltr'><strong>sine</strong></span> <span class='ocrx_word' id='word_1_57' title='bbox 269 1076 483 1157; x_wconf 87' lang='lat' dir='ltr'><strong>conjunctione</strong></span> <span class='ocrx_word' id='word_1_58' title='bbox 497 1074 683 1137; x_wconf 76' lang='lat' dir='ltr'><strong>Horatianus</strong></span> <span class='ocrx_word' id='word_1_59' title='bbox 703 1086 750 1137; x_wconf 90' lang='lat' dir='ltr'><strong>est</strong></span> <span class='ocrx_word' id='word_1_60' title='bbox 767 1078 952 1156; x_wconf 76' lang='lat' dir='ltr'><strong>venustatis,</strong></span> <span class='ocrx_word' id='word_1_61' title='bbox 973 1090 1007 1142; x_wconf 90' lang='lat' dir='ltr'><strong>ut</strong></span> <span class='ocrx_word' id='word_1_62' title='bbox 1024 1081 1058 1143; x_wconf 91' lang='lat' dir='ltr'><strong>in</strong></span> <span class='ocrx_word' id='word_1_63' title='bbox 1078 1083 1235 1145; x_wconf 89' lang='lat' dir='ltr'><strong>choriam-</strong></span> 
     </span>
     <span class='ocr_line' id='line_1_9' title="bbox 96 1157 1235 1255; baseline 0.007 -32"><span class='ocrx_word' id='word_1_64' title='bbox 96 1163 168 1224; x_wconf 86' lang='lat' dir='ltr'><strong>bico</strong></span> <span class='ocrx_word' id='word_1_65' title='bbox 188 1161 227 1224; x_wconf 89' lang='lat' dir='ltr'><strong>ad</strong></span> <span class='ocrx_word' id='word_1_66' title='bbox 241 1161 445 1225; x_wconf 74' lang='lat' dir='ltr'><strong>Leuconoiin:</strong></span> <span class='ocrx_word' id='word_1_67' title='bbox 468 1159 606 1248; x_wconf 83' lang='lat' dir='ltr'><strong>sapias,</strong></span> <span class='ocrx_word' id='word_1_68' title='bbox 628 1157 710 1225; x_wconf 83' lang='lat' dir='ltr'><strong>vina</strong></span> <span class='ocrx_word' id='word_1_69' title='bbox 727 1159 856 1248; x_wconf 82' lang='lat' dir='ltr'><strong>liques:</strong></span> <span class='ocrx_word' id='word_1_70' title='bbox 875 1164 937 1227; x_wconf 92' lang='lat' dir='ltr'><strong>hoc</strong></span> <span class='ocrx_word' id='word_1_71' title='bbox 958 1177 1004 1229; x_wconf 84' lang='lat' dir='ltr'><strong>est</strong></span> <span class='ocrx_word' id='word_1_72' title='bbox 1017 1168 1044 1230; x_wconf 86' lang='lat' dir='ltr'><strong>si</strong></span> <span class='ocrx_word' id='word_1_73' title='bbox 1064 1169 1181 1255; x_wconf 85' lang='lat' dir='ltr'><strong>sapias,</strong></span> <span class='ocrx_word' id='word_1_74' title='bbox 1199 1180 1235 1231; x_wconf 87' lang='lat' dir='ltr'><strong>ut</strong></span> 
     </span>
     <span class='ocr_line' id='line_1_10' title="bbox 96 1248 379 1312; baseline 0.004 -2"><span class='ocrx_word' id='word_1_75' title='bbox 96 1259 179 1310; x_wconf 89' lang='lat' dir='ltr'><strong>recte</strong></span> <span class='ocrx_word' id='word_1_76' title='bbox 198 1248 379 1312; x_wconf 85' lang='lat' dir='ltr'><strong>Priscianus.</strong></span> 
     </span>
    </p>
   </div>
   <div class='ocr_carea' id='block_1_3' title="bbox 94 1342 1321 2466">
    <p class='ocr_par' dir='ltr' id='par_1_5' title="bbox 180 1342 1236 1440">
     <span class='ocr_line' id='line_1_11' title="bbox 180 1342 1236 1440; baseline 0.008 -27"><span class='ocrx_word' id='word_1_77' title='bbox 180 1348 228 1413; x_wconf 90' lang='lat' dir='ltr'><strong>lb.</strong></span> <span class='ocrx_word' id='word_1_78' title='bbox 257 1346 341 1415; x_wconf 84' lang='lat' dir='ltr'><strong>Diis</strong></span> <span class='ocrx_word' id='word_1_79' title='bbox 369 1342 617 1434; x_wconf 77' lang='lat' dir='ltr'><em>depellentibus</em></span> <span class='ocrx_word' id='word_1_80' title='bbox 642 1366 774 1435; x_wconf 84' lang='lat' dir='ltr'><strong>agnam</strong></span> <span class='ocrx_word' id='word_1_81' title='bbox 797 1351 979 1437; x_wconf 74' lang='lat' dir='ltr'><strong>Parvula]</strong></span> <span class='ocrx_word' id='word_1_82' title='bbox 1014 1350 1086 1419; x_wconf 89' lang='lat' dir='ltr'><strong>Dii</strong></span> <span class='ocrx_word' id='word_1_83' title='bbox 1116 1351 1236 1440; x_wconf 79' lang='lat' dir='ltr'><strong>depel-</strong></span> 
     </span>
    </p>

    <p class='ocr_par' dir='ltr' id='par_1_6' title="bbox 94 1426 1238 2114">
     <span class='ocr_line' id='line_1_12' title="bbox 95 1426 1236 1525; baseline 0.002 -28"><span class='ocrx_word' id='word_1_84' title='bbox 95 1432 206 1499; x_wconf 84' lang='lat' dir='ltr'><em>lentes</em></span> <span class='ocrx_word' id='word_1_85' title='bbox 230 1448 304 1500; x_wconf 90' lang='lat' dir='ltr'><strong>sunt</strong></span> <span class='ocrx_word' id='word_1_86' title='bbox 332 1431 409 1499; x_wconf 78' lang='lat' dir='ltr'><strong>tlaol</strong></span> <span class='ocrx_word' id='word_1_87' title='bbox 431 1426 670 1515; x_wconf 79' lang='lat' dir='ltr'><strong>daorodamm:</strong></span> <span class='ocrx_word' id='word_1_88' title='bbox 697 1434 749 1519; x_wconf 90' lang='lat' dir='ltr'><strong>qui</strong></span> <span class='ocrx_word' id='word_1_89' title='bbox 772 1438 934 1523; x_wconf 88' lang='lat' dir='ltr'><strong>abaliquo</strong></span> <span class='ocrx_word' id='word_1_90' title='bbox 961 1441 1096 1525; x_wconf 84' lang='lat' dir='ltr'><strong>periculo</strong></span> <span class='ocrx_word' id='word_1_91' title='bbox 1121 1442 1236 1509; x_wconf 67' lang='lat' dir='ltr'><strong>servati</strong></span> 
     </span>
     <span class='ocr_line' id='line_1_13' title="bbox 95 1520 1235 1615; baseline 0.006 -31"><span class='ocrx_word' id='word_1_92' title='bbox 95 1525 231 1599; x_wconf 81' lang='lat' dir='ltr'><strong>fuerant,</strong></span> <span class='ocrx_word' id='word_1_93' title='bbox 251 1522 334 1585; x_wconf 87' lang='lat' dir='ltr'><strong>soliti</strong></span> <span class='ocrx_word' id='word_1_94' title='bbox 358 1520 416 1583; x_wconf 91' lang='lat' dir='ltr'><strong>diis</strong></span> <span class='ocrx_word' id='word_1_95' title='bbox 431 1520 602 1584; x_wconf 87' lang='lat' dir='ltr'><strong>averruncis</strong></span> <span class='ocrx_word' id='word_1_96' title='bbox 623 1540 734 1599; x_wconf 84' lang='lat' dir='ltr'><strong>agnam</strong></span> <span class='ocrx_word' id='word_1_97' title='bbox 755 1533 902 1586; x_wconf 86' lang='lat' dir='ltr'><strong>mactare:</strong></span> <span class='ocrx_word' id='word_1_98' title='bbox 924 1528 1009 1605; x_wconf 87' lang='lat' dir='ltr'><strong>cujus</strong></span> <span class='ocrx_word' id='word_1_99' title='bbox 1027 1527 1071 1589; x_wconf 91' lang='lat' dir='ltr'><strong>rei</strong></span> <span class='ocrx_word' id='word_1_100' title='bbox 1092 1531 1235 1615; x_wconf 86' lang='lat' dir='ltr'><strong>exempla</strong></span> 
     </span>
     <span class='ocr_line' id='line_1_14' title="bbox 95 1605 1236 1695; baseline 0.001 -24"><span class='ocrx_word' id='word_1_101' title='bbox 95 1607 179 1695; x_wconf 88' lang='lat' dir='ltr'><strong>apud</strong></span> <span class='ocrx_word' id='word_1_102' title='bbox 204 1608 329 1672; x_wconf 89' lang='lat' dir='ltr'><strong>Latinos</strong></span> <span class='ocrx_word' id='word_1_103' title='bbox 356 1605 464 1693; x_wconf 72' lang='lat' dir='ltr'><strong>politas</strong></span> <span class='ocrx_word' id='word_1_104' title='bbox 490 1616 607 1685; x_wconf 83' lang='lat' dir='ltr'><strong>extant,</strong></span> <span class='ocrx_word' id='word_1_105' title='bbox 637 1605 796 1685; x_wconf 85' lang='lat' dir='ltr'><strong>Plautum,</strong></span> <span class='ocrx_word' id='word_1_106' title='bbox 826 1610 1009 1678; x_wconf 82' lang='lat' dir='ltr'><strong>Horatium:</strong></span> <span class='ocrx_word' id='word_1_107' title='bbox 1048 1609 1236 1677; x_wconf 87' lang='lat' dir='ltr'><strong>Graecorum</strong></span> 
     </span>
     <span class='ocr_line' id='line_1_15' title="bbox 95 1689 1236 1781; baseline 0.006 -25"><span class='ocrx_word' id='word_1_108' title='bbox 95 1714 220 1781; x_wconf 90' lang='lat' dir='ltr'><strong>quoque</strong></span> <span class='ocrx_word' id='word_1_109' title='bbox 237 1695 334 1757; x_wconf 85' lang='lat' dir='ltr'><strong>luisse</strong></span> <span class='ocrx_word' id='word_1_110' title='bbox 355 1690 489 1755; x_wconf 81' lang='lat' dir='ltr'><strong>candem</strong></span> <span class='ocrx_word' id='word_1_111' title='bbox 510 1689 764 1755; x_wconf 89' lang='lat' dir='ltr'><strong>consuetudinem</strong></span> <span class='ocrx_word' id='word_1_112' title='bbox 787 1715 827 1755; x_wconf 88' lang='lat' dir='ltr'><strong>ex</strong></span> <span class='ocrx_word' id='word_1_113' title='bbox 844 1694 906 1757; x_wconf 87' lang='lat' dir='ltr'><strong>hoc</strong></span> <span class='ocrx_word' id='word_1_114' title='bbox 932 1699 1002 1759; x_wconf 92' lang='lat' dir='ltr'><strong>loco</strong></span> <span class='ocrx_word' id='word_1_115' title='bbox 1028 1698 1236 1781; x_wconf 80' lang='lat' dir='ltr'><strong>intelligimus,</strong></span> 
     </span>
     <span class='ocr_line' id='line_1_16' title="bbox 94 1774 1237 1868; baseline 0.007 -27"><span class='ocrx_word' id='word_1_116' title='bbox 94 1778 168 1867; x_wconf 87' lang='lat' dir='ltr'><strong>quia</strong></span> <span class='ocrx_word' id='word_1_117' title='bbox 183 1801 245 1841; x_wconf 90' lang='lat' dir='ltr'><strong>non</strong></span> <span class='ocrx_word' id='word_1_118' title='bbox 259 1776 461 1842; x_wconf 84' lang='lat' dir='ltr'><strong>dubitandum</strong></span> <span class='ocrx_word' id='word_1_119' title='bbox 479 1787 524 1839; x_wconf 91' lang='lat' dir='ltr'><strong>est</strong></span> <span class='ocrx_word' id='word_1_120' title='bbox 538 1799 556 1840; x_wconf 89' lang='lat' dir='ltr'><strong>e</strong></span> <span class='ocrx_word' id='word_1_121' title='bbox 569 1774 742 1840; x_wconf 83' lang='lat' dir='ltr'><strong>Menandro</strong></span> <span class='ocrx_word' id='word_1_122' title='bbox 761 1789 890 1843; x_wconf 86' lang='lat' dir='ltr'><strong>tractum</strong></span> <span class='ocrx_word' id='word_1_123' title='bbox 904 1803 988 1863; x_wconf 87' lang='lat' dir='ltr'><strong>essa,</strong></span> <span class='ocrx_word' id='word_1_124' title='bbox 1010 1783 1094 1868; x_wconf 89' lang='lat' dir='ltr'><strong>quod</strong></span> <span class='ocrx_word' id='word_1_125' title='bbox 1108 1786 1177 1848; x_wconf 90' lang='lat' dir='ltr'><strong>heic</strong></span> <span class='ocrx_word' id='word_1_126' title='bbox 1189 1788 1237 1849; x_wconf 86' lang='lat' dir='ltr'><strong>le-</strong></span> 
     </span>
     <span class='ocr_line' id='line_1_17' title="bbox 95 1863 1238 1953; baseline 0.007 -26"><span class='ocrx_word' id='word_1_127' title='bbox 95 1866 175 1947; x_wconf 82' lang='lat' dir='ltr'><strong>gitur</strong></span> <span class='ocrx_word' id='word_1_128' title='bbox 199 1864 283 1953; x_wconf 87' lang='lat' dir='ltr'><strong>apud</strong></span> <span class='ocrx_word' id='word_1_129' title='bbox 303 1863 458 1928; x_wconf 72' lang='lat' dir='ltr'><strong>Persiuma</strong></span> <span class='ocrx_word' id='word_1_130' title='bbox 508 1870 581 1924; x_wconf 81' lang='lat' dir='ltr'><strong>uate</strong></span> <span class='ocrx_word' id='word_1_131' title='bbox 604 1866 713 1925; x_wconf 85' lang='lat' dir='ltr'><strong>frustra</strong></span> <span class='ocrx_word' id='word_1_132' title='bbox 740 1866 911 1949; x_wconf 88' lang='lat' dir='ltr'><strong>quaesitum</strong></span> <span class='ocrx_word' id='word_1_133' title='bbox 939 1870 1152 1950; x_wconf 89' lang='lat' dir='ltr'><strong>anonnullis‚</strong></span> <span class='ocrx_word' id='word_1_134' title='bbox 1184 1892 1238 1935; x_wconf 89' lang='lat' dir='ltr'><strong>cur</strong></span> 
     </span>
     <span class='ocr_line' id='line_1_18' title="bbox 95 1948 1236 2043; baseline 0.007 -29"><span class='ocrx_word' id='word_1_135' title='bbox 95 1971 209 2032; x_wconf 82' lang='lat' dir='ltr'><strong>aguam</strong></span> <span class='ocrx_word' id='word_1_136' title='bbox 226 1952 297 2014; x_wconf 85' lang='lat' dir='ltr'><strong>heic</strong></span> <span class='ocrx_word' id='word_1_137' title='bbox 313 1948 480 2012; x_wconf 89' lang='lat' dir='ltr'><strong>nominarit</strong></span> <span class='ocrx_word' id='word_1_138' title='bbox 525 1948 619 2012; x_wconf 89' lang='lat' dir='ltr'><strong>ersius</strong></span> <span class='ocrx_word' id='word_1_139' title='bbox 637 1949 740 2033; x_wconf 89' lang='lat' dir='ltr'><strong>potius</strong></span> <span class='ocrx_word' id='word_1_140' title='bbox 760 1961 853 2035; x_wconf 80' lang='lat' dir='ltr'><strong>quam</strong></span> <span class='ocrx_word' id='word_1_141' title='bbox 873 1964 908 2015; x_wconf 89' lang='lat' dir='ltr'><strong>ut</strong></span> <span class='ocrx_word' id='word_1_142' title='bbox 918 1954 1065 2019; x_wconf 86' lang='lat' dir='ltr'><strong>Horatius</strong></span> <span class='ocrx_word' id='word_1_143' title='bbox 1084 1978 1236 2043; x_wconf 84' lang='lat' dir='ltr'><strong>porcum:</strong></span> 
     </span>
     <span class='ocr_line' id='line_1_19' title="bbox 95 2032 808 2114; baseline -0.01 -12"><span class='ocrx_word' id='word_1_144' title='bbox 95 2038 139 2102; x_wconf 88' lang='lat' dir='ltr'><strong>sic</strong></span> <span class='ocrx_word' id='word_1_145' title='bbox 153 2036 206 2100; x_wconf 89' lang='lat' dir='ltr'><strong>ille</strong></span> <span class='ocrx_word' id='word_1_146' title='bbox 219 2036 318 2101; x_wconf 88' lang='lat' dir='ltr'><strong>Satira</strong></span> <span class='ocrx_word' id='word_1_147' title='bbox 336 2036 425 2097; x_wconf 85' lang='lat' dir='ltr'><strong>tertia</strong></span> <span class='ocrx_word' id='word_1_148' title='bbox 442 2034 512 2097; x_wconf 84' lang='lat' dir='ltr'><strong>libri</strong></span> <span class='ocrx_word' id='word_1_149' title='bbox 522 2032 664 2114; x_wconf 87' lang='lat' dir='ltr'><strong>secundi,</strong></span> <span class='ocrx_word' id='word_1_150' title='bbox 684 2055 715 2099; x_wconf 79' lang='lat' dir='ltr'><strong>t.</strong></span> <span class='ocrx_word' id='word_1_151' title='bbox 732 2035 808 2100; x_wconf 79' lang='lat'>164:</span> 
     </span>
    </p>

    <p class='ocr_par' dir='ltr' id='par_1_7' title="bbox 225 2117 1196 2215">
     <span class='ocr_line' id='line_1_20' title="bbox 225 2117 1196 2215; baseline 0.003 -28"><span class='ocrx_word' id='word_1_152' title='bbox 225 2118 309 2187; x_wconf 83' lang='lat' dir='ltr'><strong>Noa</strong></span> <span class='ocrx_word' id='word_1_153' title='bbox 324 2129 378 2183; x_wconf 86' lang='lat' dir='ltr'><strong>est</strong></span> <span class='ocrx_word' id='word_1_154' title='bbox 389 2118 552 2207; x_wconf 82' lang='lat' dir='ltr'><strong>perjurus</strong></span> <span class='ocrx_word' id='word_1_155' title='bbox 567 2140 676 2204; x_wconf 84' lang='lat' dir='ltr'><strong>neque</strong></span> <span class='ocrx_word' id='word_1_156' title='bbox 697 2117 876 2202; x_wconf 63' lang='lat' dir='ltr'><strong>sordidum</strong></span> <span class='ocrx_word' id='word_1_157' title='bbox 898 2121 1057 2189; x_wconf 85' lang='lat' dir='ltr'><strong>immolet</strong></span> <span class='ocrx_word' id='word_1_158' title='bbox 1073 2124 1196 2215; x_wconf 80' lang='lat' dir='ltr'><strong>aequis</strong></span> 
     </span>
    </p>

    <p class='ocr_par' dir='ltr' id='par_1_8' title="bbox 95 2200 1321 2466">
     <span class='ocr_line' id='line_1_21' title="bbox 225 2200 662 2292; baseline -0.005 -21"><span class='ocrx_word' id='word_1_159' title='bbox 225 2204 298 2271; x_wconf 89' lang='lat' dir='ltr'><strong>Hic</strong></span> <span class='ocrx_word' id='word_1_160' title='bbox 319 2226 465 2292; x_wconf 85' lang='lat' dir='ltr'><strong>porcum</strong></span> <span class='ocrx_word' id='word_1_161' title='bbox 485 2200 662 2269; x_wconf 75' lang='lat' dir='ltr'><strong>Laribus:</strong></span> 
     </span>
     <span class='ocr_line' id='line_1_22' title="bbox 95 2288 1321 2382; baseline 0.005 -26"><span class='ocrx_word' id='word_1_162' title='bbox 95 2294 180 2379; x_wconf 89' lang='lat' dir='ltr'><strong>atqui</strong></span> <span class='ocrx_word' id='word_1_163' title='bbox 205 2305 325 2381; x_wconf 86' lang='lat' dir='ltr'><strong>praeter</strong></span> <span class='ocrx_word' id='word_1_164' title='bbox 346 2312 486 2378; x_wconf 84' lang='lat' dir='ltr'><strong>caussam</strong></span> <span class='ocrx_word' id='word_1_165' title='bbox 505 2292 657 2375; x_wconf 80' lang='lat' dir='ltr'><strong>sacrificii,</strong></span> <span class='ocrx_word' id='word_1_166' title='bbox 686 2312 767 2375; x_wconf 86' lang='lat' dir='ltr'><strong>quae</strong></span> <span class='ocrx_word' id='word_1_167' title='bbox 786 2288 897 2357; x_wconf 87' lang='lat' dir='ltr'><strong>eadem</strong></span> <span class='ocrx_word' id='word_1_168' title='bbox 915 2305 977 2375; x_wconf 88' lang='lat' dir='ltr'><strong>est,</strong></span> <span class='ocrx_word' id='word_1_169' title='bbox 1000 2297 1041 2359; x_wconf 94' lang='lat' dir='ltr'><strong>ob</strong></span> <span class='ocrx_word' id='word_1_170' title='bbox 1061 2309 1237 2382; x_wconf 85' lang='lat' dir='ltr'><strong>superatum</strong></span> <span class='ocrx_word' id='word_1_171' title='bbox 1318 2326 1321 2331; x_wconf 92' lang='lat'>·</span> 
     </span>
     <span class='ocr_line' id='line_1_23' title="bbox 96 2374 1237 2466; baseline 0.004 -24"><span class='ocrx_word' id='word_1_172' title='bbox 96 2381 191 2442; x_wconf 90' lang='lat' dir='ltr'><strong>animi</strong></span> <span class='ocrx_word' id='word_1_173' title='bbox 211 2382 371 2442; x_wconf 86' lang='lat' dir='ltr'><strong>morbum:</strong></span> <span class='ocrx_word' id='word_1_174' title='bbox 395 2389 512 2439; x_wconf 88' lang='lat' dir='ltr'><strong>caetera</strong></span> <span class='ocrx_word' id='word_1_175' title='bbox 536 2378 639 2440; x_wconf 88' lang='lat' dir='ltr'><strong>omnia</strong></span> <span class='ocrx_word' id='word_1_176' title='bbox 661 2374 799 2445; x_wconf 83' lang='lat' dir='ltr'><strong>diversa:</strong></span> <span class='ocrx_word' id='word_1_177' title='bbox 828 2402 930 2466; x_wconf 88' lang='lat' dir='ltr'><strong>nequo</strong></span> <span class='ocrx_word' id='word_1_178' title='bbox 950 2382 1033 2445; x_wconf 90' lang='lat' dir='ltr'><strong>enim</strong></span> <span class='ocrx_word' id='word_1_179' title='bbox 1051 2382 1147 2446; x_wconf 91' lang='lat' dir='ltr'><strong>iidem</strong></span> <span class='ocrx_word' id='word_1_180' title='bbox 1164 2396 1237 2448; x_wconf 89' lang='lat' dir='ltr'><strong>sunt</strong></span> 
     </span>
    </p>
   </div>
   <div class='ocr_carea' id='block_1_4' title="bbox 94 2461 1236 2629">
    <p class='ocr_par' dir='ltr' id='par_1_9' title="bbox 94 2461 1236 2629">
     <span class='ocr_line' id='line_1_24' title="bbox 97 2461 1236 2558; baseline 0.006 -30"><span class='ocrx_word' id='word_1_181' title='bbox 97 2465 141 2528; x_wconf 91' lang='lat' dir='ltr'><strong>dii</strong></span> <span class='ocrx_word' id='word_1_182' title='bbox 155 2465 343 2552; x_wconf 77' lang='lat' dir='ltr'><strong>depellentes</strong></span> <span class='ocrx_word' id='word_1_183' title='bbox 363 2475 392 2526; x_wconf 90' lang='lat' dir='ltr'><strong>et</strong></span> <span class='ocrx_word' id='word_1_184' title='bbox 405 2464 514 2542; x_wconf 86' lang='lat' dir='ltr'><strong>Lares,</strong></span> <span class='ocrx_word' id='word_1_185' title='bbox 536 2474 568 2526; x_wconf 87' lang='lat' dir='ltr'><strong>et</strong></span> <span class='ocrx_word' id='word_1_186' title='bbox 583 2464 656 2527; x_wconf 89' lang='lat' dir='ltr'><strong>ritus</strong></span> <span class='ocrx_word' id='word_1_187' title='bbox 670 2461 831 2530; x_wconf 84' lang='lat' dir='ltr'><strong>Romanos</strong></span> <span class='ocrx_word' id='word_1_188' title='bbox 849 2486 884 2529; x_wconf 89' lang='lat' dir='ltr'><strong>ac</strong></span> <span class='ocrx_word' id='word_1_189' title='bbox 899 2464 1033 2533; x_wconf 85' lang='lat' dir='ltr'><strong>Graecos</strong></span> <span class='ocrx_word' id='word_1_190' title='bbox 1049 2466 1236 2558; x_wconf 87' lang='lat' dir='ltr'><strong>discrepasse</strong></span> 
     </span>
     <span class='ocr_line' id='line_1_25' title="bbox 94 2551 948 2629; baseline -0.011 -13"><span class='ocrx_word' id='word_1_191' title='bbox 94 2551 246 2616; x_wconf 89' lang='lat' dir='ltr'><strong>inmultis</strong></span> <span class='ocrx_word' id='word_1_192' title='bbox 266 2572 360 2613; x_wconf 91' lang='lat' dir='ltr'><strong>nemo</strong></span> <span class='ocrx_word' id='word_1_193' title='bbox 375 2551 504 2629; x_wconf 83' lang='lat' dir='ltr'><strong>ignorat.</strong></span> <span class='ocrx_word' id='word_1_194' title='bbox 944 2568 948 2579; x_wconf 90' lang='grc'><em>·</em></span> 
     </span>
    </p>
   </div>
   <div class='ocr_carea' id='block_1_5' title="bbox 96 2648 1237 3082">
    <p class='ocr_par' dir='ltr' id='par_1_10' title="bbox 96 2648 1237 3082">
     <span class='ocr_line' id='line_1_26' title="bbox 184 2648 1237 2741; baseline 0.005 -22"><span class='ocrx_word' id='word_1_195' title='bbox 184 2661 255 2720; x_wconf 73' lang='lat'><strong>172.</strong></span> <span class='ocrx_word' id='word_1_196' title='bbox 279 2649 337 2717; x_wconf 92' lang='lat' dir='ltr'><strong>Ne</strong></span> <span class='ocrx_word' id='word_1_197' title='bbox 353 2672 454 2730; x_wconf 84' lang='lat' dir='ltr'><strong>nunc,</strong></span> <span class='ocrx_word' id='word_1_198' title='bbox 476 2672 557 2713; x_wconf 89' lang='lat' dir='ltr'><strong>cum</strong></span> <span class='ocrx_word' id='word_1_199' title='bbox 574 2661 737 2718; x_wconf 85' lang='lat' dir='ltr'><strong>accersat</strong></span> <span class='ocrx_word' id='word_1_200' title='bbox 755 2662 791 2717; x_wconf 88' lang='lat' dir='ltr'><strong>et</strong></span> <span class='ocrx_word' id='word_1_201' title='bbox 805 2648 897 2716; x_wconf 87' lang='lat' dir='ltr'><strong>ultro</strong></span> <span class='ocrx_word' id='word_1_202' title='bbox 911 2650 1106 2741; x_wconf 82' lang='lat' dir='ltr'><strong>Supplicet‚</strong></span> <span class='ocrx_word' id='word_1_203' title='bbox 1129 2678 1237 2723; x_wconf 88' lang='lat' dir='ltr'><strong>acce-</strong></span> 
     </span>
     <span class='ocr_line' id='line_1_27' title="bbox 97 2737 555 2825; baseline -0.009 -20"><span class='ocrx_word' id='word_1_204' title='bbox 97 2738 221 2825; x_wconf 76' lang='lat' dir='ltr'><strong>daml]</strong></span> <span class='ocrx_word' id='word_1_205' title='bbox 244 2737 406 2818; x_wconf 82' lang='lat' dir='ltr'><strong>Horatius,</strong></span> <span class='ocrx_word' id='word_1_206' title='bbox 426 2740 555 2811; x_wconf 66' lang='lat' dir='ltr'><strong>mibi:</strong></span> 
     </span>
     <span class='ocr_line' id='line_1_28' title="bbox 432 2822 1069 2906; baseline 0 -19"><span class='ocrx_word' id='word_1_207' title='bbox 432 2842 496 2887; x_wconf 84' lang='lat' dir='ltr'><strong>nec</strong></span> <span class='ocrx_word' id='word_1_208' title='bbox 510 2843 617 2901; x_wconf 82' lang='lat' dir='ltr'><strong>nuuc,</strong></span> <span class='ocrx_word' id='word_1_209' title='bbox 638 2842 719 2886; x_wconf 91' lang='lat' dir='ltr'><strong>cum</strong></span> <span class='ocrx_word' id='word_1_210' title='bbox 732 2842 787 2887; x_wconf 84' lang='lat' dir='ltr'><strong>me</strong></span> <span class='ocrx_word' id='word_1_211' title='bbox 805 2830 905 2887; x_wconf 80' lang='lat' dir='ltr'><strong>vocet</strong></span> <span class='ocrx_word' id='word_1_212' title='bbox 919 2822 1024 2906; x_wconf 87' lang='lat' dir='ltr'><strong>ultro,</strong></span> <span class='ocrx_word' id='word_1_213' title='bbox 1066 2824 1069 2829; x_wconf 81' lang='grc'><strong>’</strong></span> 
     </span>
     <span class='ocr_line' id='line_1_29' title="bbox 224 2904 430 2974; baseline -0.015 0"><span class='ocrx_word' id='word_1_214' title='bbox 224 2904 430 2974; x_wconf 81' lang='lat' dir='ltr'><strong>Accedam?</strong></span> 
     </span>
     <span class='ocr_line' id='line_1_30' title="bbox 96 2990 1236 3082; baseline -0.003 -20"><span class='ocrx_word' id='word_1_215' title='bbox 96 2999 165 3082; x_wconf 90' lang='lat' dir='ltr'><strong>[Ob</strong></span> <span class='ocrx_word' id='word_1_216' title='bbox 184 2996 281 3061; x_wconf 88' lang='lat' dir='ltr'><strong>Persii</strong></span> <span class='ocrx_word' id='word_1_217' title='bbox 297 2998 400 3058; x_wconf 91' lang='lat' dir='ltr'><strong>locum</strong></span> <span class='ocrx_word' id='word_1_218' title='bbox 424 2993 475 3057; x_wconf 89' lang='lat' dir='ltr'><strong>bic</strong></span> <span class='ocrx_word' id='word_1_219' title='bbox 498 3014 708 3057; x_wconf 87' lang='lat' dir='ltr'><strong>memoramus</strong></span> <span class='ocrx_word' id='word_1_220' title='bbox 733 3014 753 3055; x_wconf 88' lang='lat' dir='ltr'><strong>a</strong></span> <span class='ocrx_word' id='word_1_221' title='bbox 771 2990 874 3057; x_wconf 87' lang='lat' dir='ltr'><strong>Bentl.</strong></span> <span class='ocrx_word' id='word_1_222' title='bbox 900 3015 919 3057; x_wconf 88' lang='lat' dir='ltr'><strong>e</strong></span> <span class='ocrx_word' id='word_1_223' title='bbox 943 2990 1042 3059; x_wconf 83' lang='lat' dir='ltr'><strong>Godd.</strong></span> <span class='ocrx_word' id='word_1_224' title='bbox 1066 2996 1236 3082; x_wconf 88' lang='lat' dir='ltr'><strong>repositum</strong></span> 
     </span>
    </p>
   </div>
   <div class='ocr_carea' id='block_1_6' title="bbox 95 3078 1237 3164">
    <p class='ocr_par' dir='ltr' id='par_1_11' title="bbox 95 3078 1237 3164">
     <span class='ocr_line' id='line_1_31' title="bbox 95 3078 1237 3164; baseline 0 -15"><span class='ocrx_word' id='word_1_225' title='bbox 95 3106 166 3149; x_wconf 88' lang='lat' dir='ltr'><strong>esse</strong></span> <span class='ocrx_word' id='word_1_226' title='bbox 192 3104 234 3146; x_wconf 84' lang='lat' dir='ltr'><strong>ne</strong></span> <span class='ocrx_word' id='word_1_227' title='bbox 258 3103 369 3145; x_wconf 83' lang='lat' dir='ltr'><strong>nunc:</strong></span> <span class='ocrx_word' id='word_1_228' title='bbox 421 3079 484 3143; x_wconf 91' lang='lat' dir='ltr'><strong>uod</strong></span> <span class='ocrx_word' id='word_1_229' title='bbox 508 3092 630 3144; x_wconf 69' lang='lat' dir='ltr'><strong>seruant</strong></span> <span class='ocrx_word' id='word_1_230' title='bbox 654 3090 780 3142; x_wconf 89' lang='lat' dir='ltr'><strong>recentt.</strong></span> <span class='ocrx_word' id='word_1_231' title='bbox 808 3090 840 3141; x_wconf 89' lang='lat' dir='ltr'><strong>et</strong></span> <span class='ocrx_word' id='word_1_232' title='bbox 862 3083 993 3164; x_wconf 89' lang='lat' dir='ltr'><strong>probant</strong></span> <span class='ocrx_word' id='word_1_233' title='bbox 1023 3078 1189 3147; x_wconf 89' lang='lat' dir='ltr'><strong>dictionem</strong></span> <span class='ocrx_word' id='word_1_234' title='bbox 1217 3106 1237 3149; x_wconf 85' lang='lat' dir='ltr'><strong>e</strong></span> 
     </span>
    </p>
   </div>
   <div class='ocr_carea' id='block_1_7' title="bbox 94 3102 965 3252">
    <p class='ocr_par' dir='ltr' id='par_1_12' title="bbox 94 3102 965 3252">
     <span class='ocr_line' id='line_1_32' title="bbox 94 3102 965 3252; baseline -0.009 -17"><span class='ocrx_word' id='word_1_235' title='bbox 94 3170 222 3236; x_wconf 84' lang='lat' dir='ltr'><strong>Rubnk.</strong></span> <span class='ocrx_word' id='word_1_236' title='bbox 240 3168 280 3231; x_wconf 86' lang='lat' dir='ltr'><strong>ad</strong></span> <span class='ocrx_word' id='word_1_237' title='bbox 298 3102 486 3252; x_wconf 70' lang='lat' dir='ltr'><strong>Rutillup.</strong></span> <span class='ocrx_word' id='word_1_238' title='bbox 505 3170 612 3252; x_wconf 78' lang='lat' dir='ltr'><strong>p.129</strong></span> <span class='ocrx_word' id='word_1_239' title='bbox 637 3177 668 3229; x_wconf 89' lang='lat' dir='ltr'><strong>et</strong></span> <span class='ocrx_word' id='word_1_240' title='bbox 686 3166 724 3230; x_wconf 90' lang='lat' dir='ltr'><strong>al.</strong></span> <span class='ocrx_word' id='word_1_241' title='bbox 741 3186 788 3252; x_wconf 86' lang='lat' dir='ltr'><strong>ap.</strong></span> <span class='ocrx_word' id='word_1_242' title='bbox 802 3163 965 3247; x_wconf 86' lang='lat' dir='ltr'><strong>Doering.]</strong></span> 
     </span>
    </p>
   </div>
   <div class='ocr_carea' id='block_1_8' title="bbox 94 3264 1336 4577">
    <p class='ocr_par' dir='ltr' id='par_1_13' title="bbox 94 3264 1238 3529">
     <span class='ocr_line' id='line_1_33' title="bbox 185 3264 1238 3352; baseline -0.001 -13"><span class='ocrx_word' id='word_1_243' title='bbox 185 3271 258 3339; x_wconf 75' lang='lat'><strong>174.</strong></span> <span class='ocrx_word' id='word_1_244' title='bbox 280 3267 365 3347; x_wconf 87' lang='lat' dir='ltr'><strong>Hic,</strong></span> <span class='ocrx_word' id='word_1_245' title='bbox 388 3265 445 3333; x_wconf 84' lang='lat' dir='ltr'><strong>lsic</strong></span> <span class='ocrx_word' id='word_1_246' title='bbox 459 3287 562 3352; x_wconf 84' lang='lat' dir='ltr'><strong>quem</strong></span> <span class='ocrx_word' id='word_1_247' title='bbox 572 3267 783 3352; x_wconf 79' lang='lat' dir='ltr'><strong>quaerimus,</strong></span> <span class='ocrx_word' id='word_1_248' title='bbox 805 3264 862 3332; x_wconf 84' lang='lat' dir='ltr'><strong>bic</strong></span> <span class='ocrx_word' id='word_1_249' title='bbox 878 3268 954 3349; x_wconf 77' lang='lat' dir='ltr'><strong>est]</strong></span> <span class='ocrx_word' id='word_1_250' title='bbox 979 3267 1119 3333; x_wconf 88' lang='lat' dir='ltr'><strong>Omnino</strong></span> <span class='ocrx_word' id='word_1_251' title='bbox 1141 3273 1238 3338; x_wconf 87' lang='lat' dir='ltr'><strong>alium</strong></span> 
     </span>
     <span class='ocr_line' id='line_1_34' title="bbox 97 3354 1238 3442; baseline 0 -19"><span class='ocrx_word' id='word_1_252' title='bbox 97 3360 222 3424; x_wconf 86' lang='lat' dir='ltr'><strong>Horatii</strong></span> <span class='ocrx_word' id='word_1_253' title='bbox 232 3361 336 3420; x_wconf 90' lang='lat' dir='ltr'><strong>locum</strong></span> <span class='ocrx_word' id='word_1_254' title='bbox 349 3357 491 3442; x_wconf 84' lang='lat' dir='ltr'><strong>respexit,</strong></span> <span class='ocrx_word' id='word_1_255' title='bbox 506 3376 573 3417; x_wconf 88' lang='lat' dir='ltr'><strong>exe</strong></span> <span class='ocrx_word' id='word_1_256' title='bbox 596 3355 684 3417; x_wconf 84' lang='lat' dir='ltr'><strong>istola</strong></span> <span class='ocrx_word' id='word_1_257' title='bbox 698 3354 738 3417; x_wconf 89' lang='lat' dir='ltr'><strong>ad</strong></span> <span class='ocrx_word' id='word_1_258' title='bbox 746 3355 898 3420; x_wconf 85' lang='lat' dir='ltr'><strong>Scaevam</strong></span> <span class='ocrx_word' id='word_1_259' title='bbox 913 3355 991 3419; x_wconf 90' lang='lat' dir='ltr'><strong>libro</strong></span> <span class='ocrx_word' id='word_1_260' title='bbox 1005 3356 1116 3442; x_wconf 87' lang='lat' dir='ltr'><strong>primo,</strong></span> <span class='ocrx_word' id='word_1_261' title='bbox 1128 3356 1238 3441; x_wconf 86' lang='lat' dir='ltr'><strong>XVII,</strong></span> 
     </span>
     <span class='ocr_line' id='line_1_35' title="bbox 94 3439 963 3529; baseline -0.01 -17"><span class='ocrx_word' id='word_1_262' title='bbox 94 3468 128 3512; x_wconf 80' lang='lat' dir='ltr'><strong>v.</strong></span> <span class='ocrx_word' id='word_1_263' title='bbox 145 3452 205 3511; x_wconf 79' lang='lat'><strong>39:</strong></span> <span class='ocrx_word' id='word_1_264' title='bbox 228 3444 282 3507; x_wconf 93' lang='lat' dir='ltr'><strong>ubi</strong></span> <span class='ocrx_word' id='word_1_265' title='bbox 306 3443 469 3529; x_wconf 90' lang='lat' dir='ltr'><strong>disputatio</strong></span> <span class='ocrx_word' id='word_1_266' title='bbox 485 3462 549 3503; x_wconf 88' lang='lat' dir='ltr'><strong>uon</strong></span> <span class='ocrx_word' id='word_1_267' title='bbox 588 3442 595 3456; x_wconf 83' lang='grc'><em>’</em></span> <span class='ocrx_word' id='word_1_268' title='bbox 628 3440 720 3505; x_wconf 87' lang='lat' dir='ltr'><strong>imilis</strong></span> <span class='ocrx_word' id='word_1_269' title='bbox 736 3442 780 3505; x_wconf 88' lang='lat' dir='ltr'><strong>ita</strong></span> <span class='ocrx_word' id='word_1_270' title='bbox 799 3439 963 3504; x_wconf 85' lang='lat' dir='ltr'><strong>clauditur:</strong></span> 
     </span>
    </p>

    <p class='ocr_par' dir='ltr' id='par_1_14' title="bbox 257 3524 1336 3603">
     <span class='ocr_line' id='line_1_36' title="bbox 257 3524 1336 3603; baseline -0.003 -13"><span class='ocrx_word' id='word_1_271' title='bbox 257 3540 260 3545; x_wconf 84' lang='lat'>&#39;</span> <span class='ocrx_word' id='word_1_272' title='bbox 929 3534 968 3588; x_wconf 84' lang='lat' dir='ltr'><strong>al</strong></span> <span class='ocrx_word' id='word_1_273' title='bbox 991 3524 1029 3589; x_wconf 89' lang='lat' dir='ltr'><strong>ui</strong></span> <span class='ocrx_word' id='word_1_274' title='bbox 1235 3542 1288 3603; x_wconf 77' lang='lat'><strong>553</strong></span> <span class='ocrx_word' id='word_1_275' title='bbox 1332 3592 1336 3599; x_wconf 68' lang='grc'><em>,</em></span> 
     </span>
    </p>

    <p class='ocr_par' dir='ltr' id='par_1_15' title="bbox 94 3548 1238 4052">
     <span class='ocr_line' id='line_1_37' title="bbox 226 3548 1029 3699; baseline -0.006 -22"><span class='ocrx_word' id='word_1_276' title='bbox 226 3610 318 3678; x_wconf 88' lang='lat' dir='ltr'><strong>Heic</strong></span> <span class='ocrx_word' id='word_1_277' title='bbox 341 3620 395 3675; x_wconf 87' lang='lat' dir='ltr'><strong>est</strong></span> <span class='ocrx_word' id='word_1_278' title='bbox 407 3618 471 3675; x_wconf 86' lang='lat' dir='ltr'><strong>aut</strong></span> <span class='ocrx_word' id='word_1_279' title='bbox 490 3630 680 3695; x_wconf 84' lang='lat' dir='ltr'><strong>nusquam,</strong></span> <span class='ocrx_word' id='word_1_280' title='bbox 703 3606 796 3699; x_wconf 84' lang='lat' dir='ltr'><strong>quod</strong></span> <span class='ocrx_word' id='word_1_281' title='bbox 808 3548 1029 3697; x_wconf 72' lang='lat' dir='ltr'><strong>quaerimiu:</strong></span> 
     </span>
     <span class='ocr_line' id='line_1_38' title="bbox 94 3695 1238 3789; baseline -0.002 -22"><span class='ocrx_word' id='word_1_282' title='bbox 94 3702 155 3767; x_wconf 83' lang='lat' dir='ltr'><strong>scd</strong></span> <span class='ocrx_word' id='word_1_283' title='bbox 176 3701 260 3789; x_wconf 87' lang='lat' dir='ltr'><strong>apud</strong></span> <span class='ocrx_word' id='word_1_284' title='bbox 280 3700 421 3764; x_wconf 85' lang='lat' dir='ltr'><strong>Persium</strong></span> <span class='ocrx_word' id='word_1_285' title='bbox 439 3720 505 3761; x_wconf 88' lang='lat' dir='ltr'><strong>non</strong></span> <span class='ocrx_word' id='word_1_286' title='bbox 526 3720 653 3761; x_wconf 84' lang='lat' dir='ltr'><strong>necesse</strong></span> <span class='ocrx_word' id='word_1_287' title='bbox 671 3708 719 3761; x_wconf 88' lang='lat' dir='ltr'><strong>est</strong></span> <span class='ocrx_word' id='word_1_288' title='bbox 737 3698 870 3761; x_wconf 83' lang='lat' dir='ltr'><strong>scribere</strong></span> <span class='ocrx_word' id='word_1_289' title='bbox 889 3695 989 3761; x_wconf 78' lang='lat' dir='ltr'><strong>heic:</strong></span> <span class='ocrx_word' id='word_1_290' title='bbox 1018 3698 1083 3762; x_wconf 90' lang='lat' dir='ltr'><strong>imo</strong></span> <span class='ocrx_word' id='word_1_291' title='bbox 1108 3704 1238 3765; x_wconf 85' lang='lat' dir='ltr'><strong>alterum</strong></span> 
     </span>
     <span class='ocr_line' id='line_1_39' title="bbox 95 3783 1238 3874; baseline -0.002 -21"><span class='ocrx_word' id='word_1_292' title='bbox 95 3800 146 3853; x_wconf 89' lang='lat' dir='ltr'><strong>est</strong></span> <span class='ocrx_word' id='word_1_293' title='bbox 162 3798 300 3851; x_wconf 87' lang='lat' dir='ltr'><strong>rectum:</strong></span> <span class='ocrx_word' id='word_1_294' title='bbox 321 3788 356 3849; x_wconf 91' lang='lat' dir='ltr'><strong>in</strong></span> <span class='ocrx_word' id='word_1_295' title='bbox 378 3785 522 3849; x_wconf 90' lang='lat' dir='ltr'><strong>omnibus</strong></span> <span class='ocrx_word' id='word_1_296' title='bbox 535 3783 631 3847; x_wconf 86' lang='lat' dir='ltr'><strong>Persii</strong></span> <span class='ocrx_word' id='word_1_297' title='bbox 645 3784 865 3848; x_wconf 85' lang='lat' dir='ltr'><strong>imitationibus</strong></span> <span class='ocrx_word' id='word_1_298' title='bbox 886 3795 974 3871; x_wconf 87' lang='lat' dir='ltr'><strong>paret</strong></span> <span class='ocrx_word' id='word_1_299' title='bbox 994 3806 1118 3872; x_wconf 87' lang='lat' dir='ltr'><strong>semper</strong></span> <span class='ocrx_word' id='word_1_300' title='bbox 1137 3789 1238 3874; x_wconf 86' lang='lat' dir='ltr'><strong>aliqua</strong></span> 
     </span>
     <span class='ocr_line' id='line_1_40' title="bbox 94 3868 1238 3955; baseline 0 -16"><span class='ocrx_word' id='word_1_301' title='bbox 94 3875 244 3939; x_wconf 88' lang='lat' dir='ltr'><strong>mutatio:</strong></span> <span class='ocrx_word' id='word_1_302' title='bbox 268 3884 314 3936; x_wconf 86' lang='lat' dir='ltr'><strong>ost</strong></span> <span class='ocrx_word' id='word_1_303' title='bbox 333 3884 363 3934; x_wconf 86' lang='lat' dir='ltr'><strong>et</strong></span> <span class='ocrx_word' id='word_1_304' title='bbox 377 3875 463 3933; x_wconf 91' lang='lat' dir='ltr'><strong>locus</strong></span> <span class='ocrx_word' id='word_1_305' title='bbox 476 3870 551 3932; x_wconf 87' lang='lat' dir='ltr'><strong>alter</strong></span> <span class='ocrx_word' id='word_1_306' title='bbox 571 3872 604 3932; x_wconf 91' lang='lat' dir='ltr'><strong>in</strong></span> <span class='ocrx_word' id='word_1_307' title='bbox 618 3871 737 3933; x_wconf 85' lang='lat' dir='ltr'><strong>Horatii</strong></span> <span class='ocrx_word' id='word_1_308' title='bbox 748 3868 840 3934; x_wconf 83' lang='lat' dir='ltr'><strong>Davo</strong></span> <span class='ocrx_word' id='word_1_309' title='bbox 859 3870 1060 3935; x_wconf 86' lang='lat' dir='ltr'><strong>conferendus</strong></span> <span class='ocrx_word' id='word_1_310' title='bbox 1083 3894 1156 3937; x_wconf 92' lang='lat' dir='ltr'><strong>cum</strong></span> <span class='ocrx_word' id='word_1_311' title='bbox 1167 3876 1238 3955; x_wconf 91' lang='lat' dir='ltr'><strong>isto,</strong></span> 
     </span>
     <span class='ocr_line' id='line_1_41' title="bbox 95 3958 793 4052; baseline -0.01 -27"><span class='ocrx_word' id='word_1_312' title='bbox 95 3983 192 4049; x_wconf 89' lang='lat' dir='ltr'><strong>quem</strong></span> <span class='ocrx_word' id='word_1_313' title='bbox 211 3971 372 4047; x_wconf 86' lang='lat' dir='ltr'><strong>propterea</strong></span> <span class='ocrx_word' id='word_1_314' title='bbox 388 3958 591 4036; x_wconf 69' lang='lat' dir='ltr'><strong>ascribemus,</strong></span> <span class='ocrx_word' id='word_1_315' title='bbox 612 3978 644 4021; x_wconf 83' lang='lat' dir='ltr'><strong>v.</strong></span> <span class='ocrx_word' id='word_1_316' title='bbox 658 3961 699 4019; x_wconf 84' lang='lat'><strong>90</strong></span> <span class='ocrx_word' id='word_1_317' title='bbox 713 3978 793 4052; x_wconf 78' lang='lat' dir='ltr'><strong>sqq-2</strong></span> 
     </span>
    </p>

    <p class='ocr_par' dir='ltr' id='par_1_16' title="bbox 227 4036 1088 4128">
     <span class='ocr_line' id='line_1_42' title="bbox 227 4036 1088 4128; baseline -0.005 -19"><span class='ocrx_word' id='word_1_318' title='bbox 227 4042 351 4110; x_wconf 80' lang='lat' dir='ltr'><strong>Poscit</strong></span> <span class='ocrx_word' id='word_1_319' title='bbox 362 4054 396 4107; x_wconf 84' lang='lat' dir='ltr'><strong>te</strong></span> <span class='ocrx_word' id='word_1_320' title='bbox 412 4039 550 4117; x_wconf 88' lang='lat' dir='ltr'><strong>mulier,</strong></span> <span class='ocrx_word' id='word_1_321' title='bbox 572 4051 679 4107; x_wconf 79' lang='lat' dir='ltr'><strong>vexat</strong></span> <span class='ocrx_word' id='word_1_322' title='bbox 687 4036 893 4128; x_wconf 73' lang='lat' dir='ltr'><strong>foribusque</strong></span> <span class='ocrx_word' id='word_1_323' title='bbox 909 4038 1088 4127; x_wconf 79' lang='lat' dir='ltr'><strong>repulsum</strong></span> 
     </span>
    </p>

    <p class='ocr_par' dir='ltr' id='par_1_17' title="bbox 228 4124 1090 4217">
     <span class='ocr_line' id='line_1_43' title="bbox 228 4124 1090 4217; baseline -0.002 -22"><span class='ocrx_word' id='word_1_324' title='bbox 228 4126 423 4209; x_wconf 76' lang='lat' dir='ltr'><strong>Perfundit</strong></span> <span class='ocrx_word' id='word_1_325' title='bbox 442 4124 581 4217; x_wconf 82' lang='lat' dir='ltr'><strong>gelida,</strong></span> <span class='ocrx_word' id='word_1_326' title='bbox 605 4144 722 4192; x_wconf 86' lang='lat' dir='ltr'><strong>rursus</strong></span> <span class='ocrx_word' id='word_1_327' title='bbox 735 4135 858 4192; x_wconf 78' lang='lat' dir='ltr'><strong>vocat.-</strong></span> <span class='ocrx_word' id='word_1_328' title='bbox 879 4124 976 4215; x_wconf 86' lang='lat' dir='ltr'><strong>eripe</strong></span> <span class='ocrx_word' id='word_1_329' title='bbox 992 4130 1090 4216; x_wconf 84' lang='lat' dir='ltr'><strong>turpi</strong></span> 
     </span>
    </p>

    <p class='ocr_par' dir='ltr' id='par_1_18' title="bbox 229 4210 1029 4305">
     <span class='ocr_line' id='line_1_44' title="bbox 229 4210 1029 4305; baseline -0.003 -24"><span class='ocrx_word' id='word_1_330' title='bbox 229 4214 448 4305; x_wconf 79' lang='lat' dir='ltr'><strong>Collajugo:</strong></span> <span class='ocrx_word' id='word_1_331' title='bbox 469 4210 594 4295; x_wconf 86' lang='lat' dir='ltr'><strong>liber,</strong></span> <span class='ocrx_word' id='word_1_332' title='bbox 618 4210 854 4292; x_wconf 88' lang='lat' dir='ltr'><strong>liberaum,</strong></span> <span class='ocrx_word' id='word_1_333' title='bbox 877 4212 934 4277; x_wconf 78' lang='lat' dir='ltr'><strong>clio</strong></span> <span class='ocrx_word' id='word_1_334' title='bbox 950 4234 1029 4303; x_wconf 83' lang='lat' dir='ltr'><strong>age.</strong></span> 
     </span>
    </p>

    <p class='ocr_par' dir='ltr' id='par_1_19' title="bbox 95 4313 1239 4486">
     <span class='ocr_line' id='line_1_45' title="bbox 188 4313 1239 4407; baseline 0 -24"><span class='ocrx_word' id='word_1_335' title='bbox 188 4322 259 4385; x_wconf 78' lang='lat'><strong>175.</strong></span> <span class='ocrx_word' id='word_1_336' title='bbox 280 4316 405 4383; x_wconf 83' lang='lat' dir='ltr'><strong>Lictor</strong></span> <span class='ocrx_word' id='word_1_337' title='bbox 424 4336 530 4407; x_wconf 84' lang='lat' dir='ltr'><strong>quam</strong></span> <span class='ocrx_word' id='word_1_338' title='bbox 537 4314 660 4405; x_wconf 83' lang='lat' dir='ltr'><strong>jactat</strong></span> <span class='ocrx_word' id='word_1_339' title='bbox 680 4313 839 4401; x_wconf 76' lang='lat' dir='ltr'><strong>irreptus]</strong></span> <span class='ocrx_word' id='word_1_340' title='bbox 868 4314 991 4380; x_wconf 86' lang='lat' dir='ltr'><strong>Eodem</strong></span> <span class='ocrx_word' id='word_1_341' title='bbox 1003 4318 1090 4399; x_wconf 87' lang='lat' dir='ltr'><strong>loco,</strong></span> <span class='ocrx_word' id='word_1_342' title='bbox 1112 4320 1239 4406; x_wconf 80' lang='lat' dir='ltr'><strong>epistola</strong></span> 
     </span>
     <span class='ocr_line' id='line_1_46' title="bbox 95 4394 987 4486; baseline -0.011 -15"><span class='ocrx_word' id='word_1_343' title='bbox 95 4407 139 4471; x_wconf 87' lang='lat' dir='ltr'><strong>ad</strong></span> <span class='ocrx_word' id='word_1_344' title='bbox 154 4406 308 4472; x_wconf 84' lang='lat' dir='ltr'><strong>Scaevam</strong></span> <span class='ocrx_word' id='word_1_345' title='bbox 323 4428 356 4471; x_wconf 82' lang='lat' dir='ltr'><strong>v.</strong></span> <span class='ocrx_word' id='word_1_346' title='bbox 371 4411 423 4486; x_wconf 80' lang='lat'><strong>32,</strong></span> <span class='ocrx_word' id='word_1_347' title='bbox 445 4405 546 4470; x_wconf 88' lang='lat' dir='ltr'><strong>simile</strong></span> <span class='ocrx_word' id='word_1_348' title='bbox 564 4403 635 4464; x_wconf 92' lang='lat' dir='ltr'><strong>huic</strong></span> <span class='ocrx_word' id='word_1_349' title='bbox 648 4394 845 4485; x_wconf 77' lang='grc' dir='ltr'><strong><em>ἅκρὸστιχον</em></strong></span> <span class='ocrx_word' id='word_1_350' title='bbox 865 4404 987 4482; x_wconf 82' lang='lat' dir='ltr'><strong>legitur:</strong></span> 
     </span>
    </p>

    <p class='ocr_par' dir='ltr' id='par_1_20' title="bbox 518 4485 1030 4577">
     <span class='ocr_line' id='line_1_47' title="bbox 518 4485 1030 4577; baseline -0.002 -23"><span class='ocrx_word' id='word_1_351' title='bbox 518 4485 615 4577; x_wconf 75' lang='lat' dir='ltr'><strong>refer</strong></span> <span class='ocrx_word' id='word_1_352' title='bbox 629 4496 664 4553; x_wconf 85' lang='lat' dir='ltr'><strong>et</strong></span> <span class='ocrx_word' id='word_1_353' title='bbox 677 4485 752 4554; x_wconf 82' lang='lat' dir='ltr'><strong>siue</strong></span> <span class='ocrx_word' id='word_1_354' title='bbox 772 4486 870 4554; x_wconf 79' lang='lat' dir='ltr'><strong>vivat</strong></span> <span class='ocrx_word' id='word_1_355' title='bbox 884 4488 1030 4577; x_wconf 80' lang='lat' dir='ltr'><strong>irreptus.</strong></span> 
     </span>
    </p>
   </div>
   <div class='ocr_carea' id='block_1_9' title="bbox 0 0 1354 4972">
    <p class='ocr_par' dir='ltr' id='par_1_21' title="bbox 0 0 1354 4972">
     <span class='ocr_line' id='line_1_48' title="bbox 0 0 1354 4972; baseline 0 0"><span class='ocrx_word' id='word_1_356' title='bbox 0 0 1354 4972; x_wconf 95' lang='lat' dir='ltr'><strong> </strong></span> 
     </span>
    </p>
   </div>
  </div>
 </body>
</html>
