2700 4972
20 428 23 433 ,
147 349 214 419 28⁰
517 346 930 416 COMMENTARIUS

149 534 272 609 qnoque
285 516 389 607 epulas
401 516 483 584 illins
498 532 570 585 este
579 520 698 606 pultem
710 527 741 582 et
753 534 843 606 cepas
859 538 929 583 cnm
939 519 1075 607 pauxillo
1090 528 1194 583 aceto:
1213 518 1276 607 qnid

147 609 238 691 igitur
247 628 359 671 censes
375 606 441 669 aliis
461 602 594 671 diebus?
604 608 743 669 'obscura
760 616 807 668 est
821 604 883 669 diei
896 606 968 670 festi
986 607 1106 669 notatio
1121 607 1183 669 hoc
1199 625 1276 671 versu

149 678 387 781 comprehensa:
410 690 483 779 quid
503 691 587 769 enim
603 702 654 753 est
669 684 791 777 figere
804 690 935 779 J'ngnm
955 689 1005 753 ad
1023 688 1208 777 compita?
1228 695 1278 755 cla-

147 800 218 843 rum
234 788 282 843 est
293 776 495 842 cessationem
513 778 552 839 ab
576 796 669 864 opere
682 778 826 857 intelligi:
849 790 916 841 tum
937 799 1013 842 vero
1033 778 1142 858 jugum
1164 798 1279 865 suspen-

148 865 230 929 ditur
244 876 290 945 et,
312 872 346 926 ut
361 858 470 935 Graeci
488 861 607 943 dicunt,
628 858 786 948 πασσάλῳ
809 858 1119 945 circumadstantes,
1140 880 1206 927 uon
1222 866 1278 945 ligi-

128 964 212 1031 ‚tur‚
245 948 330 1037 quod
351 956 397 1012 est
422 939 618 1012 ἀνατιθέναι
641 948 819 1011 donariumt
849 948 961 1013 deinde
985 968 1058 1011 cum
1081 947 1134 1011 die
1154 952 1232 1013 l'esto
1250 944 1280 1013 at

148 1034 185 1119 ἐρ
208 1038 301 1101 αλεῖα
319 1033 563 1121 suspenduntur,
585 1054 649 1096 non
670 1033 710 1095 ad
734 1035 868 1120 compita
889 1056 927 1098 ea
947 1053 1100 1120 reponere
1122 1035 1216 1097 moris
1236 1047 1279 1113 ert,
1318 1070 1321 1099 t

148 1056 207 1193 sed
222 1118 280 1186 stin
301 1138 380 1209 quae
400 1138 440 1182 ue
461 1121 550 1197 loco,
572 1121 626 1182 ubi
642 1120 757 1183 seruari
771 1125 872 1183 solent
892 1121 1066 1199 ethelheri,
1089 1119 1215 1207 qnando
1228 1140 1278 1183 non
1315 1199 1320 1208 Ι

149 1207 344 1309 occupantur.
381 1138 440 1270 dle
460 1221 500 1269 ue
519 1206 664 1268 satisfacit
680 1206 776 1284 inihi,
807 1206 891 1292 quod
910 1208 969 1269 hac
989 1208 1148 1269 locutione
1168 1204 1278 1269 innuere
1316 1217 1321 1240 “·

86 1366 89 1372 ,
148 1291 248 1357 volunt
261 1292 362 1375 [retus
375 1226 486 1371 scheid]
504 1288 757 1439 compitaliorum
768 1296 942 1355 solemnem
965 1293 1132 1357 cultoribus
1154 1312 1278 1373 agrorum

62 1420 67 1429 ·
149 1376 235 1441 diem
254 1378 297 1457 [v.
317 1376 449 1459 Dionys.
469 1375 579 1440 Hall
609 1423 617 1456 ‚
646 1382 701 1460 143
724 1377 801 1442 Cato
821 1377 861 1443 R.
876 1377 916 1441 R.
938 1377 993 1443 57.
1012 1374 1103 1459 Or.]:
1130 1375 1215 1463 quod
1234 1378 1277 1441 ulti

149 1460 346 1527 concedimus
360 1474 532 1549 spectatum
545 1476 614 1525 esse
634 1477 652 1524 a
668 1462 776 1548 poeta,
798 1462 939 1527 nondum
958 1475 1063 1527 tomen
1086 1464 1275 1543 intelligimus,

129 1546 276 1635 1quidsit
288 1544 405 1636 sigere
413 1545 543 1633 jugum
557 1548 607 1609 act
621 1547 786 1633 compita.
829 1548 895 1612 Sed
909 1554 1005 1628 tangit
1025 1552 1159 1613 fortasse
1174 1548 1274 1613 Persiu
1308 1546 1321 1642 ,1

123 1632 242 1697 'ritum
263 1632 396 1721 aliquem
418 1633 499 1698 Corn
521 1633 691 1711 italiorum,
721 1638 804 1714 cujus
827 1635 1018 1715 ignoratione
1043 1637 1174 1697 obscum
1202 1634 1273 1697 nobit

149 1719 220 1784 subt
233 1719 327 1807 ipsius
345 1718 451 1783 uerba.
495 1654 592 1798 guod
617 1716 700 1782 enim
719 1718 845 1805 quidam
864 1723 964 1799 ajunt,
985 1738 1110 1783 morem
1126 1720 1233 1799 fuisse,
1247 1730 1272 1781 rt

148 1808 220 1887 juga
236 1816 266 1868 et
281 1802 392 1869 similia
408 1805 631 1886 agricolationis
643 1807 843 1868 instunnenta
857 1806 889 1867 in
905 1807 1060 1868 honorem
1073 1804 1203 1869 deorum
1213 1804 1271 1869 nnr'r

149 1890 190 1954 ad
210 1891 343 1979 compita
365 1887 637 1978 suspenderentur,
659 1893 834 1977 speciosum
852 1889 978 1977 quidem
999 1902 1063 1970 est,
1085 1889 1143 1955 sed
1162 1884 1270 1955 dett'·

153 1992 274 2061 upton:
301 1994 365 2039 non
396 1978 480 2039 enim
500 1977 699 2039 instrumenta
721 1986 825 2041 vetera
851 1987 882 2039 et
899 1977 1016 2039 inutilia
1036 1976 1096 2041 diis
1118 1994 1269 2055 consecrare
1306 2007 1311 2064 2

100 2071 227 2132 aluerat
239 2058 344 2142 moris,
368 2060 424 2125 sed
437 2062 497 2148 ipsi
508 2062 610 2148 potius
623 2064 760 2141 artifices,
782 2082 852 2124 cum
867 2073 1032 2127 senuerant
1050 2061 1137 2125 etad
1150 2082 1270 2127 exerun-
1308 2069 1312 2115 ἑ

150 2148 224 2211 dam
243 2156 339 2211 artem
361 2164 451 2211 suam
469 2150 533 2227 jam
548 2149 621 2210 facti
644 2159 729 2211 erant
746 2149 885 2227 inutiles,
908 2159 959 2210 aut
979 2169 1050 2210 cum
1070 2150 1269 2233 professionem

148 2237 323 2313 mutabant,
353 2232 424 2296 artis
442 2254 518 2296 suae
538 2234 737 2296 instrumenta
759 2232 819 2296 deo
842 2237 908 2312 ejus
940 2233 1073 2319 praesidi
1099 2233 1269 2297 dedicabant:

150 2319 266 2405 dequo
293 2330 472 2400 argumento
491 2320 570 2382 liber
589 2330 635 2382 est
654 2321 772 2400 integer
792 2320 825 2381 in
839 2317 1027 2382 Graecorum
1043 2320 1271 2404 epigrammatum

80 2445 82 2452 ·
149 2404 319 2471 volumine.
362 2404 518 2472 Pertusa
537 2402 705 2490 compita,
725 2417 760 2468 ut
780 2405 813 2471 in
829 2406 934 2490 quinta
953 2406 1016 2484 [85]
1041 2425 1184 2468 rumora
1199 2424 1271 2468 coru·

175 2486 239 2565 tto,
261 2483 476 2572 πολύῤῥυμοι
491 2489 630 2570 salodon.
675 2489 756 2572 [Hoc
780 2490 874 2553 etiam
896 2491 939 2553 ita
952 2490 1068 2570 Plum.‚
1091 2488 1273 2556 addensl’hi·

148 2511 224 2657 dag.
237 2575 277 2639 ad
294 2574 378 2657 Virg.
395 2572 507 2655 Georg.
520 2575 561 2655 Π,
577 2578 657 2655 882,
678 2575 736 2639 sed
747 2587 813 2639 toto
828 2580 897 2638 loco
912 2576 971 2654 sic,
992 2577 1067 2639 satis
1087 2578 1211 2662 quidem
1221 2595 1275 2663 pro-

149 2662 305 2726 babiliter:
325 2657 507 2741 „Ventidius
520 2672 585 2725 tam
603 2679 715 2733 avarus
734 2672 796 2741 est,
820 2674 855 2723 ut
868 2659 983 2725 arando
996 2663 1092 2725 etiam
1109 2663 1143 2727 in
1162 2660 1275 2765 compitis

150 2746 280 2835 pertusis
299 2748 407 2829 jugum
426 2746 501 2827 figat
522 2758 612 2833 atque
634 2744 915 2833 aliqoarnpartem'
930 2746 1047 2809 attritae
1070 2750 1144 2813 viae
1165 2761 1275 2813 matrum
1306 2757 1309 2764 '

152 2833 349 2896 comminuat.
392 2830 467 2913 Quo
481 2832 562 2896 illius
584 2833 668 2898 avari
685 2835 807 2896 tabulas
826 2850 928 2898 novus
948 2831 1071 2897 additur
1085 2834 1223 2922 penecilli
1238 2852 1276 2897 ta·

150 2914 230 2982 lirici
240 2918 360 2999 ictus.“]

45 3010 51 3020 '
240 3010 291 3071 29.
321 3000 478 3067 Seriolue
500 3012 656 3067 veterem
675 3010 832 3065 meluens
856 2998 1026 3067 derodere
1060 3000 1215 3086 limum]
1241 3000 1277 3068 lu
1315 3071 1321 3094 1

151 3088 230 3153 liber
251 3090 381 3154 Puteani
409 3090 461 3171 [et
479 3089 643 3152 Acbaintrii
657 3092 755 3169 'longe
777 3089 919 3175 plures];
948 3091 1017 3152 alii:
1043 3090 1185 3171 veteris,
1212 3098 1277 3153 utet

152 3174 315 3255 Bongarsii
336 3176 383 3254 [ac
403 3176 484 3240 Pith.
505 3186 535 3237 et
555 3175 654 3256 Tig.];
675 3171 800 3237 limum
822 3186 916 3239 vocat
934 3174 1039 3262 picem
1059 3175 1112 3255 [ad
1133 3176 1213 3257 vini,
1230 3192 1276 3261 quo
1314 3101 1321 3262 ¹

63 3371 65 3377 ·
151 3259 965 3427 888888888888818ἰῖἒωῖιί18
977 3284 1044 3409 ll
1057 3263 1143 3411 elil
1162 3259 1321 3415 llllll

23 3448 28 3457 '
152 3428 236 3494 dolia
252 3441 282 3494 et
296 3432 405 3513 serias3
428 3430 588 3517 picationis
603 3430 734 3494 modum
754 3431 928 3496 describunt
944 3431 1119 3497 Columella
1135 3435 1214 3499 libro
1227 3430 1278 3497 XII

155 3516 194 3665 {⁶⁰⁹
209 3516 261 3581 42.
276 3515 339 3599 48]
358 3530 389 3581 et
406 3518 474 3599 alii3
495 3514 569 3581 inde
585 3516 697 3579 serina
720 3515 888 3596 relinere,
909 3517 994 3605 quod
1010 3530 1119 3585 noster
1131 3516 1280 3585 aternum
1319 3594 1321 3599 ¹

172 3618 292 3665 rmum.
1311 3610 1321 3672 l

240 3687 292 3753 80.
312 3682 481 3777 Ingemit,
508 3684 587 3752 Hoc
609 3682 693 3749 bene
716 3685 789 3769 ait]
816 3682 1058 3768 Ἀναστενάζων
1081 3686 1282 3769 lateatne,

154 3770 269 3859 φησὶν,
280 3766 393 3849 “iletre
412 3767 524 3849 tuate
537 3772 595 3855 alp.
642 3773 722 3836 Alibi
742 3773 920 3839 dicebamus
940 3786 1061 3841 veteres
1082 3778 1124 3841 ad
1140 3785 1283 3863 cujuscun-

155 3879 215 3947 que
234 3859 280 3922 rei
293 3859 523 3923 inchoationem
538 3859 673 3922 numinis
694 3862 886 3924 mentionem
906 3858 1103 3946 adhibuisse3
1124 3865 1168 3929 ita
1188 3890 1226 3931 ex
1241 3866 1283 3929 illo

156 3960 243 4009 more
262 3956 392 4031 possunt
412 3942 471 4008 ista
490 3946 622 4032 exponi3
648 3946 701 4009 vel
723 3948 785 4008 hoc
805 3946 920 4010 modo:
952 3943 1103 4023 τούτοις,
1133 3942 1163 4016 td
1175 3952 1284 4025 παῖδες,

154 4022 243 4181 1μᾶς
260 4024 540 4113 εὐφραινώμεθατ
561 4027 599 4095 τὸ
618 4029 683 4094 hoe
705 4038 752 4095 est
772 4044 876 4096 sextus
896 4052 995 4099 casus.
1038 4024 1174 4102 Ovidius
1193 4039 1224 4101 in
1237 4034 1284 4100 lv.

183 4128 240 4182 ast.
277 4121 371 4181 399:
627 4134 640 4155 ‘

247 4116 432 4268 denudando
462 4198 571 4291 glana
605 4206 690 4266 nula
718 4208 790 4266 ent:
830 4199 914 4267 bene
948 4213 1025 4267 erat
1054 4205 1139 4292 jam
1165 4201 1284 4298 glande

935 4297 1095 4377 repertur

157 4361 440 4477 ndppnluouvudi
453 4366 519 4477 ἤδη
532 4374 606 4475 anic
623 4370 793 4473 boislaum
806 4368 974 4455 βαλάνοις.
1012 4378 1102 4456 [Loci
1116 4378 1157 4445 de
1173 4376 1287 4444 formu·

69 4540 72 4545 ,
157 4474 207 4545 ap.
222 4454 282 4539 Pl]
310 4452 394 4525 the
412 4480 449 4522 m
463 4468 635 4523 nurtatmne
649 4455 824 4522 Horatiana.
