2700 4972
367 349 430 415 ro
458 344 630 417 ceusu
658 345 964 417 sarrnrurv.
1045 320 1049 329 '
1173 354 1239 418 rsa

98 519 254 601 illudens,
269 524 389 585 nullum
409 520 542 607 denique
558 520 740 585 insolentiae
759 538 855 601 genus
875 517 1122 605 praetermittens.
1163 521 1237 587 Hoc

98 630 212 689 genere
234 608 388 688 insignem
411 608 546 692 primum
568 628 603 670 se
625 609 697 669 iecit
715 605 814 685 Nero,
841 624 914 668 cum
937 610 1021 669 foras
1043 618 1239 697 erumperent
1320 630 1327 641 ⁸

96 696 180 758 illius
205 696 330 779 probra,
359 691 622 779 quemadmodum
642 692 754 755 diserte
772 691 877 755 scribit
891 690 965 754 Dio.
1015 690 1140 757 Tacitus
1157 714 1242 779 quo‹

118 801 157 842 ne
181 777 283 860 [Xlll,
297 778 368 859 25]:
392 776 434 858 Q.
454 773 617 856 Volusio,
643 781 683 844 P.
708 773 985 861 Scipioue'Coss.
1004 775 1235 865 otiumsoris,

91 802 201 949 boeda
217 861 312 926 domi
330 861 498 927 lascivia.-
520 883 591 949 qua
606 860 703 927 Nero
728 862 858 927 itinera
878 859 973 925 urbis
990 872 1026 925 et
1045 857 1236 949 lupanaiia
1329 922 1333 937 ,

96 959 131 1014 et
148 947 357 1014 diverticula
376 959 468 1013 ueste
488 948 613 1013 seruili·
625 947 661 1012 in
687 945 1004 1012 dissimulationem
1021 947 1078 1012 sui
1098 970 1238 1036 compo-

96 1034 184 1099 situs
206 1032 708 1121 pererrabat,.comitantibus
731 1034 789 1120 qui
808 1042 972 1121 raperent
991 1032 1041 1097 ad
1061 1028 1246 1109 venditi&
1339 1046 1342 1051 ’

96 1143 178 1185 nem
193 1120 354 1206 exposita
365 1129 401 1182 et
414 1117 523 1184 obviis
538 1119 683 1184 vulnera
700 1119 736 1202 in
756 1127 891 1201 errent,
907 1116 1075 1183 adversus
1087 1121 1237 1209 ignaros

96 1207 204 1285 adam
228 1216 266 1269 ut
288 1204 358 1293 ipse
379 1227 511 1354 quoque
531 1205 707 1293 acceperet
745 1204 832 1268 ealda
855 1204 980 1293 excip]
1004 1202 1100 1269 ἰοιιιοΙ
1117 1217 1153 1271 et
1176 1228 1236 1271 ure
1301 1258 1305 1271 .

89 1290 311 1380 praeferret3
341 1314 377 1355 ea
400 1314 452 1355 em
479 1292 645 1356 Suetonius
671 1294 770 1378 capite
793 1291 921 1354 XXVI.
977 1290 1144 1356 Existimo·
1158 1295 1237 1357 circa

95 1383 147 1443 illa
161 1392 302 1465 tempora
318 1390 370 1439 aut
390 1400 454 1441 non
478 1381 570 1458 longe
592 1390 662 1463 pust
677 1378 832 1464 scripsisse
846 1378 985 1441 Persium
999 1378 1081 1441 istud
1104 1400 1236 1459 cannen,

97 1476 131 1527 nt
147 1465 243 1530 raldo
264 1464 361 1526 mireo
376 1484 395 1525 e
412 1474 460 1525 tot
476 1465 687 1549 interpretibus
707 1465 798 1543 hujus
814 1463 926 1548 potitae
945 1465 1062 1527 nemini
1083 1466 1170 1531 istius
1186 1467 1238 1527 in-

95 1551 321 1637 terpretationis
340 1552 505 1629 hactenus,
527 1549 612 1634 quod
632 1550 744 1627 sciam,
773 1550 896 1612 venisse
920 1551 953 1611 in
971 1561 1119 1615 mentem.
1162 1560 1238 1617 Pu-

98 1635 171 1699 teal
178 1631 371 1724 flagellare
391 1632 503 1697 multa
517 1632 624 1698 vibice
639 1646 686 1697 est
699 1654 849 1720 pererrare
869 1636 972 1697 iorum
995 1646 1027 1698 et
1040 1637 1151 1700 obvios
1167 1656 1239 1700 cae-

97 1720 173 1785 dere
188 1724 359 1808 petulanter
371 1741 406 1782 ac
420 1722 544 1785 lascive.
587 1720 712 1784 Tacitus
727 1717 823 1782 urbis
839 1716 968 1781 itinera
979 1722 1127 1799 omniunt,
1150 1720 1305 1801 Sue-(ltu)

96 1809 200 1890 tonius
213 1805 323 1879 uicos,
344 1806 378 1868 in
399 1808 627 1891 quibus-furere
650 1806 692 1867 ita
710 1806 816 1869 solitus
831 1804 935 1869 Nero:
956 1805 1013 1869 sed
1032 1807 1237 1885 ad'majorem

96 1892 249 1957 invidiam
263 1893 369 1956 Puteal
388 1893 454 1955 sire
472 1895 576 1954 forum
599 1890 743 1955 Satiricus
759 1891 941 1955 nominarit.
984 1891 1102 1955 Seneca
1117 1892 1238 1958 Debe-

96 1980 216 2042 neliciis
230 1979 309 2041 libro
327 1987 415 2040 sexto
432 1977 469 2054 [c.
488 1980 561 2056 321:
582 1974 696 2041 Diuus
710 1973 769 2039 Aa
795 1985 892 2039 ustus
903 1968 1029 2059 filium
1051 1976 1146 2043 intra
1157 2004 1159 2009 ·
1168 2000 1236 2064 pu·

97 2061 243 2128 diuitiae
257 2060 485 2147 maledictum
497 2060 714 2149 impudicam
728 1996 901 2150 reibgavit
922 2070 957 2124 et
968 2057 1116 2151 flagitia
1127 2064 1236 2149 prin·

98 2148 132 2214 ci
156 2147 227 2212 alis
241 2146 363 2212 άοιηιιε
388 2147 424 2210 in
440 2144 622 2233 publicum
640 2144 774 2221 emisis-
806 2146 974 2211 admissos
992 2152 1172 2237 gregatim
1191 2172 1236 2214 a·

101 2172 274 2314 dilueres,
295 2244 519 2320 pererratam
530 2231 707 2297 nocturnis
720 2231 1027 2297 comessationibus
1042 2234 1234 2314 civitatem,

94 2318 220 2409 forum
235 2320 352 2405 ipsum
363 2340 406 2382 ac
420 2327 549 2401 rostra,
572 2340 616 2382 ex
632 2317 755 2405 quibus
768 2328 877 2407 pater
889 2318 1007 2406 legem
1018 2317 1071 2384 'tle
1087 2319 1287 2385 adulte-³⁵⁵

96 2406 160 2472 riis
182 2404 332 2481 tulerat,
352 2400 462 2490 filiae
485 2404 521 2468 in
548 2415 669 2491 strupra
693 2402 885 2491 placuisse;
913 2416 945 2468 et
964 2404 1045 2470 Dior
1073 2400 1236 2490 ἡἸουλία

94 2487 339 2577 deayatuovea
361 2481 406 2576 ἦν
429 2486 551 2571 οὕτως,
574 2486 657 2556 ὥστε
670 2490 727 2556 καὶ
742 2489 832 2577 tucri
859 2485 965 2579 ἀγορᾷ
979 2489 1036 2557 ual
1055 2486 1106 2557 ἐπ’
1129 2488 1236 2560 αὐτοῦ

95 2599 133 2664 γε
147 2579 211 2645 τοῦ
227 2573 374 2663 piparas
388 2575 446 2641 nai
467 2572 630 2660 κωμάζειν
651 2573 785 2661 νύκτωρ
808 2574 867 2643 uui
882 2577 1073 2660 conatusne
1094 2576 1133 2643 tt
1150 2599 1236 2642 cau-

96 2673 154 2729 tus
177 2664 319 2728 adhunc
341 2664 523 2727 sententiam
548 2664 809 2749 appositissimum
821 2674 891 2726 est:
921 2667 1017 2727 verbo
1035 2664 1120 2727 enim
1141 2664 1236 2747 signi-

95 2753 201 2815 ficarit
212 2750 295 2836 quod
308 2750 445 2835 pluribus
459 2750 605 2811 historici.
649 2748 773 2812 Tacitus
793 2750 890 2827 [1.-t]:
914 2744 1012 2813 Nero
1027 2750 1237 2814 metuentior

96 2834 134 2899 in
148 2843 323 2921 posterum
340 2831 470 2897 milites
486 2831 555 2896 sibi
569 2842 604 2896 et
613 2832 801 2920 plerosque
817 2828 1063 2920 gladiatorum
1083 2836 1237 2899 circum-
1303 2914 1306 2919 Ι
1323 2878 1329 2895 .

97 2918 206 2999 dedit,
221 2918 281 3008 qui
296 2917 454 2984 rixarum
467 2917 574 2983 initia
590 2915 729 2982 modica
744 2928 780 2982 et
795 2917 896 3004 quusi
906 2917 1054 3005 privata
1067 2918 1238 2999 sinerent,-

98 3006 130 3070 si
155 3028 180 3070 a
201 3003 310 3071 laesis
328 3002 481 3070 ualidius
506 3012 688 3091 ageretur,
710 3026 812 3068 arma
834 3000 1045 3090 inferebant.
1078 3006 1145 3085 ‚tur
1159 3010 1238 3072 haec
1301 3002 1322 3049 .'

98 3092 139 3157 dc
160 3092 479 3158 Neronemittamus:
510 3089 549 3153 de
567 3088 711 3154 Puteali
734 3090 856 3176 quando
872 3090 1008 3153 Romani
1023 3094 1237 3176 loquebantur,

73 3184 75 3191 '
99 3200 166 3243 non
178 3180 351 3259 cogitabant
370 3175 408 3239 de
423 3175 559 3257 judiciis,
580 3178 640 3240 nisi
656 3180 736 3239 sorte
757 3176 862 3262 priscis
881 3177 1066 3261 reipublicae
1088 3179 1237 3264 tempori·
1315 3172 1321 3177 ’

98 3268 175 3343 bus,
193 3263 256 3328 'sed
269 3263 310 3327 de
318 3259 602 3350 feneratoribusr
622 3282 653 3326 r.
673 3260 890 3329 flammat-ad
902 3262 978 3325 Hor.
998 3260 1062 3326 Sat.
1079 3262 1119 3343 Π,
1133 3269 1163 3342 6,
1176 3265 1237 3340 353

98 3352 198 3417 Web.
223 3351 255 3414 h.
283 3352 322 3429 l.;
351 3348 437 3411 idem
463 3348 582 3410 exiliis
610 3348 743 3423 efficias,
772 3368 850 3433 quos
868 3347 923 3409 'hic
949 3351 1117 3413 cumulavit
1135 3350 1236 3415 Ptum.

98 3434 197 3500 Recte
209 3436 300 3516 igitur
316 3433 431 3498 Orelli
452 3430 582 3496 Fauori
596 3432 630 3497 P.
643 3434 797 3497 substituit
816 3430 963 3509 Puteal,
984 3436 1038 3497 ubi
1050 3434 1134 3498 illud·
1149 3458 1237 3500 exer-

99 3525 237 3600 cebatur3
258 3522 355 3585 uerbo
368 3538 540 3595 exercere,
557 3516 694 3604 agitare
709 3540 920 3601 synonymum
930 3523 995 3582 fere
1010 3517 1237 3610 (flagellare),

98 3608 143 3671 uti
157 3607 251 3671 simili
263 3607 360 3686 figura
372 3606 420 3668 usi
437 3601 631 3692 flagellare
650 3623 844 3682 annonam,
866 3624 946 3691 opes
968 3604 1109 3670 dixerunt
1120 3606 1237 3670 Plinius

98 3690 319 3771 mittet
333 3691 538 3755 stillantium.
554 3693 593 3769 l.3
615 3690 646 3752 in
664 3712 723 3776 qua
738 3688 869 3777 denique
879 3693 1060 3777 metaphora
1075 3695 1239 3777 persistens

100 3777 215 3842 multa
233 3774 338 3839 vibice
349 3774 487 3857 aditmxit
501 3797 558 3861 pro
579 3777 698 3861 inique,
721 3778 846 3855 acerbe,
868 3774 982 3839 duriter
993 3779 1094 3840 fenori
1112 3800 1240 3863 operam

100 3864 182 3927 dare.
225 3861 290 3926 Nec
304 3860 559 3949 praetereundum
574 3873 620 3924 est
639 3864 792 3925 vocabulo
808 3863 1044 3925 cautusalludi
1063 3862 1103 3925 ad
1121 3868 1240 3926 formu-

99 3954 163 4014 lam
181 3950 255 4029 juris
280 3957 411 4013 cantur!¹
419 3945 624 4036 pecuniam,
648 3945 687 4009 de
699 3968 759 4032 qua
779 3944 880 4015 Bentl.
905 3945 945 4010 ad
959 3949 1065 4011 Horat.
1085 3948 1110 4010 E
1133 3948 1239 4028 .11,1,

103 4036 196 4102 105.“
229 4031 373 4097 Eandem
379 4034 566 4099 molentium
579 4031 709 4094 facunde
721 4036 785 4111 jam
801 4044 981 4118 exposuerat
995 4034 1052 4098 Pb.
1060 4032 1098 4097 G.
1106 3972 1241 4098 bchtnd.
1342 4056 1347 4065 ’

100 4123 197 4197 terne,
242 4115 417 4183 meditata
450 4127 484 4181 et
518 4115 702 4182 observatt.
722 4115 837 4207 jurid.
864 4116 901 4182 iu
931 4121 1033 4189 Pers.
1066 4118 1241 4205 specimen

101 4207 198 4293 (Lips.
217 4206 330 4283 1797),
350 4227 380 4291 p.
397 4208 439 4271 69
454 4225 520 4290 sqq.
543 4243 582 4251 -
601 4203 749 4271 ,Plumius
764 4206 904 4289 praetulit
916 4206 988 4267 huic
1007 4207 1242 4291 explicationem

98 4292 248 4357 JGtorum
267 4292 344 4354 olim
365 4290 542 4355 celebrium:
564 4310 649 4352 aram
669 4290 701 4351 in
721 4289 839 4365 Putmli
858 4292 1067 4369 constitutam,
1090 4303 1120 4353 et
1141 4292 1242 4377 ipsum

99 4378 207 4459 Puteal
221 4376 351 4455 dictam,
374 4396 414 4439 ex
426 4396 514 4439 more
530 4377 666 4457 tetigisse
682 4375 734 4461 qui
753 4378 851 4455 jurare
864 4378 997 4440 vellenti
1019 4377 1091 4438 hinc
1102 4376 1242 4442 Persium
1265 4440 1268 4445 .

98 4465 131 4531 b.
150 4467 174 4537 l.
193 4462 245 4527 'cle
265 4457 594 4551 pejerantibus
622 4459 724 4527 dicere
748 4456 939 4551 flagellare
963 4482 1147 4543 esserum,
1177 4482 1241 4527 non
