2700 4972
45 276 191 435 „sm
220 386 228 413 „
342 326 597 397 amsrocl
639 306 1031 403 auncurrroara
1127 389 1139 397 .

127 501 309 589 sapientiam
322 522 393 565 cum
405 500 576 587 eloquentia
591 512 621 564 et
640 499 810 567 eruditione
828 508 908 585 justo
923 508 1059 592 quodam
1079 513 1268 577 convenien-

127 618 218 692 teque
233 615 474 690 temperemento
490 604 617 668 misceat
638 614 684 685 et,
713 618 746 668 ut
757 602 1023 673 Graecorumnon
1035 608 1266 692 ignobilii'scri·

127 722 196 796 ptor
211 710 268 788 ait,
289 708 331 790 τῇ
356 701 458 793 ἀρειῇ
478 701 655 790 τὸνλόγον
669 711 795 792 κοσμῇ,
815 704 878 793 τὴν
899 706 1022 796 ἀρετὴν
1043 708 1080 779 di
1099 717 1148 803 τῷ
1158 709 1267 800 λόγῳ,

126 810 199 893 Quo
219 813 253 873 in
272 822 402 895 utroque
424 809 580 890 generasi
600 811 814 890 gravissimum
825 815 909 876 hune
923 837 1047 879 morum
1063 838 1223 901 censorem
1236 829 1267 880 et

87 974 91 996 ,
125 916 272 980 virtutum
284 924 515 1000 praeceptorem
526 911 715 976 fidissimum
729 915 914 981 contendam
930 922 1094 1000 excellere,
1121 932 1186 985 tam
1200 943 1266 984 cer-

124 1030 173 1081 tus
193 1039 264 1081 sum
278 1016 424 1080 victoriae
439 1017 497 1078 sub
515 1025 548 1078 te
563 1014 681 1096 judice,
710 1039 788 1102 quae
802 1030 855 1082 tua
872 1033 919 1086 est
936 1021 1066 1086 eruditio
1083 1034 1115 1087 et
1127 1023 1161 1085 in
1173 1024 1267 1088 literis

123 1141 246 1207 quoque
264 1130 383 1183 rectum
403 1115 567 1197 judicium,
596 1140 689 1204 quam
707 1120 783 1183 illud
802 1145 867 1187 non
879 1127 1005 1207 ignoro,
1033 1124 1201 1190 ludibrium
1213 1150 1266 1191 me

123 1224 184 1287 sibi
199 1222 312 1287 debere
326 1222 444 1308 sophos
465 1220 535 1283 illos
552 1241 620 1284 esse
641 1221 792 1304 dicturos,
820 1229 932 1315 quibus
951 1230 1025 1295 satis
1043 1242 1204 1317 acceptum
1219 1242 1266 1295 est

121 1328 241 1387 nullum
259 1323 399 1410 poe'ticae
418 1334 469 1385 aut
489 1324 682 1409 eloquentiae
702 1347 773 1388 cum
788 1330 978 1408 gravioribus
995 1329 1161 1420 disciplinis
1177 1356 1265 1397 com.

121 1428 271 1491 mercium
282 1424 479 1490 intercedere.
520 1422 604 1489 Nam
616 1426 692 1513 quid
703 1428 788 1491 aliud
803 1434 842 1494 ab
856 1432 918 1495 illis
931 1446 1121 1519 exspectem,
1147 1438 1201 1523 qui
1216 1440 1264 1499 sa-

120 1534 174 1595 tali
196 1529 331 1617 quadam
352 1530 476 1611 ignavia
494 1548 545 1593 ree
557 1540 674 1613 palme
689 1552 745 1595 sua
767 1536 1046 1618 conjunctissimas,
1062 1538 1174 1602 studia
1192 1538 1264 1603 dico

42 1632 46 1639 “
119 1636 314 1699 scientiarum
338 1644 369 1697 et
388 1630 587 1695 humanitatis
603 1642 700 1712 mles,
730 1634 810 1699 adeo
830 1652 973 1725 separant
989 1634 1124 1725 φύσεως
1143 1639 1262 1726 ἐνδείᾳ,

25 1758 28 1763 ·
118 1751 152 1801 ut
169 1738 273 1801 scribit
293 1736 521 1801 Platonicorum
539 1734 777 1819 mellitissimus,
798 1743 1133 1825 ααιακεοματίζοαιες
1153 1742 1195 1809 cd
1216 1741 1262 1830 μή

117 1835 290 1924 doodpsvu
304 1839 518 1923 χωρίζεσθαι,
541 1850 589 1919 ut,
610 1840 638 1902 si
649 1840 717 1926 quis
733 1842 785 1905 illa
801 1856 884 1907 curet
895 1848 1038 1926 jungere,
1060 1847 1143 1908 hunc
1159 1850 1262 1911 statim

116 1945 252 2008 alienum
264 1965 332 2008 esse
347 1930 435 2007 dmni
448 1942 667 2029 philosophiae
683 1945 864 2013 clamitent?
907 1946 1031 2012 Scilicet
1043 1951 1198 2013 assensuri
1209 1951 1261 2015 isti

116 2060 187 2111 sunt
206 2047 362 2111 veteribus
384 2044 589 2133 sapientibus,
618 2044 777 2109 Poiticam
799 2051 859 2132 τῆς
880 2047 1081 2134 σεμνοτάτας
1113 2055 1261 2134 φιλοσο-

116 2151 198 2236 φίας
220 2143 307 2215 εἶναι
328 2144 482 2214 ούνοαοα
502 2146 592 2235 (ipsis
608 2150 694 2211 enim
708 2151 808 2215 verbis
819 2152 1057 2233 illorumutar),
1073 2176 1151 2240 quos
1169 2154 1260 2220 ride-

114 2276 185 2318 mus
202 2255 289 2317 omni
302 2275 372 2317 cura
385 2274 509 2317 morum
520 2253 716 2338 posthabita,
746 2274 825 2339 quae
840 2258 1125 2343 vera-phdosophia
1140 2270 1203 2339 est,
1225 2260 1259 2321 in

113 2359 219 2423 nescio
234 2359 344 2443 quibus
358 2356 697 2438 argumentatiunculis,
719 2357 752 2418 in
765 2358 855 2440 nugis
869 2360 1059 2451 sophisticis,
1088 2363 1120 2423 in
1134 2362 1259 2448 puerili-

113 2465 172 2527 bus
185 2461 356 2543 argutiolis,
377 2461 500 2544 ίοβοῑς
513 2457 646 2544 denique
661 2457 835 2543 ῥηματίοιςΙ
855 2463 914 2545 τῆς
932 2461 1152 2548 διαλεκτικῆς,
1173 2464 1258 2553 qued

112 2587 170 2641 sua
190 2569 258 2645 jam
276 2575 379 2645 aetate
400 2560 581 2649 Euphrades
601 2561 793 2628 Themistius
818 2567 1074 2651 conquerebatur,
1099 2589 1258 2631 summam

112 2670 294 2757 sapientiam
307 2688 441 2755 ponere,
463 2665 578 2729 scilicet
591 2666 753 2730 facundiae
767 2666 865 2731 Persii
875 2669 963 2733 virile
976 2673 1070 2732 robur
1083 2683 1134 2733 aut
1146 2692 1257 2734 recon÷

112 2774 176 2837 dita
188 2775 240 2839 illa
254 2770 384 2835 eruditio
398 2790 454 2832 eos
467 2768 581 2854 capiet,
608 2771 719 2855 quibus
738 2772 898 2858 pristinam
914 2773 1087 2836 barbariem
1100 2773 1257 2839 mordicus

109 2878 240 2943 retinere
256 2886 286 2939 et
306 2876 339 2937 in
359 2873 543 2959 antiquitatis
554 2873 648 2937 totius
665 2874 858 2957 ignoratione
878 2877 994 2941 uersari
1013 2877 1115 2963 potius
1134 2876 1256 2942 videtur

109 2962 229 3051 esseae
240 2978 350 3041 melius
362 2997 458 3073 quam
469 2977 701 3061 possessionem
711 2979 880 3059 literarum,
912 2978 989 3041 olim
1001 2979 1095 3042 simili
1112 2981 1254 3045 socordia

108 3086 330 3167 extincturum,
357 3082 509 3153 memoria
530 3101 604 3144 vero
623 3091 747 3167 patrum
757 3102 871 3163 magno
884 3080 947 3145 Dei
958 3083 1140 3147 immortalis
1156 3088 1254 3149 bene-

105 3188 177 3250 ficio
192 3188 225 3249 in
239 3190 342 3255 lucem
356 3192 569 3251 revocantum
586 3186 700 3249 exalta
717 3185 883 3248 hominum
899 3188 1074 3266 oblivione,
1100 3188 1160 3250 sibi
1180 3188 1254 3271 uin-

106 3288 207 3377 dicare
221 3299 251 3359 et
263 3309 319 3375 pro
336 3308 392 3388 sua
409 3308 562 3373 quemque
580 3288 660 3361 virili
678 3289 809 3375 posteris
830 3309 983 3370 asserere;
1013 3288 1098 3375 quod
1116 3289 1169 3375 qui
1187 3310 1252 3352 non

104 3393 237 3470 faciunt,
259 3411 403 3454 caussam.
415 3389 516 3452 dicere
532 3392 650 3453 nullam
662 3402 810 3477 possunt,
830 3413 892 3477 quo
905 3391 1008 3471 minus
1017 3391 1078 3477 'pro
1090 3392 1167 3453 tanti
1181 3413 1252 3455 mtu-

104 3497 185 3565 neris
209 3495 353 3563 bonitatis
380 3492 504 3579 dirime
526 3513 635 3579 partun
660 3494 767 3579 aequis
788 3494 1050 3573 aestimatoribus,
1085 3495 1151 3557 imo
1175 3516 1251 3561 vero

102 3598 215 3685 iniquis
228 3597 413 3682 ingratisque
436 3595 681 3684 aspernatoribus
701 3597 762 3659 sint
779 3595 933 3661 habendi:
965 3597 1046 3661 adeo
1069 3598 1183 3662 crimen
1201 3600 1252 3661 in-

102 3722 178 3781 gens
196 3710 260 3781 est,
288 3699 374 3785 quod
394 3701 460 3764 istis
477 3722 518 3763 ne
539 3699 688 3763 minimae
707 3698 834 3785 quidem
855 3703 961 3787 eulpae
979 3702 1073 3763 affine
1090 3700 1249 3780 judicatur.

103 3802 275 3889 Equidem,
304 3804 352 3869 vir
366 3804 520 3882 maxime,
548 3824 605 3888 pro
620 3824 693 3865 meo
706 3804 739 3865 in
751 3804 852 3867 literas
867 3825 974 3871 cruore
986 3804 1104 3867 sincero
1120 3807 1181 3866 hoc
1194 3827 1250 3887 ge-

103 3928 163 3971 nus
176 3906 341 3969 hominum
356 3908 535 3971 mentirisse
550 3927 708 3995 nunquam
720 3928 865 3994 possum,
887 3908 961 3992 quin
974 3908 1077 3969 statim
1091 3911 1155 3985 ejus
1170 3909 1250 3971 mihi

103 4011 137 4073 in
158 4021 297 4081 mentem
313 4011 432 4091 veniat,
463 4009 547 4096 quod
570 4011 603 4071 in
623 4009 880 4075 Dissertationum
899 4011 1016 4073 Arriani
1038 4010 1258 4096 pulcherrimis.

103 4113 188 4176 libris
207 4112 370 4199 aliquando
393 4114 504 4195 legisse
526 4125 574 4192 te,
602 4135 695 4199 quem
712 4115 878 4185 meliorum
892 4114 1047 4177 literarum
1062 4111 1139 4173 nihil
1160 4114 1248 4195 sugit,

100 4237 164 4281 non
177 4214 294 4281 dubito.
323 4214 434 4283 Scribit
448 4238 523 4282 vero
531 4216 672 4283 Amanus
686 4218 945 4305 sapientissimum
955 4237 1064 4280 senem
1076 4216 1165 4278 illum
1171 4214 1247 4309 Epi-

101 4331 214 4385 etetum
225 4320 390 4409 impietatis
400 4322 435 4385 in
443 4319 550 4387 Deum
561 4342 616 4385 eos
630 4321 835 4398 insimulasse,
850 4319 943 4405 quiin
954 4320 1171 4407 philosophiae
1182 4329 1248 4383 stu-
1294 4314 1300 4327 '

101 4421 228 4509 diiscdv
239 4418 474 4511 ἀιιιγγελιαιὴα
483 4418 630 4509 δύναμιν
641 4426 708 4492 siue
718 4421 887 4489 sermonis
895 4444 1020 4497 curam
1027 4435 1247 4513 tanquam-rem
