2700 4972
99 366 166 429 :oo
469 310 882 433 corrueremus

95 557 126 620 p.
140 536 217 601 260.
236 540 268 593 et
276 525 381 593 lsutld·
391 524 553 590 Heindorh
571 524 612 589 erl
622 525 698 589 Hor.
714 547 746 611 p·
760 524 835 592 418.
876 525 1089 591 Nihilominus
1105 548 1225 591 comre-

94 619 247 683 tustiorih.
260 616 327 678 intt
339 613 507 700 simplicius
516 610 751 692 intelligendum
765 612 836 675 erit:
858 634 941 691 „nec
956 616 1020 677 ulla
1034 614 1225 677 externario-

80 706 190 767 'lentia
204 715 236 767 te
251 700 370 765 invadit
382 712 414 762 et
429 719 542 763 nervos
555 709 625 761 tuos
637 696 746 760 dolore
762 697 875 759 afficit“
896 695 995 781 (PL),
1020 701 1090 765 sive
1105 722 1223 786 quocun·

97 787 268 876 quemodo
282 786 393 849 excitat
410 795 441 847 et
452 785 592 868 torquet]

183 879 259 945 129.
279 868 349 935 Sed
362 868 393 931 εί
410 869 503 933 intus
521 876 557 930 et
576 867 613 931 in
626 865 746 952 jecore
771 889 876 954 aegro
896 864 1113 933 Nascuntur
1132 866 1224 933 domi·

43 959 167 1042 mani]
188 959 223 1024 Si
239 959 421 1023 exteriorem
436 954 597 1017 dominum
609 976 675 1016 non
689 957 804 1033 habes,
825 956 1005 1018 interiorem
1016 978 1094 1019 vero
1116 958 1224 1019 circum-

96 1051 176 1127 fers,
195 1066 260 1109 non
272 1064 384 1119 unum,
406 1040 462 1105 scd
474 1042 592 1126 plures:
615 1062 676 1125 qua
691 1045 792 1103 fronte
806 1040 937 1103 liberum
949 1053 981 1104 te
994 1040 1104 1107 dices?
1126 1043 1159 1104 hi
1168 1056 1224 1105 sunt

98 1132 218 1199 domini
232 1130 285 1216 qui
299 1130 344 1209 [in
359 1127 404 1208 te]
417 1138 582 1189 nascuntur
595 1137 625 1187 et
641 1149 754 1190 nervos
770 1127 852 1211 intus
867 1127 990 1207 agitant.
1038 1128 1160 1191 Marcus
1173 1128 1223 1191 tn

96 1219 221 1282 toninus
234 1226 371 1278 extremo
385 1215 439 1275 lib.
454 1211 507 1275 X:
529 1207 586 1273 Me'
611 1226 713 1294 νησο,
730 1207 790 1275 ’ὅτι
804 1206 842 1276 τδ
855 1216 1136 1294 νευροσααστοῦυ
1152 1210 1223 1277 leus

49 1290 53 1303 ’
96 1300 214 1381 ἐκεῖνο,
237 1296 277 1364 τδ
290 1234 684 1379 ίνδονέγκεκρυμμίνον·
712 1293 819 1361 ἐκεῖνο
843 1294 1000 1382 ῥητορεία
1040 1296 1147 1364 ἐκεῖνο
1162 1293 1222 1383 toi,

97 1385 224 1465 ἐκεῖνο,
245 1385 274 1450 εί
290 1383 341 1448 δεῖ
353 1383 471 1462 είτεῖν,
493 1379 693 1461 impostos:
715 1385 757 1447 ait
771 1383 893 1447 Marcus
908 1406 983 1447 sanc
995 1408 1093 1471 quam
1104 1382 1223 1469 ἐμφαντ-

97 1469 229 1540 κοίτατα
242 1469 319 1535 illud
333 1473 494 1549 occultum,
509 1468 593 1553 quod
609 1473 692 1532 intus
705 1492 764 1532 nos
779 1480 901 1549 movet,
922 1471 956 1532 id
973 1492 1043 1535 csse
1055 1469 1221 1556 ῥητορείαν,

99 1555 203 1643 ζωὴν,
226 1552 427 1637 ἄνθρωπον,
451 1557 512 1618 hoc
529 1566 592 1634 est,
614 1554 698 1641 quod
712 1556 805 1619 faciat
814 1578 872 1631 nos
887 1558 949 1619 hoc
963 1569 1017 1620 eut
1032 1558 1111 1621 illud
1123 1556 1221 1621 studio-

52 1682 55 1687 ·
97 1668 132 1710 se
147 1641 461 1731 persequi:'exempli
485 1662 591 1704 caussa
607 1642 832 1725 eloquentiam:
853 1640 888 1703 id
904 1664 989 1721 esse,
1011 1665 1070 1731 per
1090 1642 1167 1729 quotl
1183 1640 1221 1705 ri·

96 1733 215 1809 vimus,
237 1730 308 1814 quia
320 1729 362 1789 ita
375 1729 528 1805 vivimus,
555 1749 590 1788 uc
609 1725 686 1789 illutl
701 1739 763 1803 est,
785 1726 870 1813 quod
892 1750 950 1791 nos
968 1729 1117 1817 impellit:
1136 1727 1220 1793 lihidi-

96 1837 189 1895 noso,
210 1816 237 1878 si
246 1812 344 1878 libido
357 1824 459 1893 urget:
481 1806 678 1891 meticulose,
700 1814 727 1876 si
739 1825 856 1893 metus3
876 1812 1041 1895 iracunde,
1063 1816 1159 1895 siire3
1177 1812 1220 1876 ‹ls-

94 1903 187 1987 nique
201 1902 251 1963 hic
265 1900 351 1963 velut
364 1901 441 1963 alius
453 1900 551 1960 homo
565 1898 691 1984 quidam
707 1911 762 1977 est,
778 1898 922 1963 dominus
939 1901 1031 1979 illius,
1052 1902 1132 1965 intre
1144 1920 1219 2003 quern

94 1990 229 2051 habitat:
252 1986 330 2047 haec
353 1996 443 2047 mens
464 1985 573 2070 optimi
590 1985 798 2070 imperatoris,
821 1984 873 2069 qui
897 1987 941 2048 sic
959 1987 1056 2049 alium
1077 1988 1220 2055 hommem

93 2074 171 2135 intra
185 2073 347 2150 hominem
359 2073 503 2149 collocat,
525 2081 559 2131 ut
580 2069 701 2133 Persius
718 2071 788 2132 heic
807 2073 849 2132 ait
870 2071 951 2133 intus
968 2074 1055 2135 nasci
1078 2072 1219 2137 dominos:

94 2158 181 2221 idem
203 2168 249 2221 cst
271 2158 363 2218 enim.
416 2156 594 2241 Sapientes,
623 2176 695 2217 ¹curn
718 2156 793 2219 vitia
814 2153 973 2217 dominos
993 2173 1122 2239 vocant,
1141 2162 1218 2240 figure

93 2244 145 2307 illa
168 2240 418 2326 uhrntur,‘quam
441 2241 583 2304 Donatus
608 2244 742 2328 appellat
760 2243 1026 2324 σωματοποιίαν,
1049 2246 1218 2331 quandores

27 2329 243 2424 (natinanimis
261 2339 295 2390 ut
315 2328 447 2389 animata
467 2326 633 2406 inducitur3
663 2329 708 2389 sic
727 2328 760 2389 in
776 2326 946 2409 Evangelio
968 2330 1179 2409 lllamrnonas,
1193 2326 1218 2393 it

96 2425 142 2478 est
157 2414 298 2488 aranda,
325 2414 495 2497 appellatur
514 2412 674 2476 dominus:
698 2406 740 2476 oti
756 2409 814 2477 διὰ
835 2409 896 2496 τὴν
911 2413 1041 2478 οἰκείαν
1062 2414 1177 2499 φύσιν,
1193 2426 1218 2477 rt

37 2513 40 2521 '
95 2496 221 2563 adnotat
235 2497 492 2578 Chrysostomus,
515 2491 596 2560 oillei
613 2495 669 2560 διὰ
682 2493 743 2581 τήν
761 2502 829 2562 τῶν
845 2496 1125 2580 ύττοκλτνομένων
1145 2496 1218 2589 αὐτῷ

9 2578 12 2585 ’
94 2581 342 2663 ταλαιπωρίανε
364 2595 394 2645 et
409 2586 553 2646 observat
567 2581 656 2646 docte
669 2583 754 2646 idem
769 2592 855 2670 pater
868 2587 949 2662 alibi,
966 2592 1069 2652 solere
1083 2591 1219 2654 Christum
1255 2592 1258 2605 ’

39 2736 43 2743 ,
94 2669 299 2750 etl-majorem
312 2667 500 2732 evidentium
520 2680 611 2753 atque
626 2668 782 2733 doctrinae
799 2673 968 2735 efficaciam
984 2675 1083 2755 figura
1104 2679 1159 2741 hec
1176 2676 1220 2753 uti,

94 2776 189 2905 pppm
210 2751 361 2837 φύγωσιν
381 2756 450 2840 ipse
470 2756 616 2840 appellat:
643 2756 687 2818 sic
708 2751 858 2838 ἐψύχωσε
883 2753 945 2821 τδυ
964 2757 1103 2842 καιρδυ,
1131 2762 1220 2847 inquit.

149 2843 244 2904 tthaei
264 2842 361 2927 capite
384 2840 450 2921 vl;
471 2843 515 2905 sic
536 2842 606 2903 alia.
648 2842 736 2904 Haec
759 2865 830 2905 cum
852 2846 1014 2909 verissima
1036 2848 1115 2927 sint,
1143 2848 1220 2911 subiit

93 2949 147 2991 sae
170 2929 305 2991 emirari
318 2949 448 2990 acumen
459 2926 733 3012 philosophorum,
756 2928 929 3014 etquidem
948 2953 1014 2995 non
1032 2936 1219 3019 plebeiorum,

41 2948 225 3099 lteseiqm
246 3014 313 3076 sine
331 3014 538 3076 controversia
558 3008 700 3094 φέρουσι
721 3007 762 3076 τὰ
778 3015 945 3097 lupatria,
968 3021 1080 3101 quibus
1098 3020 1219 3083 tritssir

64 3138 66 3143 ,
99 3101 244 3163 omnibus
255 3100 368 3179 linguis
382 3099 550 3162 locutiones
564 3101 624 3160 hoc
640 3120 736 3179 genus
751 3096 835 3163 κατὰ
848 3096 886 3165 τό
908 3100 1010 3184 ῥητὸν
1031 3107 1145 3190 placuit
1155 3104 1220 3169 ccci·

91 3206 176 3270 pere.
220 3185 484 3266 Pythagoreorum
502 3186 580 3246 haec
603 3187 661 3246 fuit
685 3187 850 3248 sententia:
881 3190 1021 3251 nascenti
1041 3193 1160 3254 homini
1176 3189 1220 3254 atl⁴

91 3272 176 3333 nasci
191 3269 275 3332 aliud
290 3272 417 3349 animal,
431 3268 515 3355 quod
528 3272 680 3334 vocabant
692 3270 790 3335 modo
802 3270 901 3337 feram
914 3278 1085 3339 multorum
1096 3280 1219 3363 capitum

92 3355 188 3418 modo
200 3359 362 3418 mortalem
383 3355 537 3441 quandam
551 3356 633 3419 ritae
653 3358 804 3440 speciem,
834 3358 999 3447 aliquando
1017 3358 1090 3444 ἔριν
1105 3358 1220 3449 σύμφυ-

91 3461 168 3517 τον,
197 3441 283 3517 litem
304 3442 425 3503 homini
454 3443 607 3521 innatam
634 3443 686 3503 alii
710 3455 849 3506 naturam
879 3447 1058 3527 genitricem
1080 3452 1148 3513 sive
1168 3449 1218 3536 pri

92 3547 187 3606 mam,
202 3527 280 3588 sicut
292 3529 444 3614 sapientes
459 3527 673 3591 Hebraeorum
682 3531 871 3613 appellarunt
886 3531 963 3593 illud
978 3534 1083 3618 ipsum
1099 3552 1153 3597 πυ·
1165 3536 1220 3599 sin
1255 3578 1258 3599 .

93 3615 363 3778 [υέπυνῖαοοῐτί
376 3614 514 3694 theologi
524 3624 685 3699 peccatum
699 3616 833 3695 originis.
868 3616 984 3681 Auctor
995 3623 1139 3687 carminis
1151 3618 1218 3687 aurei
1255 3666 1258 3691 .

136 3703 156 3763 9
177 3719 193 3761 s
214 3743 223 3759 .
256 3721 265 3761 ε
676 3720 680 3725 ·
1255 3706 1258 3717 '

177 3718 295 3866 ιίνγρὴ
308 3778 373 3864 γὰρ
388 3777 578 3859 συνοπαδὸς
596 3778 663 3864 ίρις
678 3780 872 3865 βλάπτουσα
886 3783 1028 3869 λέληθεν

178 3866 380 3950 Σύμφυτος,
397 3864 442 3952 ἢν
454 3864 497 3935 οὐ
512 3870 564 3935 δεῖ
575 3868 772 3952 προσάγειν,
795 3872 928 3937 ε’ίκοντα
942 3871 978 3938 δὲ
994 3872 1143 3961 φεύγειν.

91 3951 282 4018 lamblichus
294 3956 338 4018 sic
349 3957 578 4042 interpretatur:
603 3954 751 4022 ἐνταῦθα
765 3956 802 4023 τὸ
816 3953 928 4023 διττὸν
939 3963 998 4044 τῆς
1018 3958 1218 4047 ἀνθρωπίνης

92 4032 382 4123 peraccesserat:
402 4039 459 4105 καὶ
483 4039 521 4106 τὸ
540 4040 784 4127 τσαραττεφυκὸς
802 4040 883 4129 ἡμῖν
905 4041 972 4109 irco
996 4052 1057 4133 τῆς
1077 4048 1218 4134 γενέσεως

93 4120 319 4207 ἀλλότριον
342 4129 461 4208 ζῶον,
484 4122 565 4207 ὅπερ
589 4126 700 4211 οἱμὲν
716 4128 953 4212 πολυκέφαλον
972 4136 1115 4240 θρρίον,
1138 4131 1218 4201 ottt

90 4208 220 4295 θνητόν
233 4234 266 4276 τι
283 4214 367 4296 ζωῆς
387 4206 489 4292 σίδας,
513 4208 609 4278 ίίλλοι
632 4215 668 4280 δὲ
684 4215 792 4298 φύσιν
807 4232 1044 4301 γενεσιονργον
1058 4226 1217 4288 καλοῦσα.

89 4294 180 4361 ldem
195 4298 346 4384 aliquanto
360 4310 447 4385 post:
470 4295 530 4364 τόν
544 4297 580 4365 ἐν
600 4294 679 4383 ἡμῖν
691 4308 787 4368 θείου
811 4300 996 4383 ἄνθρωπον
1012 4310 1077 4373 τοῦ
1095 4313 1216 4375 uoluae

90 4377 205 4467 φσίλου
217 4379 406 4465 θρέμματος
424 4380 564 4469 ἐγκρατῆ
579 4382 754 4469 notarios:
776 4392 830 4454 ubi
844 4389 932 4454 rides
947 4390 1010 4454 duo
1026 4395 1106 4459 intra
1128 4393 1217 4459 homi·

89 4488 165 4533 nem
179 4471 346 4535 animantia
358 4473 516 4537 constitui:
538 4494 635 4536 unum
651 4476 767 4556 ferum,
789 4475 907 4563 dequo
928 4481 992 4558 jam
1013 4479 1163 4567 diximus:
1181 4481 1218 4545 cl·

723 4794 783 4923 f
