2700 4972
81 306 169 368 rra.
367 257 370 262 ’
438 270 915 397 οοΜΜΕΝΤΑΒΙΠεἸ
990 260 1021 276 ”

3 506 6 511 ,
40 478 43 483 ’
80 471 184 557 priore
199 472 270 532 loco
288 488 342 531 eos
357 468 459 554 ponit,
481 467 534 553 qui
550 465 625 530 odio
646 463 835 553 Graecorum
850 485 981 528 omnem
999 465 1227 539 transmarinam
1253 502 1256 509 ·
1277 467 1284 507 ²

81 556 266 643 sapientiam
282 552 411 616 oderant
423 574 459 616 ac
477 552 610 617 ludibrio
630 554 801 632 habebant,
824 550 937 615 deinde
961 553 1046 632 illos,
1071 555 1126 639 qui
1143 566 1228 619 orn'ne

82 645 116 705 in
132 643 313 704 universum
328 640 545 726 philosophiae
563 638 699 702 studium
719 636 906 701 damnabant
926 648 957 700 et
970 638 1052 702 illius
1073 640 1227 721 magistros

85 751 120 790 ac
133 737 297 792 sectatores
312 724 413 810 irristn
427 727 596 788 habebant:
618 725 693 788 istos
707 745 727 785 a
737 722 832 786 libelli
846 724 938 802 hujus
949 724 1085 789 lectione
1097 746 1231 788 summo-
1280 726 1284 805 l

86 825 139 877 vet
162 811 283 874 Persius
301 822 333 873 et
354 832 410 873 sna
428 814 513 890 jubet
534 832 653 891 curere3
683 807 855 888 cujusmodi
875 820 980 870 autern
1003 809 1105 873 studia
1127 822 1239 889 essent,-
1281 812 1284 851 ³

72 899 197 985 ·quibus
213 904 298 959 e'rant
312 894 408 957 dediti
421 897 639 982 philosophiae
652 895 888 980 vituperatores,
912 915 951 957 ex
967 906 1128 980 postremo
1148 916 1230 960 versu
1283 901 1284 905 ’

90 1007 125 1047 co
148 1002 324 1044 noscemus·
1044 1010 1048 1017 ¹

40 1074 89 1128 161
128 1006 148 1065 g
172 1064 246 1147 ¹Qui
258 1064 295 1129 in
309 1059 470 1151 crepidae
487 1060 679 1150 Grojorum
693 1060 815 1126 latiare
825 1060 937 1151 gestit
947 1060 1142 1146 Sordidus]
1155 1064 1231 1130 Duas

7 1190 11 1195 ·
90 1153 189 1217 adfert
202 1163 293 1215 notas
305 1162 435 1237 quatuor
452 1153 610 1221 versibus,
642 1149 735 1235 primi
753 1151 833 1212 illius
856 1151 1023 1214 hominum
1042 1152 1179 1232 generis,
1199 1151 1232 1214 de

90 1248 151 1327 qn'o
167 1237 311 1315 (linimus.
355 1234 411 1311 Isti
425 1248 514 1307 sunt,
531 1238 589 1316 ait,
605 1239 656 1322 qui
671 1234 796 1299 Graecis
811 1256 901 1298 suam
914 1235 947 1297 in
962 1239 1043 1299 culrn
1057 1238 1233 1321 elegantiam

91 1320 228 1389 caninis
241 1324 311 1407 loco
330 1321 493 1401 objiciunt,
517 1344 587 1384 cnm
611 1323 671 1384 sint
691 1321 751 1407 ipsi
771 1323 869 1383 multo
888 1322 1057 1403 magis-vel
1074 1324 1235 1407 reprehen-

93 1408 188 1475 dendi
201 1420 326 1495 propter
341 1406 448 1471 sor'des
465 1419 496 1469 et
508 1408 684 1485 avaritiam,
706 1410 758 1470 vel
771 1404 917 1469 irridendi
934 1420 1058 1492 propter
1071 1409 1234 1473 affecutio-
1264 1430 1267 1437 ·

92 1517 167 1559 nem
183 1490 322 1581 ineptam
336 1493 453 1556 illuviei
468 1505 499 1554 et
515 1494 644 1573 neglecti
659 1495 772 1555 cultus:
796 1493 881 1576 quasi
893 1492 928 1554 id
942 1505 1023 1557 esset
1039 1494 1245 1557 certissimum·
1270 1490 1284 1585 l

94 1580 233 1644 militaris
250 1579 346 1641 animi
359 1592 584 1659 argumentum.
632 1575 802 1664 crepidae
819 1575 1007 1641 Graecorum
1025 1579 1187 1665 propriae,
1208 1590 1236 1641 ut

59 1705 63 1716 ι
96 1662 209 1730 calcei
222 1662 436 1728 Romanorum
452 1667 493 1741 [v.
509 1666 573 1742 Pl.,
595 1685 694 1749 praec.
716 1676 780 1725 not.
797 1660 864 1747 Ἧι
886 1664 943 1726 sed
963 1664 1085 1728 Persius
1107 1662 1236 1751 crepidas

74 1750 260 1823 ,nominans
281 1762 382 1812 totum
404 1749 544 1830 intelligit
572 1746 761 1812 Graecorum
785 1748 920 1811 studium
945 1748 1144 1830 φιλοκαλίας
1168 1750 1238 1813 circa

96 1841 226 1914 cultum,
251 1857 313 1920 quo
330 1857 403 1899 usos
428 1857 496 1899 esse
515 1836 584 1899 illos
604 1834 790 1915 elegantiore
806 1836 857 1898 vel
878 1857 918 1897 ex
942 1857 980 1897 eo
1004 1847 1140 1913 constat,
1161 1833 1239 1921 qnod

95 1944 238 2011 proceres
257 1920 411 2000 Romani,
448 1943 518 1983 cum
537 1923 653 1984 vellent
674 1921 812 1983 animum
833 1922 986 1983 remittere
1007 1933 1037 1982 at
1057 1942 1098 1983 ue
1121 1921 1259 1984 hilaritu-

94 2010 217 2085 rivere,
238 2006 370 2093 Neapoli
382 2008 560 2092 praesertim
573 2008 625 2070 vel
639 2007 765 2069 Athenis
789 2008 839 2068 vel
855 2006 926 2068 alibi
946 2008 1026 2069 inter
1110 2026 1183 2070 eoos
1204 2001 1239 2071 sd

94 2089 304 2172 τετράγωνον
317 2087 462 2173 ἱμάτιον,
474 2092 506 2155 id
520 2104 567 2154 est
579 2092 714 2178 pallium,
726 2092 765 2154 'et
776 2089 913 2176 crepidas
928 2094 1142 2177 assumebant:
1162 2090 1241 2178 qnod
1279 2114 1283 2125 ·

46 2244 49 2249 ,
99 2172 175 2242 olim
190 2177 344 2263 Scipioni,
366 2176 486 2256 Sullae,
514 2178 648 2240 Antonio
667 2188 756 2261 atque
777 2177 843 2239 aliis
860 2179 898 2240 ab
919 2199 1027 2240 eorum
1042 2176 1177 2241 iniinteis'
1189 2194 1241 2263 pro

2 2284 5 2292 ’
100 2255 224 2327 crimine
243 2276 290 2326 est
305 2267 459 2342 objectum
475 2259 658 2344 [Crepidos
676 2261 873 2325 cumPersius
885 2263 935 2324 hic
953 2265 984 2325 in
992 2284 1026 2325 re
1040 2264 1185 2327 litteraria
1198 2260 1242 2325 di-

98 2342 193 2426 xeril,
221 2348 319 2411 Plum.
343 2349 467 2411 miratur
491 2349 648 2411 neminem
669 2369 721 2411 eas
743 2345 783 2410 ad
803 2348 995 2427 tragoediam
1019 2351 1147 2434 ejusque
1170 2349 1243 2411 iuter

39 2510 42 2515 .
99 2434 261 2498 Romanos
282 2432 418 2496 studium
440 2436 595 2497 retulisset
624 2454 697 2495 nam
725 2430 948 2516 crepidatam
970 2433 1244 2515 essctragoediurn

102 2517 220 2584 Graeco
238 2530 435 2599 argumento:
455 2520 497 2581 ita
510 2517 590 2601 Lyd.
606 2517 645 2579 de
658 2518 791 2598 magistr.
807 2518 832 2597 I,
848 2521 890 2585 40
907 2522 977 2583 coll.
991 2518 1152 2599 Reuvens,
1167 2516 1244 2583 cot-

102 2604 197 2670 lectt.
208 2601 275 2666 titt.
288 2627 318 2689 p.
334 2605 513 2685 36-39.];
536 2600 695 2665 sordidus
716 2606 769 2667 vel
788 2603 830 2667 ad
847 2600 1006 2669 avaritiam
1022 2616 1127 2690 potest
1144 2604 1246 2669 referri

104 2694 157 2757 vel
181 2689 221 2752 ad
239 2690 368 2752 nimiam
388 2691 485 2762 cultus
507 2690 734 2770 negligentiam.
762 2689 841 2768 [hoc
859 2691 958 2753 recte!
988 2689 1112 2771 Posu]
1155 2690 1247 2754 Erant

105 2774 226 2840 Romae
246 2776 498 2861 quamplurimi,
533 2776 586 2861 qui
604 2787 724 2855 togam,
752 2773 914 2838 Romanae
933 2777 1071 2857 gravitati
1092 2778 1246 2862 propriam

98 2868 239 2937 restem,
262 2873 470 2941 gravarentur,
493 2882 589 2945 eaque
609 2863 747 2941 neglecta
766 2864 817 2924 vel
831 2863 960 2945 palliati,
983 2863 1010 2925 si
1022 2864 1170 2927 undoni
1186 2866 1247 2925 for-

1 2964 6 3021 ζ
103 2960 195 3009 tunae
217 2959 331 3025 essent,
360 2947 412 3010 vel
431 2948 567 3031 penulati
588 2940 651 3007 ant'
667 2947 810 3008 lacernati
834 2947 868 3008 in
896 2949 1052 3034 publicum
1075 2946 1248 3034 prodibant.

110 3033 194 3113 Lege
207 3031 390 3095 Suetonium
406 3034 483 3095 libro
499 3030 542 3094 Π.
565 3032 662 3116 capite
682 3030 759 3111 XL3
781 3030 838 3094 sed
857 3044 887 3095 et
901 3033 991 3095 multi
1004 3044 1102 3112 erant,
1125 3034 1196 3119 qui,
1215 3044 1248 3096 nt

108 3118 238 3181 militare
253 3120 347 3181 robur
357 3139 430 3203 pree
446 3141 480 3182 se
498 3122 627 3195 ferrent,
652 3121 690 3180 ab
707 3118 792 3179 omni
811 3120 995 3198 elegantiore
1013 3129 1044 3181 et
1066 3120 1249 3183 humaniore

109 3206 189 3266 cultu
204 3203 303 3268 rideri
318 3207 464 3267 volebant
476 3205 667 3267 abhorrere:
686 3225 763 3287 quos
785 3203 906 3267 Persius
925 3206 958 3267 in
976 3205 1063 3266 tertia
1079 3204 1148 3285 [77]
1175 3201 1249 3285 dir,-

108 3308 225 3351 cosom
236 3298 378 3374 gentem
395 3287 652 3363 centurionum,
673 3289 707 3350 in
731 3289 835 3373 qulnta
857 3290 947 3371 [189]
968 3288 1146 3367 varicosos
1169 3312 1249 3355 corr·

108 3371 262 3437 terriones
278 3386 440 3459 propterea
462 3374 619 3436 nominarz
641 3395 715 3436 nam
738 3375 789 3438 isti
810 3387 897 3439 erant
914 3377 965 3439 illa
990 3387 1088 3439 aetate
1110 3376 1250 3463 philoso-

61 3460 208 3545 ffigphiae
222 3482 257 3522 ac
272 3461 426 3522 literarum
434 3461 593 3546 praecipui
604 3463 719 3523 hostes.
1196 3472 1204 3479 '

198 3550 269 3613 128.
291 3540 341 3609 Et
354 3543 446 3608 lusco
463 3542 524 3631 qui
540 3544 653 3629 poscit
673 3541 806 3608 dicere:
828 3545 953 3627 tusca]
984 3545 1171 3637 Scripsimui

110 3628 191 3708 scit,
219 3652 284 3693 non
301 3630 434 3717 possit.-
450 3643 610 3715 'utrunque
627 3632 765 3696 invenire
785 3643 832 3695 e'st
848 3632 880 3694 in
904 3633 1077 3713 veteribus,
1097 3632 1158 3698 sed
1177 3570 1252 3699 iffid

110 3716 239 3778 melius:
260 3737 334 3781 nam
348 3716 441 3781 idest
456 3714 569 3803 poscit
587 3720 648 3779 hoc
661 3718 693 3781 in
709 3739 815 3797 versu,
839 3718 923 3803 quod
934 3717 1042 3805 gestit
1059 3719 1094 3781 in
1112 3722 1253 3809 superio-

111 3824 160 3878 re,
183 3813 214 3864 et
227 3823 304 3864 mox
319 3801 404 3867 scit.-
431 3803 513 3883 [imo
531 3800 640 3885 possit
656 3805 786 3882 melius,
807 3814 841 3867 ut
855 3817 1036 3869 censuerunt
1050 3818 1178 3871 recenti.
1197 3807 1254 3873 crt-

111 3886 164 3948 tici
178 3885 218 3949 ad
238 3900 335 3950 unum
349 3911 474 3967 omnes,
497 3889 671 3973 adspirante
691 3888 789 3953 Godd.
803 3891 891 3976 copia
905 3892 997 3970 longe
1013 3892 1149 3972 majori]
1170 3904 1253 3957 ulra-

114 3992 174 4057 que
189 3993 253 4035 vox
265 3968 332 4049 ἕξιν
352 3973 477 4037 denotat
494 3976 565 4039 vitii·
580 3987 610 4039 et
630 3976 770 4039 inolitam
790 3976 1060 4056 consuetudinem
1084 3989 1131 4041 est
1151 3990 1254 4043 autem

44 4093 50 4099 ·
113 4058 276 4142 superioris
291 4072 383 4121 notae
395 4061 551 4123 illustratio
564 4060 715 4145 quaedam
732 4084 750 4123 a
772 4062 880 4124 simili:
901 4062 1032 4126 absurde
1049 4065 1135 4127 enim
1153 4068 1253 4128 faeere

68 4224 71 4228 Ι
113 4164 168 4206 eos
179 4143 333 4219 ostendit,
354 4146 406 4229 qui
417 4147 451 4207 in
470 4142 594 4211 Graecis
608 4148 748 4210 habitum
769 4144 990 4211 Graecanicum
1010 4148 1193 4213 damnarent
1210 4160 1254 4213 at-

114 4250 175 4312 que
193 4227 271 4290 adeo
286 4229 422 4293 instituta
435 4243 486 4293 aut
498 4252 601 4295 mores
619 4253 692 4295 suae
712 4234 824 4313 gentis,
854 4255 918 4297 non
938 4236 1042 4298 minus
1061 4257 1157 4321 quam
1175 4239 1254 4315 illos,

115 4314 167 4396 qui
189 4313 377 4379 debilitatem
399 4338 488 4381 suum
502 4316 652 4381 debilibus
667 4320 885 4403 exprobrarent
910 4331 941 4383 et
961 4322 1096 4407 corporis
1115 4323 1192 4387 viria
1207 4323 1254 4400 iis,

114 4399 224 4482 quibus
236 4400 388 4481 fingendis
403 4413 507 4467 natura
520 4415 684 4489 peccasset.
716 4403 942 4473 Perversissimi
953 4407 1049 4473 moris
1057 4418 1109 4471 est
1122 4401 1255 4493 douzi-
