2700 4972
2 258 137 413 ,ᾗτο
452 309 866 419 couuunrsmus
961 277 964 283 ’
1058 260 1075 269 ”

19 560 22 565 ,
173 492 204 552 7.
225 480 340 550 Necte
356 482 565 570 quaesiveris
580 485 697 564 extre]
719 480 839 548 iudicia
852 480 958 568 populi
968 480 1105 547 Romani
1117 480 1237 564 rejici-''

87 570 153 635 enti
165 571 269 634 Persio
288 570 380 650 objici
388 580 522 655 poterat:
543 571 611 656 quis
625 571 680 633 erit
694 571 801 651 igitur,
823 570 871 630 cui
888 579 919 631 te
933 572 1053 654 placere
1069 569 1218 638 studeas?

86 655 252 744 respondet
269 656 318 718 his
335 655 455 719 verbis:
489 667 579 736 tune,
607 657 721 741 inquit,
749 655 869 719 meris
890 675 930 716 ex
952 654 1220 734 aliorum-judiciis

87 742 256 828 pendere?‘
269 762 326 822 ego
340 762 415 806 vero
432 738 471 803 de
484 763 536 804 me
548 753 578 804 et
589 743 668 805 meis
683 742 760 805 alios
771 762 837 802 non
849 742 986 819 consulo,
996 763 1107 819 verum
1118 743 1221 828 ipsum

87 850 159 909 τινες
181 825 264 913 quod
278 838 309 889 et
321 838 364 905 tu,
385 826 413 889 si
427 848 480 888 me
497 827 620 906 audias,
641 828 751 890 facies.¹
786 825 947 910 Proprium
961 838 1007 889 est
1022 847 1148 906 eorum,
1171 826 1222 914 qui
1246 858 1249 863 2

89 914 218 994 gloriam
229 923 397 992 sectantur,
418 915 498 974 facta
512 934 567 976 sua
585 934 649 975 non
669 910 710 974 ad
730 923 829 974 rectae
844 908 969 976 rationis
986 914 1148 975 obrussam
1167 935 1222 976 ex-

87 1000 179 1079 igere,
194 997 250 1062 sed
265 997 304 1060 ad
317 1010 438 1081 greum
448 998 580 1078 illorum,
596 997 736 1084 aquibus
747 996 864 1059 laudan
874 999 1015 1083 cupiunt:
1032 996 1105 1060 ideo
1115 995 1223 1062 Graeci

88 1085 269 1172 philosophi
283 1082 386 1145 dicunt
398 1079 478 1159 τοὺς
489 1079 694 1162 δοξοκόπους
707 1077 792 1165 πρὸς
807 1079 919 1164 ἕτερον
934 1084 1008 1167 ζῇνι
1031 1083 1117 1169 quod
1131 1106 1224 1170 quam

40 1176 75 1236 46
91 1170 238 1234 miserum
251 1169 305 1243 sit,
326 1170 529 1255 pulcherrime
548 1171 675 1255 exponit
693 1169 756 1231 Dio
779 1167 1017 1250 Chrysostomus
1037 1170 1138 1255 prima
1162 1170 1224 1239 dis-
1249 1246 1252 1251 Ι

89 1256 253 1320 sertatione
270 1254 310 1316 de
322 1255 421 1335 gloria
439 1255 526 1336 [orat.
542 1254 689 1336 LXVI.];
709 1254 764 1325 ubi
778 1255 872 1316 etiam
891 1255 948 1333 ait,
970 1254 1023 1340 qui
1036 1258 1149 1318 morbo
1164 1258 1225 1318 hoc

90 1343 239 1420 laborant,
260 1343 359 1404 solere
378 1340 495 1403 curiose
510 1342 660 1427 inquirere
673 1339 746 1426 quid
759 1340 886 1425 quisque
903 1339 991 1403 dese
1006 1341 1131 1418 seutiatr
1154 1343 1182 1405 si
1193 1342 1226 1404 in

89 1426 263 1491 laudatores
280 1424 455 1505 inciderint,
483 1429 591 1490 beatos
613 1449 646 1490 se
667 1438 772 1512 putare
794 1437 826 1487 et
844 1424 1035 1510 praedicare3
1062 1427 1112 1488 sin
1131 1429 1227 1504 aliter,

91 1512 195 1576 animo
214 1512 335 1598 penitus
358 1510 531 1591 concidere,
555 1535 626 1577 cum
646 1528 686 1574 ex
707 1512 806 1574 alieno
818 1510 938 1589 'judicio
962 1533 1084 1597 semper
1103 1513 1168 1599 ipsi
1187 1512 1228 1577 de

24 1628 31 1637 ·
93 1620 128 1662 se
142 1608 290 1661 statuant:
315 1592 468 1674 ἕκαστος,
490 1599 532 1661 ait
551 1599 593 1685 [p.
607 1599 710 1678 608.],
732 1597 800 1660 τῶν
817 1591 885 1660 ὑπὸ
904 1590 1027 1678 ταύτης
1048 1599 1107 1681 τῆς
1120 1593 1228 1665 νόσον

93 1677 331 1833 ιιῖνιτονμὲνιιν
356 1679 557 1765 περιέρχεται
577 1681 663 1762 πρὸς
685 1678 798 1764 ἕτερον
820 1683 883 1759 ζῶν
904 1680 959 1751 καὶ
979 1682 1011 1746 τί
1029 1681 1108 1766 περὶ,
1122 1680 1230 1751 αὐτοῦ

94 1772 181 1876 iper
197 1789 264 1846 τις,
286 1769 487 1851 φροντίζων·
512 1765 577 1855 κᾷτ’-ν
598 1763 660 1851 μὲν
678 1760 857 1852 εὐφημήσῃ
875 1789 943 1844 τις,
967 1762 1011 1844 ὥς
1028 1768 1149 1848 οἴεται,
1172 1791 1230 1854 μοι·

94 1876 211 1936 nuptos
232 1851 289 1918 καὶ
310 1844 473 1934 φαιδρός·
504 1854 531 1920 el
552 1851 587 1919 δὲ
609 1850 671 1938 μὴ,
698 1848 853 1929 ταπεινός
874 1851 985 1917 τεκαὶ
1007 1853 1159 1939 κατηφής
1175 1855 1232 1921 καὶ
1263 1874 1267 1881 ·

42 1938 45 1945 ’
94 1943 252 2006 τοιοῦτον
277 1935 381 2003 αὑτὸν
401 1933 486 2002 εἶναι
505 1938 672 2022 νομίζον,
698 1933 819 2003 ὁποῖον
847 1932 889 2002 du
912 1937 999 2003 einos
1028 1963 1085 2016 τις.
1145 1943 1231 2009 Haec

28 2092 31 2097 ,
95 2027 129 2089 in
143 2048 254 2107 genere
267 2023 390 2107 Dioflde
405 2026 587 2089 laudationis
607 2025 723 2090 avidis:
744 2024 868 2111 proprie
888 2047 962 2088 vero
984 2024 1155 2091 demisere
1176 2050 1233 2093 eo·

96 2132 167 2185 rum
181 2110 367 2189 conditione,
394 2112 447 2197 qui
465 2113 656 2197 eloquentiae
669 2115 786 2174 samam
800 2108 881 2196 apud
895 2113 1005 2192 wrlgus
1019 2106 1144 2198 cupiunt
1157 2136 1233 2177 con-

2 2229 4 2233 ·
96 2199 202 2283 sequi,
226 2195 373 2279 Synesius
386 2197 420 2258 in
437 2194 548 2260 Dione
568 2200 664 2259 multa
686 2196 909 2276 elegantissime
931 2208 963 2259 et
983 2193 1233 2281 γραφικώτατιτ.

16 2318 23 2335 ·
97 2282 227 2368 Sapiens
248 2294 368 2357 contra,
390 2292 425 2343 ut
437 2282 500 2346 suis
521 2286 572 2346 vel
586 2282 685 2345 laudis
697 2285 750 2346 vel
771 2283 876 2366 culpae
896 2295 1004 2345 notam
1023 2297 1176 2369 apponat,
1192 2286 1255 2351 ad.

98 2370 193 2431 alium
206 2367 343 2448 judicem
360 2390 426 2430 non
439 2367 503 2431 adit
517 2390 611 2454 quam
628 2368 669 2431 ad
688 2379 804 2431 rectam
821 2368 972 2430 rationem
990 2370 1068 2432 intra
1089 2392 1124 2455 se
1143 2374 1235 2443 bebi·
1256 2397 1260 2409 ·

13 2448 33 2533 ,'
95 2465 223 2518 tantem.
277 2452 454 2516 Stoicorum
477 2467 525 2517 est
543 2466 741 2541 praeceptum
761 2451 837 2515 illud
859 2455 931 2515 huic
952 2456 1021 2516 loco
1047 2456 1235 2529 conveiien-

97 2541 264 2613 tissimum:
300 2541 341 2623 τῇ
364 2533 444 2624 δόξη
469 2542 538 2603 τῶν
557 2536 649 2616 ἐκτὸς
672 2535 717 2624 μη
737 2535 876 2621 κέχρησο
900 2536 983 2617 πρὸς
1008 2535 1069 2623 τὴν
1091 2544 1236 2610 σεαυτοῦ

98 2622 228 2707 κρίσιν,
253 2617 336 2688 ἄλλοι
356 2625 468 2709 σαυτῷ
492 2621 633 2701 καὶτοῖς
654 2623 836 2705 κρείττοσι,
857 2621 981 2693 ταυτὸν
1003 2624 1174 2712 disiecit),
1194 2631 1237 2716 τῇ

99 2705 247 2797 ἀληθείᾳ.
290 2710 442 2781 Ausonius
453 2711 487 2773 in
499 2711 623 2774 Acroasi
633 2711 836 2794 Pythagorica
853 2709 893 2773 de
907 2713 974 2775 viro
989 2715 1074 2776 bono
1094 2715 1127 2797 [3
1141 2715 1254 2804 sqq.]='

185 2793 296 2861 ludex
312 2795 384 2882 ipse
397 2794 451 2873 sui
461 2806 571 2865 totum
587 2819 622 2861 se
635 2794 793 2883 explorat
819 2795 1049 2883 edunguem,
1122 2838 1127 2857 ·.
1200 2834 1206 2849 ι

188 2880 286 3030 ¹guid
291 2903 454 2966 proceres
468 2881 617 2983 venique
622 2879 724 2970 serat
746 2879 829 2969 quid
842 2882 958 2968 opinio
972 2881 1072 2972 urrlgi

215 2989 353 3040 ecurus‚·
1155 3008 1176 3017 ··
1222 3022 1228 3037 .

101 3052 134 3143 in
152 3053 285 3115 carmine
308 3074 401 3116 aureo
413 3051 694 3135 Pythagoreorum:
716 3046 852 3119 πάντων
875 3051 912 3119 di
932 3048 1064 3139 μάλιστ’
1081 3051 1239 3141 αἰσχύνεο

103 3134 245 3204 σαυτόνι
271 3160 363 3224 quam
384 3161 519 3220 gnomen
532 3141 621 3203 multi
637 3141 799 3226 scriptores
819 3153 1017 3227 usurparunt3
1038 3142 1122 3228 quod
1136 3156 1242 3208 autem

104 3224 145 3287 de
165 3225 302 3310 sapiente
316 3225 441 3305 dicitur,
464 3226 516 3311 qui
535 3238 618 3289 tenet
643 3239 740 3289 artem
758 3227 857 3306 vitae,
885 3229 918 3289 in
948 3231 1150 3315 cujuscunque
1169 3232 1241 3294 artis

53 3319 89 3378 47
107 3312 243 3396 perfecte
253 3311 350 3395 perito
361 3314 465 3372 locum
476 3314 579 3390 habet,
600 3323 635 3373 ut
647 3333 914 3397 operum-suorum
932 3314 970 3375 sit
982 3314 1049 3398 ipse
1066 3315 1127 3378 sibi
1146 3316 1243 3397 judex

106 3408 138 3459 et
154 3416 191 3456 ea
210 3399 291 3458 bene
313 3407 365 3456 aut
384 3417 472 3458 secus
495 3399 610 3460 habere
625 3399 800 3483 pronuntiet
821 3420 839 3460 e
859 3401 1042 3485 praescripto
1061 3401 1188 3466 rationis
1208 3402 1243 3465 in

102 3492 210 3543 mente
226 3494 286 3544 sua·
297 3480 390 3555 sitae,
415 3499 480 3543 non
501 3502 540 3543 ex
555 3484 686 3545 aliorum
704 3485 911 3569 opinionibus.
954 3484 1089 3551 Joannes
1105 3485 1245 3570 Chryso-

96 3576 225 3630 'stemus
247 3565 297 3629 De
318 3565 507 3647 sacerdotio;
530 3560 548 3629 ὁ
572 3561 707 3646 ἄριστος
730 3566 932 3653 δημιουργὸς
955 3563 1161 3647 adiicietur
1187 3569 1246 3638 καὶ
1272 3592 1275 3599 ·

106 3647 222 3735 κριτὴς
251 3654 319 3714 τῶν
343 3651 448 3715 αὐτοῦ
472 3650 683 3735 τεχνημάτων
708 3651 764 3718 τινὶ
794 3652 880 3719 καλοὶ
908 3654 965 3720 uod
993 3660 1110 3740 φαῦλα
1137 3655 1245 3744 ταύτῃ

96 3732 255 3807 τιθέσθω
269 3733 311 3801 τὰ
324 3733 500 3821 γινόμενοι,
523 3732 606 3803 ὅταν
621 3734 640 3802 ὁ
656 3734 894 3823 τεχνησάμενος
910 3736 997 3806 αὐτοὶ
1017 3747 1100 3821 νοῦς
1120 3741 1246 3823 ταύτας

110 3819 197 3909 φέρη
215 3819 274 3898 τοὶς
294 3817 445 3906 udonus?
472 3819 534 3907 την
552 3821 588 3891 δὲ
605 3825 673 3889 τῶν
694 3822 816 3902 ἔξωθεν
836 3823 937 3904 δόξαν
952 3824 1015 3912 τήν
1033 3829 1247 3916 Ιτιεττλιινημὲ-

58 3911 178 3993 (ὅτχνην
199 3905 255 3973 καὶ
277 3903 401 3987 ἄδοξον
419 3905 501 3994 μηδὲ
521 3908 567 3987 εἰς
585 3910 673 3975 νοῦν
689 3908 862 3994 dedidere>
880 3909 968 3979 ποτέ.
1012 3917 1100 3978 Hanc
1122 3930 1248 4005 propter

111 4006 249 4057 caussam
261 3996 407 4059 Aristides
424 3999 566 4083 aequales
588 4018 662 4061 suos
679 3998 832 4082 sophistas
853 4002 960 4062 acriter
983 4003 1139 4084 objurgat,
1162 4001 1270 4090 quod*

51 4080 56 4099 '
110 4079 245 4143 dicerent
256 4104 320 4143 non
331 4104 370 4145 ex
384 4103 441 4144 suo
463 4082 576 4162 judicio
597 4083 728 4146 seribere
743 4105 793 4162 se,
814 4106 922 4148 verum
948 4098 982 4148 ut
1000 4089 1084 4173 apud
1106 4112 1194 4152 corru
1216 4102 1247 4152 ta

108 4165 220 4246 judicia
235 4167 330 4247 frigus
350 4167 511 4231 evitarentr
534 4189 627 4254 quam
641 4189 709 4232 esse
728 4170 885 4232 stultitiam
898 4173 1172 4253 insignem'mullis
1189 4113 1215 4239 d

98 4254 160 4316 ‘cet
179 4251 266 4314 inicio
292 4256 355 4315 τοῦ
376 4249 462 4316 κατὰ
481 4254 550 4317 τῶν
575 4249 842 4338 ἐξορχονμένωνι
870 4269 916 4320 est
936 4280 975 4320 ue
992 4259 1044 4322 ille
1064 4262 1151 4325 locus
1176 4284 1248 4326 cum

57 4368 61 4375 =
109 4336 169 4400 isto
183 4335 279 4400 Persii
302 4337 513 4403 conferendus.
556 4338 629 4402 Non
651 4343 751 4404 obstat
770 4341 835 4421 his,
857 4279 941 4428 quod
961 4366 1031 4431 pars
1049 4369 1163 4429 magna
1187 4351 1249 4410 ho-

109 4423 230 4486 minum
248 4423 408 4510 φιλαυτίμ
421 4427 598 4490 laboramus
614 4438 645 4489 et
661 4437 764 4490 nostra
781 4428 929 4495 miramur
942 4451 1035 4518 saepe
1050 4435 1144 4498 etiam
1155 4434 1247 4499 vitia:
