2700 4972
167 322 231 385 ns
325 286 327 293 ’
364 306 369 313 ’
524 257 957 415 οοιιοιιιιιιιιιιοο

138 511 261 555 ·eenus
284 488 317 552 in
338 484 381 552 Π.
407 484 447 552 de
469 485 642 570 theologia:
671 483 721 563 τίς
745 479 853 572 ἡτῆς.
865 481 1000 571 φύσεως
1025 479 1110 571 ὁλκὴ
1141 480 1301 567 καὶπρὸς

166 570 291 659 ἄλληλα
302 572 412 678 ,σχέσις
427 576 498 649 τοῖς
520 575 661 657 γεννῶσι
673 568 731 638 acl
748 574 819 649 τοῖς
839 571 1076 657 γεννωμένοις,
1100 570 1159 635 ἵνα
1172 574 1220 655 τῷ
1233 572 1299 654 φίλ-

166 684 234 741 rou
259 675 451 745 συνοχηιαις
475 659 507 733 G,
557 671 712 723 sostomus
733 658 765 721 in
786 680 856 723 eam
873 658 912 722 ad
924 658 1221 723 Thessalonicenses
1236 660 1297 721 Ho-

200 748 250 815 ‘’a
265 744 310 815 X.
324 768 462 809 caussam
477 742 533 808 red
555 766 627 824 ens,
649 766 702 807 cur
715 742 803 808 Deus'
821 746 904 807 hunc
922 744 1064 808 ordinem
1078 745 1112 806 in
1128 754 1236 805 natura
1253 745 1296 805 in·

55 839 57 843 ’
164 832 301 913 stituerit,
323 844 357 895 ut
373 842 474 933 patres
485 832 598 894 liberos
615 831 771 911 gignerent
783 852 840 893 nec
852 852 907 917 per
919 851 954 894 se
970 832 1099 917 quisque
1113 840 1292 911 nasceretur:
1332 860 1334 873 =

165 917 196 983 sl
208 912 284 1003 yslo,
306 918 413 1003 inquit,
435 911 545 991 ἁπλῶς
558 912 692 997 ἔμελλον
705 914 740 979 οἱ
751 911 932 997 ἄνθρωποι·
943 915 1112 999 γίνεσθαι,
1134 909 1246 990 οὐδεΙς
1256 910 1290 978 ἂν

51 1040 54 1047 ·
162 1002 249 1085 ιιοός
261 994 385 1067 statua
400 996 511 1085 σχέσιν
522 996 628 1084 ἔσχεν·
650 995 755 1083 elysio
769 1004 835 1066 νῦν
848 998 999 1083 πατέρων
1019 997 1130 1066 ὄντων
1148 997 1207 1064 καὶ
1222 1000 1289 1063 arri-

163 1090 235 1157 οων
251 1085 309 1152 καὶ
322 1082 481 1171 ἐκγόνων,
501 1084 618 1151 πολλοὶ
632 1088 766 1151 πολλῶν
779 1086 899 1165 (malim
915 1086 1046 1152 παίδων
1063 1089 1117 1152 vel
1136 1082 1287 1165 πατέρων,

163 1187 199 1239 ut
220 1176 259 1237 ab
281 1196 345 1241 uno
370 1167 548 1253 ἆσιοογίας
567 1173 709 1259 exemplo
730 1173 835 1235 omnia
859 1174 1075 1253 intelligantur)
1102 1166 1147 1236 οὐ
1170 1170 1287 1254 φρονιι

165 1264 278 1343 ζουσι,
299 1260 411 1342 πολλῷ
432 1260 560 1340 μᾶλλον
578 1254 670 1322 ro'rc:
692 1258 855 1320 manifesto
876 1256 988 1341 σχέσιν
1005 1259 1096 1343 ponit
1114 1258 1286 1343 pro‘affectr

111 1342 331 1431 Ξσθσχέσεως,
360 1365 466 1409 amore
487 1355 519 1406 et
546 1343 778 1422 benevolentia:
813 1364 869 1428 pro
896 1344 1061 1406 arctissima
1089 1342 1286 1423 conjunctione

122 1484 125 1489 .
144 1432 152 1455 ²
163 1442 195 1499 et
203 1432 349 1501 affinitate
361 1432 441 1492 solet
453 1450 489 1492 ea
504 1451 568 1491 vox
582 1451 654 1491 usur
675 1428 727 1507 ari,
748 1438 783 1489 ut
795 1427 835 1490 de
848 1429 977 1493 vinculis
990 1428 1086 1491 animi
1100 1448 1136 1489 ac
1151 1429 1283 1514 ‘coqroris

145 1512 407 1601 ‘olympiodorus
428 1514 461 1577 in
485 1512 620 1577 Platonis
642 1450 857 1577 lihaedonem:
894 1511 913 1578 ὁ
945 1508 1094 1588 θάνατος
1121 1514 1192 1575 τῶν
1215 1508 1285 1593 πρὸς

163 1596 288 1685 ditata
301 1595 442 1685 σχέσεων
453 1594 605 1682 στόματός
618 1618 653 1663 τε
668 1596 725 1662 καὶ
739 1600 848 1683 ψυχῆς
861 1594 929 1662 ἐστι
950 1594 1182 1673 dioscuriade:
1202 1598 1242 1660 sic
1253 1598 1285 1659 eit

164 1686 403 1768 chrysostomus
432 1684 465 1748 in
494 1706 564 1748 eam
592 1681 632 1747 ad
651 1684 811 1747 Hebraeos
835 1682 972 1747 Homilia
988 1682 1089 1748 XVI:
1118 1683 1180 1746 dici
1199 1682 1285 1745 Deua
1329 1736 1334 1759 ,

160 1774 300 1843 habitare
317 1773 350 1834 in
373 1772 482 1851 coelis,
510 1792 576 1833 non
597 1770 683 1857 quasi
702 1772 773 1832 loco
797 1768 898 1855 aliquo
918 1769 1124 1832 includeretur
1143 1778 1196 1832 aut
1215 1768 1285 1855 quod

161 1866 257 1923 terras
273 1878 328 1921 sua
341 1854 512 1945 praesentia
527 1855 727 1920 destituisset:
749 1847 832 1918 attat
844 1854 885 1939 τῇ
898 1850 1003 1940 σχέσει
1014 1853 1071 1919 καὶ
1082 1856 1125 1939 τῇ
1140 1850 1287 1919 οἰκειώσει

49 1950 56 1967 “
162 1939 252 2025 :toda
272 1937 352 2017 τούς
377 1937 553 2025 ἅγγέλονςε
582 1942 637 2003 ubi
657 1934 767 2023 σχέσιν
792 1951 823 2002 et
845 1940 1012 2005 οἰκείωσιν
1033 1941 1133 2019 junxit
1160 1934 1287 2027 perrel:
1332 1930 1334 1945 '

163 2023 396 2112 παραλλήλονι
417 2048 491 2089 nam
506 2022 660 2110 σχειικοῑς
670 2026 882 2113 interpretatur
890 2026 1067 2108 flesycmus
1083 2024 1287 2101 olxecorrtxdr·

78 2158 82 2173 .
162 2114 206 2179 ite
227 2110 470 2199 olympiodorus
491 2113 524 2174 in
540 2110 741 2175 Phaedonem
767 2110 809 2172 ait
834 2106 895 2186 τοὶς
918 2105 1175 2214 γολοσωμᾶτους
1198 2108 1289 2193 mdc

163 2196 213 2267 irc
227 2200 382 2347 σᾶχειικως
397 2200 571 2282 συνῆφθαι
592 2198 639 2281 τῷ
657 2190 783 2279 eripere
799 2193 882 2260 κατὰ
895 2217 956 2281 την
979 2192 1158 2281 ἡμίσχιτον
1180 2192 1289 2279 spissa:

186 2306 224 2349 ua
260 2306 321 2349 ere
334 2281 408 2349 vide
425 2282 466 2346 ad
479 2283 542 2346 Sat.
556 2282 606 2365 V3
627 2303 691 2345 non
703 2282 800 2343 multo
814 2282 900 2345 aliter
911 2284 991 2345 hanc
1003 2303 1115 2346 vocem
1129 2291 1291 2368 acceperunt

162 2372 176 2437 i
200 2373 207 2386 '
222 2368 345 2449 Graeci,
372 2370 424 2455 qui
437 2380 540 2431 exorta
551 2368 590 2443 in
603 2366 739 2431 Ecclesia
752 2365 814 2429 Dei
833 2370 918 2449 gravi
931 2390 1024 2454 super
1040 2369 1212 2448 imaginum
1225 2368 1292 2429 cultu

166 2454 373 2523 controversis
390 2454 634 2540 pronuntiarunt,
657 2446 710 2517 ὅτι
733 2456 887 2535 egestatis
902 2454 952 2518 dei
969 2447 1070 2529 αὐτᾶς
1089 2455 1291 2533 προσκννιῖιι

96 2566 104 2583 ·
165 2539 251 2628 quod
266 2562 361 2621 genus
386 2536 531 2624 loquendi
545 2536 696 2625 prioribus
712 2536 851 2602 Patribus
865 2540 1055 2621 incognitum
1069 2541 1194 2627 penitus
1218 2550 1293 2624 atque

165 2624 337 2693 inauditum
358 2622 457 2710 (quod
466 2618 596 2708 'quidem
608 2644 648 2687 ex
666 2624 790 2685 illorum
804 2624 923 2713 scriptis
937 2635 1056 2689 constat
1069 2627 1193 2704 nobis),
1214 2624 1240 2687 si
1253 2622 1293 2689 ti-

163 2724 229 2777 tam
241 2710 328 2775 Deus
367 2708 529 2787 roduxerit,
551 2709 625 2771 alibi
640 2707 768 2772 adfatim
781 2730 981 2797 exponemus.
1015 2708 1161 2775 Observa
1173 2710 1295 2773 divinam

163 2820 294 2875 vocem,
318 2732 418 2861 ὅσον
437 2792 556 2877 jussit,
580 2793 727 2857 nomDii:
748 2816 822 2857 nam
835 2792 879 2859 ita
893 2795 1293 2883 passimSeneca,'glllarcus

164 2882 335 2949 Antoninus
356 2892 387 2945 et
405 2880 547 2944 Arrianus
568 2890 658 2967 atque
678 2880 730 2942 alii
752 2901 770 2942 e
789 2880 912 2944 Porticu
936 2880 1091 2945 doctores:
1113 2882 1167 2966 qui
1180 2880 1237 2945 e'tsi
1254 2882 1295 2943 lo-

165 2971 335 3057 quebantur
356 2987 427 3029 cum
447 2968 541 3047 vulgo
564 2977 595 3028 et
614 2986 708 3050 saepe
735 2964 810 3028 deos
834 2965 1022 3053 deorumque
1049 2970 1180 3029 nomina
1200 2969 1295 3029 inore

165 3056 330 3126 habebant,
351 3053 383 3115 in
398 3050 586 3137 explicandis
598 3063 701 3113 tamen
716 3070 789 3113 suae
807 3048 932 3114 scholae
948 3050 1076 3115 decretis
1091 3051 1200 3115 Deum
1210 3070 1297 3115 unum

77 3144 80 3151 '
166 3140 340 3229 prodebant
360 3159 499 3201 caussam
520 3137 703 3200 efficientem
724 3139 814 3216 hujus
843 3138 992 3217 universi,
1020 3138 1099 3200 sicut
1125 3151 1235 3201 notum
1258 3146 1298 3199 est

168 3226 245 3293 eM.
262 3224 375 3302 Tulli0,
398 3223 531 3301 Seneca,
553 3221 674 3285 Lae‘rtio
691 3221 725 3283 in
740 3221 868 3285 Zenone
892 3234 982 3309 atque
997 3224 1073 3286 aliis.
1097 3223 1239 3309 [quorum
1257 3225 1298 3284 lo-

169 3332 223 3391 cos
243 3306 579 3392 singulatimrproducit
595 3307 694 3370 Plum.
717 3305 810 3371 adh.
831 3310 976 3388 versum]
1019 3309 1103 3388 Lege
1117 3309 1299 3371 Lactantium

167 3396 222 3461 lib.
238 3394 264 3459 Ι.
279 3417 343 3480 cap.
363 3392 410 3473 V3
434 3393 529 3454 iidem
543 3394 634 3455 etiam
648 3386 762 3473 Λόγον
778 3396 945 3471 vocabant,
967 3393 1007 3455 de
1023 3415 1085 3479 quo
1102 3394 1301 3476 Athenagoras

169 3482 203 3545 in
217 3480 367 3569 Apologia
391 3477 451 3556 [ed.
465 3476 677 3558 Rechenberg.
700 3500 731 3562 p.
749 3480 792 3543 80
807 3498 854 3565 sq.
873 3501 899 3541 c.
913 3476 1010 3559 ejusd.
1024 3479 1123 3559 nota].

101 3564 177 3637 (¹²⁹)
261 3570 313 3631 72.
338 3562 552 3629 Ettamana
573 3582 642 3647 quo
654 3569 757 3649 parte
773 3560 911 3627 locatos
935 3584 973 3626 es
990 3562 1026 3625 in
1047 3567 1110 3645 re]
1141 3562 1304 3629 Humano

118 3640 230 3715 ²9⁰res
250 3663 296 3714 est
315 3650 451 3713 universi
469 3649 597 3711 humani
618 3649 736 3728 generis
751 3650 897 3715 societas:
919 3648 1020 3713 adhuc
1039 3650 1132 3729 igitur
1149 3653 1226 3730 περὶ
1246 3644 1305 3733 σχὲ-

172 3751 257 3803 σεων
272 3738 420 3821 loquitur:
442 3755 517 3797 nam
533 3735 648 3813 homo,
672 3745 818 3819 quatenus
838 3736 937 3799 homo
959 3746 1021 3813 est,
1043 3737 1138 3799 habet
1158 3736 1268 3819 σχέσιν
1281 3745 1306 3797 et

171 3824 341 3887 naturalem
366 3820 612 3901 conjunctionem
628 3840 699 3881 cmn
716 3820 860 3883 omuibus
872 3821 1068 3899 hominibus3
1091 3823 1147 3885 scd
1166 3823 1243 3887 illud
1260 3842 1307 3903 gc-

172 3909 275 3972 nerale
290 3907 427 3969 oliicium
442 3907 613 3986 astringitur
624 3915 730 3992 postea
743 3906 828 3985 aliis,
850 3918 884 3969 ut
901 3905 1003 3968 dicam
1023 3927 1095 3968 cum
1109 3907 1239 3987 Stoicis,
1262 3930 1307 3971 or-

123 4026 127 4039 ·
173 3994 263 4059 bibus
278 3992 461 4070 minoribus,
483 3992 534 4076 qui
554 4012 592 4054 eo
615 3992 786 4077 expressius
807 3992 1031 4072 intelliguntur,
1054 4014 1116 4077 quo
1135 4006 1243 4079 patent
1260 4014 1306 4056 au·

64 4114 67 4121 ·
174 4080 289 4161 gustius
300 4098 310 4150 3
337 4076 411 4138 inde
437 4088 497 4156 est,
531 4076 616 4163 quod
634 4078 765 4161 privatas
788 4078 946 4140 charitates
968 4079 1068 4163 plures
1099 4093 1207 4142 curant
1225 4099 1307 4166 quarn

198 4166 330 4227 ublicarn
349 4162 476 4225 civitatis
497 4173 549 4224 aut
571 4162 657 4243 regni
672 4164 847 4224 utilitatem:
872 4184 946 4225 nam
966 4162 1006 4226 ad
1023 4164 1205 4228 universum
1225 4186 1307 4227 ruun-

173 4186 252 4313 dum
266 4248 463 4329 cogitationes
477 4268 548 4310 suas
569 4250 681 4311 referre
717 4268 789 4308 uam
802 4248 892 4333 pauci
913 4260 998 4327 sunt,
1019 4250 1130 4333 quibus
1149 4255 1202 4316 vel
1214 4254 1307 4314 solnm

175 4337 206 4399 in
220 4346 357 4397 mentem
372 4353 507 4419 unquam
519 4334 660 4398 venerit?
696 4268 800 4395 idto'ici
813 4355 887 4397 vero
909 4334 1079 4414 corrigendi
1102 4338 1212 4399 erroris
1226 4339 1307 4414 hujus

176 4421 286 4503 gratia,
312 4418 395 4483 unde
415 4419 510 4481 multa
537 4419 569 4481 in
589 4419 685 4484 vitam
709 4430 831 4504 peccata
850 4432 1025 4502 incitarent,
1052 4422 1136 4484 soliti
1155 4444 1230 4488 suos
1250 4442 1306 4485 non
