2700 4972
127 358 227 445 Ιινα
527 366 934 473 conuauraaros
983 431 986 442 ,

81 586 84 591 -
162 537 325 603 Conclusio
342 539 420 600 haec
431 551 478 602 est
493 538 599 621 ultima
608 539 706 604 totius
720 537 961 617 deliberationis,
983 537 1063 623 quae
1083 539 1231 601 hactenus
1249 550 1287 603 ea

161 624 287 704 agitata3
309 625 413 687 referri
424 636 527 688 antem
540 626 617 688 haec
630 628 724 691 verba
739 624 852 688 debent
867 624 908 688 ad
930 626 983 686 illa
1000 622 1243 709 praecedentiae

152 750 158 757 -
245 705 303 772 Ne
319 708 409 774 miti
420 709 639 798 Polydamas
653 721 688 774 ct
704 707 872 774 Troiades
888 705 1090 772 Labeonem

148 798 153 814 ‘
251 791 508 868 Praetulerim
1325 840 1327 861 .

159 881 204 943 ibi
222 881 342 944 dicebat
363 879 436 944 ideo
459 880 596 945 damnari
616 883 776 944 consilium
796 904 887 946 suum
902 880 944 943 de
959 879 1057 944 Satira
1077 878 1237 944 scribenda
1254 883 1287 943 ab
1322 870 1327 929 I

112 967 220 1032 1551110
240 988 296 1030 suo
315 969 484 1040 monitore,
507 968 576 1052 quia
597 990 737 1053 proceres
753 968 887 1030 Romani
917 969 968 1043 ¹vel
991 966 1147 1055 Labeonis
1169 962 1289 1029 Iliadem
1322 978 1327 1019 f

157 1052 254 1137 ipsius
272 1051 377 1115 Satiris
390 1065 492 1117 essent
503 1055 715 1139 anteposituri:
737 1076 826 1132 nunc,
848 1064 1011 1138 postquam
1025 1071 1148 1116 caussas
1161 1051 1210 1113 sui
1223 1073 1288 1115 con·
1322 1028 1327 1079 I

158 1139 218 1200 sitii
231 1142 300 1201 fuse
312 1139 488 1224 explicavit,
510 1150 601 1219 negat
614 1161 648 1203 se
661 1142 741 1202 velle
756 1161 826 1200 cum
837 1160 990 1223 quoquam
1005 1159 1114 1201 eorum
1127 1136 1293 1222 pue'tanrm

46 1269 48 1273 -
158 1224 218 1312 qui·
231 1226 327 1304 uulgo
346 1224 462 1372 accepti
485 1236 601 1303 essent,
629 1226 686 1288 has
700 1247 770 1288 suas
786 1223 899 1287 Satires
918 1235 1122 1287 commutare:
1152 1222 1291 1285 nimirum

39 1326 43 1333 ·
157 1311 251 1393 pluris
269 1308 401 1373 iaciebat
445 1311 540 1372 ersius
553 1332 750 1390 generosam,
774 1332 833 1395 qua
848 1311 940 1371 utitur
955 1310 990 1371 in
1007 1311 1067 1371 hoc
1080 1309 1161 1372 libro
1179 1308 1213 1369 in
1233 1330 1291 1371 oar-
1324 1336 1327 1359 ι

156 1394 266 1479 pendis
282 1396 376 1473 vitiis,
399 1397 582 1473 libertatem,
607 1417 699 1481 quam
716 1399 893 1480 cujusquam
909 1395 1036 1474 gratiam
1050 1405 1103 1456 aut
1115 1415 1206 1479 spem
1220 1396 1327 1485 ullo-1-⁸

156 1501 226 1541 rum
240 1479 489 1543 commodorum:
509 1483 567 1544 viri
580 1483 768 1561 magnanimi
787 1484 863 1544 haec
883 1492 963 1542 certa
976 1480 1065 1542 nota!
1110 1478 1176 1541 Dio
1199 1476 1291 1563 Chry-

155 1577 313 1643 ·sostornus
324 1568 356 1627 in
370 1589 406 1628 ea
419 1565 536 1646 [altera]
560 1565 599 1629 de
613 1565 727 1629 invidia
744 1568 800 1645 [or.
814 1564 997 1642 LXXVIII,
1010 1588 1041 1651 p.
1057 1568 1129 1643 660,
1146 1568 1190 1629 86
1202 1566 1291 1669 sqqilt

156 1644 178 1712 ὁ
195 1645 280 1729 πρὸς
294 1645 454 1735 ἀλήθειαν
472 1646 626 1732 ἀνδρεῖος
639 1649 696 1717 καί
710 1649 930 1733 μεγαλόφρων
945 1643 1009 1715 οὐκ
1022 1644 1065 1714 ἂν
1077 1644 1222 1730 πρόοιτο
1238 1670 1291 1735 νην

155 1730 345 1818 ἐλευθερίαν
360 1736 420 1819 τὴν
433 1732 680 1820 edacissimis
693 1735 893 1820 παρρησίαν,
904 1738 1002 1820 τιμῆς
1013 1756 1104 1812 τινος
1112 1728 1301 1820 c’tlpouzd·¹

155 1817 245 1903 ρινῆ
259 1820 431 1903 δυνάμεως
446 1818 660 1906 ἢχρημάτων.
684 1825 787 1886 Labeo
802 1824 870 1885 heic
885 1825 1108 1907 inexemplum
1117 1822 1290 1886 nominatur

154 1928 263 1970 eorum
277 1909 446 1993 poetarum,
459 1912 511 1994 qui
524 1922 595 1971 tunc
609 1910 761 1972 florebant
776 1923 807 1972 et
817 1910 911 1989 gloria
924 1920 955 1971 et
967 1908 1070 1989 gratia,
1085 1904 1144 1970 sed
1158 1910 1225 1986 ejus
1238 1929 1290 1971 no-

153 1994 292 2055 minatim
310 1996 344 2054 fit
368 1997 492 2056 mentio.
503 2007 625 2080 propter
644 1997 832 2081 superiorem
845 2017 985 2058 versum:
998 2004 1131 2056 'strenue
1148 1986 1235 2057 enim
1248 2014 1291 2057 er·
1324 1998 1327 2057 !

153 2090 236 2156 rant,
262 2078 313 2163 qui
329 2079 369 2140 ad
390 2079 521 2143 Neronis
540 2079 668 2143 lliadem
693 2084 773 2141 hunc
795 2084 899 2142 locum
917 2082 1061 2141 referunt.
1104 2077 1289 2143 Satirasela-

154 2175 260 2243 gauter
273 2156 466 2246 πέριφρίίζει
481 2165 599 2231 duabus
614 2165 758 2228 adhibitis
773 2168 873 2229 notis:
896 2165 980 2250 quod
1002 2166 1042 2227 sit
1057 2185 1183 2228 carmen
1205 2186 1288 2250 oper-
1319 2176 1323 2185 '

110 2296 113 2306 .
153 2260 264 2313 tumet
279 2248 319 2311 ad
335 2249 528 2315 movendum
539 2253 635 2315 risum
652 2252 838 2338 appositum:
861 2273 953 2336 quam
967 2252 1047 2312 belle
1061 2248 1288 2313 hacc'nettuurn

153 2336 219 2412 ejus
235 2336 352 2414 generis
371 2338 539 2399 carminum
554 2330 714 2423 aperiunt?
738 2358 796 2422 qua
817 2337 856 2399 de
876 2359 908 2398 re
929 2336 1043 2397 dictum
1063 2347 1111 2398 est
1128 2357 1187 2400 suo
1208 2338 1288 2417 looo;

152 2427 311 2501 opertum
326 2425 468 2485 translata
480 2444 545 2487 vox
559 2444 577 2485 a
591 2424 682 2486 sacris
700 2424 886 2509 opertaneis,
911 2442 989 2507 quae
1010 2414 1181 2504 μυστήρια
1199 2418 1288 2485 Gree-

72 2536 77 2543 ·
151 2505 212 2582 cis,
235 2506 288 2566 ubi
306 2508 433 2569 obscure
449 2518 479 2568 et
491 2503 539 2570 δι’
557 2508 723 2590 ἀίνιγμῶν
801 2508 924 2571 divinae
938 2508 1145 2587 significantur
1158 2506 1240 2587 [imo
1253 2504 1288 2569 ad

150 2588 256 2652 Midae
270 2590 501 2654 similitudinem
514 2596 672 2680 pertinent,
680 2616 719 2678 qu
749 2594 845 2656 modo
859 2614 931 2665 usos
945 2588 1018 2673 est]3
1037 2589 1153 2655 ridere
1168 2610 1287 2671 meunt,

151 2672 214 2757 τὴν
231 2671 314 2759 ἐμήν
326 2674 514 2760 παρρησίαν
526 2677 581 2759 καί
597 2676 782 2761 ἐμπαιγμόν
795 2679 894 2760 [Bene
908 2674 970 2742 Pl:
991 2676 1286 2758 „Similiter-Petron

151 2758 216 2823 Sat.
238 2764 298 2828 52:
329 2760 446 2832 Meum
471 2762 565 2826 enim
585 2763 781 2849 intelligere
797 2763 893 2828 nulla
911 2762 1064 2850 pecunia
1091 2760 1216 2826 veredo.
1228 2763 1286 2844 “·];

151 2852 226 2907 tom
238 2844 302 2924 nil,
325 2848 408 2932 quo'd
421 2851 509 2912 initio
528 2847 618 2931 hujus
635 2850 865 2939 deliberationis
874 2862 1034 2936 tantopere
1047 2851 1195 2913 elevabas
1209 2848 1286 2929 vulgi

149 2932 298 2994 iudicium
312 2946 442 2998 secutus.

236 3013 354 3081 Nulla
379 3017 444 3083 tibi
463 3017 574 3084 vendo
594 3017 742 3102 Iliada]
768 3015 860 3103 Πρὸς
880 3013 1040 3101 οὐδεμίαν
1059 3032 1116 3083 σοι
1135 3012 1287 3098 ἀλλαξαί-

152 3123 219 3186 μην
227 3096 369 3169 ’ίλινίδαε
391 3118 512 3169 montes
530 3108 594 3168 auri
606 3130 669 3171 non
683 3129 836 3185 meream,
859 3118 892 3167 ut
906 3117 1022 3167 mutato
1042 3106 1169 3184 ingenio
1185 3102 1286 3169 lieren⁴

149 3189 254 3251 Labeo
269 3193 321 3253 vel
336 3192 462 3275 quilibet
476 3194 553 3256 alius
570 3213 610 3255 ex
628 3195 693 3257 istis
716 3193 826 3279 ineptis
845 3191 963 3278 poetis,
986 3192 1038 3275 qui
1055 3191 1246 3255 assentando
1260 3200 1287 3253 et

149 3275 262 3336 misere
276 3277 478 3340 versificando
491 3276 623 3342 Neronis
638 3280 801 3342 amicitiam
821 3277 902 3339 nacti
915 3280 1008 3357 vulgo
1026 3298 1081 3338 ceu
1103 3278 1190 3340 beati
1203 3296 1286 3363 prae·

99 3358 303 3432 155dicantur.
345 3359 448 3442 Digna
467 3383 531 3425 vox
551 3384 700 3443 generoso
719 3364 839 3426 animo!
870 3364 966 3447 qualis
986 3364 1038 3424 illa
1053 3360 1237 3427 Promethei
1249 3359 1286 3425 ad

154 3443 340 3507 Mercurium
352 3447 435 3532 apud
450 3448 635 3530 Aeschylum
657 3451 764 3600 {965³
786 3449 826 3530 .]=

240 3532 306 3614 Ῥῆς
324 3534 384 3614 σῆς
405 3532 556 3612 λατρείας
579 3533 640 3615 τὴν
675 3531 743 3619 μὴν
762 3472 981 3613 ίυσπραξίαν,

151 3697 208 3780 [cf
235 3618 365 3765 {opus
385 3612 545 3768 ἐπέστασζ
568 3615 631 3685 οὖν
652 3617 696 3685 dv
717 3613 891 3703 ἀλλάξαιμ’
913 3614 987 3703 ἐγώ.

205 3710 521 3770 .·ass..39s.
778 3748 781 3753 -
1199 3724 1203 3729 '
1317 3766 1320 3773 .

238 3793 309 3853 123.
331 3725 475 3852 JIIudaci
493 3707 686 3877 dedicarique
709 3774 830 3878 offlbte
854 3786 1025 3869 Cratino]
1047 3786 1085 3850 In
1102 3790 1163 3851 hac
1184 3787 1284 3853 ultim

151 3869 268 3935 Satirae
289 3875 376 3937 istius
394 3888 479 3961 parte
501 3878 704 3963 philosophos
725 3880 859 3939 imitatur
873 3876 1118 3959 Persius‚·quos
1141 3893 1285 3961 persaepe

149 3969 195 4020 est
205 3957 327 4038 videre,
353 3963 479 4045 qualem·
494 3965 641 4025 lectorem
655 3962 843 4041 desiderent,
869 3962 978 4048 quibus
992 3960 1172 4046 scripserint
1186 3966 1235 4040 et,
1249 3968 1285 4019 ut

146 4043 352 4129 philosophus
367 4047 397 4108 lo
421 4047 512 4126 uitur,
535 4050 602 4132 quis
623 4051 739 4112 futurus
755 4051 793 4112 sit
809 4048 932 4123 οἰκεῖος
949 4039 1133 4128 ἀκροατὴς,
1156 4044 1285 4126 diligen-

118 4195 122 4205 ,
146 4140 194 4192 ter
209 4132 368 4215 explicare.
399 4068 496 4194 I³acit
515 4135 576 4195 hoc
592 4133 767 4198 Aristoteles
782 4137 815 4197 in
836 4136 935 4219 primo
951 4132 1234 4197 Nicomacheorum
1249 4129 1284 4193 li-

147 4216 214 4277 bro.
257 4214 366 4279 Strabo
379 4217 471 4279 etiam
485 4230 623 4282 accurate
642 4221 675 4281 in
689 4221 789 4304 primo
808 4225 877 4284 τῶν
889 4214 1224 4301 μεωγραφονμὲνωνε
1243 4215 1283 4278 sie

149 4311 181 4363 et
200 4297 335 4365 Galenus
357 4323 422 4364 non
443 4325 505 4365 uno
526 4307 614 4382 loco,
639 4303 815 4391 Simplicius
835 4307 868 4368 in
890 4304 1080 4391 Epictetum,
1109 4325 1182 4365 cum
1202 4300 1283 4365 initio

148 4396 214 4448 tum
227 4387 317 4468 alibi3
339 4399 430 4473 atque
445 4390 497 4450 alii
509 4391 613 4470 magni
623 4392 681 4454 scri
703 4402 801 4456 tores:
823 4393 915 4455 simul
936 4411 1010 4455 vero
1031 4388 1155 4454 Persius
1175 4386 1218 4451 ad
1236 4387 1284 4449 illa

148 4472 309 4537 monitoris
319 4473 367 4535 sui
379 4475 535 4567 superiora
544 4478 648 4556 verba,
664 4413 752 4558 ὅταν
767 4475 862 4566 leget
876 4474 993 4540 haec?
1013 4476 1095 4540 serio
1109 4469 1283 4560 respondet:
