<?xml version="1.0" encoding="UTF-8"?>
<!DOCTYPE html PUBLIC "-//W3C//DTD XHTML 1.0 Transitional//EN"
    "http://www.w3.org/TR/xhtml1/DTD/xhtml1-transitional.dtd">
<html xmlns="http://www.w3.org/1999/xhtml" xml:lang="en" lang="en">
 <head>
  <title>
</title>
<meta http-equiv="Content-Type" content="text/html;charset=utf-8" />
  <meta name='ocr-system' content='tesseract 3.04.00' />
  <meta name='ocr-capabilities' content='ocr_page ocr_carea ocr_par ocr_line ocrx_word'/>
</head>
<body>
  <div class='ocr_page' id='page_1' title='image "./satirarumliber00persgoog_0055.png"; bbox 0 0 2700 4972; ppageno 0'>
   <div class='ocr_carea' id='block_1_1' title="bbox 132 368 908 469">
    <p class='ocr_par' dir='ltr' id='par_1_1' title="bbox 132 368 908 469">
     <span class='ocr_line' id='line_1_1' title="bbox 132 368 908 469; baseline 0 -28"><span class='ocrx_word' id='word_1_1' title='bbox 132 395 205 441; x_wconf 75' lang='lat' dir='ltr'><em>m</em></span> <span class='ocrx_word' id='word_1_2' title='bbox 249 396 307 469; x_wconf 59' lang='lat' dir='ltr'><em>y</em></span> <span class='ocrx_word' id='word_1_3' title='bbox 471 374 475 387; x_wconf 92' lang='lat'>·</span> <span class='ocrx_word' id='word_1_4' title='bbox 542 372 576 437; x_wconf 77' lang='lat' dir='ltr'><em>s.</em></span> <span class='ocrx_word' id='word_1_5' title='bbox 619 368 908 441; x_wconf 75' lang='lat' dir='ltr'><em>rensu-</em></span> 
     </span>
    </p>
   </div>
   <div class='ocr_carea' id='block_1_2' title="bbox 32 522 1105 2681">
    <p class='ocr_par' dir='ltr' id='par_1_2' title="bbox 32 522 1073 1179">
     <span class='ocr_line' id='line_1_2' title="bbox 215 522 975 626; baseline -0.001 -15"><span class='ocrx_word' id='word_1_6' title='bbox 215 546 255 611; x_wconf 74' lang='lat' dir='ltr'><em>At</em></span> <span class='ocrx_word' id='word_1_7' title='bbox 273 542 302 609; x_wconf 81' lang='lat' dir='ltr'><em>si</em></span> <span class='ocrx_word' id='word_1_8' title='bbox 321 558 428 610; x_wconf 88' lang='lat' dir='ltr'><em>unctus</em></span> <span class='ocrx_word' id='word_1_9' title='bbox 449 566 549 611; x_wconf 81' lang='lat' dir='ltr'>cesses</span> <span class='ocrx_word' id='word_1_10' title='bbox 571 555 603 607; x_wconf 88' lang='lat' dir='ltr'><em>et</em></span> <span class='ocrx_word' id='word_1_11' title='bbox 621 546 697 626; x_wconf 85' lang='lat' dir='ltr'><em>figas</em></span> <span class='ocrx_word' id='word_1_12' title='bbox 717 546 750 608; x_wconf 90' lang='lat' dir='ltr'><em>in</em></span> <span class='ocrx_word' id='word_1_13' title='bbox 773 522 840 609; x_wconf 77' lang='lat' dir='ltr'><em>cute</em></span> <span class='ocrx_word' id='word_1_14' title='bbox 861 547 975 619; x_wconf 86' lang='lat' dir='ltr'><em>solem,</em></span> 
     </span>
     <span class='ocr_line' id='line_1_3' title="bbox 131 618 1073 744; baseline -0.002 -24"><span class='ocrx_word' id='word_1_15' title='bbox 131 657 187 721; x_wconf 84' lang='lat' dir='ltr'><em>Est</em></span> <span class='ocrx_word' id='word_1_16' title='bbox 209 676 306 744; x_wconf 90' lang='lat' dir='ltr'><em>prope</em></span> <span class='ocrx_word' id='word_1_17' title='bbox 327 664 359 717; x_wconf 84' lang='lat' dir='ltr'><em>ts</em></span> <span class='ocrx_word' id='word_1_18' title='bbox 379 618 648 734; x_wconf 64' lang='lat' dir='ltr'><em>ignolus„cub&#39;ito</em></span> <span class='ocrx_word' id='word_1_19' title='bbox 672 651 724 739; x_wconf 93' lang='lat' dir='ltr'><em>qui</em></span> <span class='ocrx_word' id='word_1_20' title='bbox 743 664 846 734; x_wconf 84' lang='lat' dir='ltr'><em>tangat</em></span> <span class='ocrx_word' id='word_1_21' title='bbox 867 666 898 716; x_wconf 85' lang='lat' dir='ltr'><em>et</em></span> <span class='ocrx_word' id='word_1_22' title='bbox 919 676 987 718; x_wconf 81' lang='lat' dir='ltr'><em>acre</em></span> <span class='ocrx_word' id='word_1_23' title='bbox 1070 714 1073 718; x_wconf 89' lang='lat'>.</span> 
     </span>
     <span class='ocr_line' id='line_1_4' title="bbox 73 758 984 852; baseline -0.004 -22"><span class='ocrx_word' id='word_1_24' title='bbox 73 810 79 829; x_wconf 76' lang='grc'>.</span> <span class='ocrx_word' id='word_1_25' title='bbox 107 758 110 763; x_wconf 60' lang='grc'><strong>’</strong></span> <span class='ocrx_word' id='word_1_26' title='bbox 131 766 271 852; x_wconf 86' lang='lat' dir='ltr'><em>Despuat</em></span> <span class='ocrx_word' id='word_1_27' title='bbox 286 765 320 826; x_wconf 91' lang='lat' dir='ltr'><em>in</em></span> <span class='ocrx_word' id='word_1_28' title='bbox 340 782 461 825; x_wconf 85' lang='lat' dir='ltr'><em>mores:</em></span> <span class='ocrx_word' id='word_1_29' title='bbox 503 781 675 846; x_wconf 88' lang='lat' dir='ltr'><strong>penemque</strong></span> <span class='ocrx_word' id='word_1_30' title='bbox 698 783 866 846; x_wconf 84' lang='lat' dir='ltr'><em>arcanaque</em></span> <span class='ocrx_word' id='word_1_31' title='bbox 887 764 984 826; x_wconf 91' lang='lat' dir='ltr'><em>lumbi</em></span> 
     </span>
     <span class='ocr_line' id='line_1_5' title="bbox 131 868 977 956; baseline -0.006 -20"><span class='ocrx_word' id='word_1_32' title='bbox 131 872 344 951; x_wconf 86' lang='lat' dir='ltr'><em>Runcantem,</em></span> <span class='ocrx_word' id='word_1_33' title='bbox 368 870 485 956; x_wconf 90' lang='lat' dir='ltr'><em>populo</em></span> <span class='ocrx_word' id='word_1_34' title='bbox 506 879 675 931; x_wconf 82' lang='lat' dir='ltr'><strong>marcentes</strong></span> <span class='ocrx_word' id='word_1_35' title='bbox 695 868 831 953; x_wconf 86' lang='lat' dir='ltr'><em>pandere</em></span> <span class='ocrx_word' id='word_1_36' title='bbox 851 873 977 934; x_wconf 74' lang='lat' dir='ltr'><em>vulvas:</em></span> 
     </span>
     <span class='ocr_line' id='line_1_6' title="bbox 136 971 1042 1064; baseline 0.001 -22"><span class='ocrx_word' id='word_1_37' title='bbox 136 976 190 1043; x_wconf 88' lang='lat' dir='ltr'><em>Tu</em></span> <span class='ocrx_word' id='word_1_38' title='bbox 213 1000 292 1042; x_wconf 87' lang='lat' dir='ltr'><em>oum</em></span> <span class='ocrx_word' id='word_1_39' title='bbox 319 974 479 1041; x_wconf 73' lang='lat' dir='ltr'><em>maxillis</em></span> <span class='ocrx_word' id='word_1_40' title='bbox 499 971 704 1038; x_wconf 82' lang='lat' dir='ltr'><em>balanatum</em></span> <span class='ocrx_word' id='word_1_41' title='bbox 722 988 885 1064; x_wconf 79' lang='lat' dir='ltr'><em>gausape</em></span> <span class='ocrx_word' id='word_1_42' title='bbox 903 986 1042 1063; x_wconf 84' lang='lat' dir='ltr'><em>pectas,</em></span> 
     </span>
     <span class='ocr_line' id='line_1_7' title="bbox 32 1078 975 1179; baseline -0.002 -28"><span class='ocrx_word' id='word_1_43' title='bbox 32 1174 35 1179; x_wconf 19' lang='grc' dir='ltr'>Ι</span> <span class='ocrx_word' id='word_1_44' title='bbox 130 1083 335 1177; x_wconf 67' lang='lat' dir='ltr'><em>Inguinibus</em></span> <span class='ocrx_word' id='word_1_45' title='bbox 357 1104 464 1173; x_wconf 85' lang='lat' dir='ltr'><em>quare</em></span> <span class='ocrx_word' id='word_1_46' title='bbox 486 1078 648 1145; x_wconf 81' lang='lat' dir='ltr'><em>detonsus</em></span> <span class='ocrx_word' id='word_1_47' title='bbox 664 1082 832 1172; x_wconf 78' lang='lat' dir='ltr'><em>gurgulio</em></span> <span class='ocrx_word' id='word_1_48' title='bbox 853 1085 975 1149; x_wconf 73' lang='lat' dir='ltr'><em>catal?</em></span> 
     </span>
    </p>

    <p class='ocr_par' dir='ltr' id='par_1_3' title="bbox 54 1187 1105 1493">
     <span class='ocr_line' id='line_1_8' title="bbox 54 1187 1105 1282; baseline 0.001 -26"><span class='ocrx_word' id='word_1_49' title='bbox 54 1262 61 1273; x_wconf 52' lang='lat'>‚</span> <span class='ocrx_word' id='word_1_50' title='bbox 131 1194 290 1282; x_wconf 77' lang='lat' dir='ltr'><em>Quinque</em></span> <span class='ocrx_word' id='word_1_51' title='bbox 310 1188 540 1278; x_wconf 85' lang='lat' dir='ltr'><em>palaestritae</em></span> <span class='ocrx_word' id='word_1_52' title='bbox 560 1187 644 1254; x_wconf 86' lang='lat' dir='ltr'><em>licet</em></span> <span class='ocrx_word' id='word_1_53' title='bbox 662 1190 749 1255; x_wconf 84' lang='lat' dir='ltr'><em>baec</em></span> <span class='ocrx_word' id='word_1_54' title='bbox 766 1191 950 1278; x_wconf 85' lang='lat' dir='ltr'><em>plantaria</em></span> <span class='ocrx_word' id='word_1_55' title='bbox 971 1193 1105 1261; x_wconf 78' lang='lat' dir='ltr'><em>vellant</em></span> 
     </span>
     <span class='ocr_line' id='line_1_9' title="bbox 129 1293 1006 1389; baseline -0.006 -19"><span class='ocrx_word' id='word_1_56' title='bbox 129 1302 321 1389; x_wconf 81' lang='lat' dir='ltr'><em>Elixasque</em></span> <span class='ocrx_word' id='word_1_57' title='bbox 340 1309 438 1366; x_wconf 87' lang='lat' dir='ltr'><em>nates</em></span> <span class='ocrx_word' id='word_1_58' title='bbox 461 1293 678 1383; x_wconf 77' lang='lat' dir='ltr'><em>labefactent</em></span> <span class='ocrx_word' id='word_1_59' title='bbox 687 1294 830 1384; x_wconf 77' lang='lat' dir='ltr'><em>forcipe</em></span> <span class='ocrx_word' id='word_1_60' title='bbox 851 1298 1006 1384; x_wconf 71' lang='lat' dir='ltr'><em>manca,</em></span> 
     </span>
     <span class='ocr_line' id='line_1_10' title="bbox 114 1389 1033 1493; baseline -0.003 -16"><span class='ocrx_word' id='word_1_61' title='bbox 114 1389 214 1477; x_wconf 60' lang='lat' dir='ltr'><em>&#39;Non</em></span> <span class='ocrx_word' id='word_1_62' title='bbox 239 1408 357 1474; x_wconf 84' lang='lat' dir='ltr'><em>tamen</em></span> <span class='ocrx_word' id='word_1_63' title='bbox 384 1407 453 1493; x_wconf 78' lang='lat' dir='ltr'><em>ista</em></span> <span class='ocrx_word' id='word_1_64' title='bbox 464 1402 553 1492; x_wconf 78' lang='lat' dir='ltr'><em>fllia</em></span> <span class='ocrx_word' id='word_1_65' title='bbox 575 1402 649 1481; x_wconf 79' lang='lat' dir='ltr'><em>ullo</em></span> <span class='ocrx_word' id='word_1_66' title='bbox 672 1408 881 1472; x_wconf 71' lang='lat' dir='ltr'><em>mansuescit</em></span> <span class='ocrx_word' id='word_1_67' title='bbox 901 1419 1033 1474; x_wconf 84' lang='lat' dir='ltr'><em>aratro.</em></span> 
     </span>
    </p>

    <p class='ocr_par' dir='ltr' id='par_1_4' title="bbox 127 1496 1075 1711">
     <span class='ocr_line' id='line_1_11' title="bbox 214 1496 1075 1602; baseline -0.001 -19"><span class='ocrx_word' id='word_1_68' title='bbox 214 1517 377 1583; x_wconf 83' lang='lat' dir='ltr'><em>Caedimus</em></span> <span class='ocrx_word' id='word_1_69' title='bbox 398 1496 492 1602; x_wconf 81' lang='lat' dir='ltr'><em>inque</em></span> <span class='ocrx_word' id='word_1_70' title='bbox 510 1512 614 1581; x_wconf 79' lang='lat' dir='ltr'><em>vicem</em></span> <span class='ocrx_word' id='word_1_71' title='bbox 632 1517 816 1600; x_wconf 87' lang='lat' dir='ltr'><em>praebemus</em></span> <span class='ocrx_word' id='word_1_72' title='bbox 836 1536 921 1579; x_wconf 87' lang='lat' dir='ltr'><em>crura</em></span> <span class='ocrx_word' id='word_1_73' title='bbox 941 1518 1075 1599; x_wconf 80' lang='lat' dir='ltr'><em>sagittis3</em></span> 
     </span>
     <span class='ocr_line' id='line_1_12' title="bbox 127 1604 948 1711; baseline -0.006 -20"><span class='ocrx_word' id='word_1_74' title='bbox 127 1626 252 1691; x_wconf 82' lang='lat' dir='ltr'><em>Vivitur</em></span> <span class='ocrx_word' id='word_1_75' title='bbox 272 1627 333 1687; x_wconf 93' lang='lat' dir='ltr'><em>hoc</em></span> <span class='ocrx_word' id='word_1_76' title='bbox 354 1636 461 1711; x_wconf 58' lang='lat' dir='ltr'><em>paeto}</em></span> <span class='ocrx_word' id='word_1_77' title='bbox 489 1604 708 1689; x_wconf 43' lang='lat' dir='ltr'><em>eic&#39;novintus.</em></span> <span class='ocrx_word' id='word_1_78' title='bbox 750 1620 810 1685; x_wconf 85' lang='lat' dir='ltr'><em>Ilia</em></span> <span class='ocrx_word' id='word_1_79' title='bbox 828 1624 948 1707; x_wconf 55' lang='lat' dir='ltr'><em>subter,</em></span> 
     </span>
    </p>

    <p class='ocr_par' dir='ltr' id='par_1_5' title="bbox 56 1714 1016 1924">
     <span class='ocr_line' id='line_1_13' title="bbox 56 1714 946 1800; baseline -0.008 1"><span class='ocrx_word' id='word_1_80' title='bbox 56 1766 59 1771; x_wconf 95' lang='lat'>·</span> <span class='ocrx_word' id='word_1_81' title='bbox 115 1733 264 1800; x_wconf 73' lang='lat' dir='ltr'><em>caeam</em></span> <span class='ocrx_word' id='word_1_82' title='bbox 284 1734 394 1797; x_wconf 84' lang='lat' dir='ltr'><em>vulnus</em></span> <span class='ocrx_word' id='word_1_83' title='bbox 416 1734 533 1797; x_wconf 82' lang='lat' dir='ltr'><em>habes-r</em></span> <span class='ocrx_word' id='word_1_84' title='bbox 557 1722 630 1795; x_wconf 79' lang='lat' dir='ltr'><em>¹sed</em></span> <span class='ocrx_word' id='word_1_85' title='bbox 650 1732 713 1792; x_wconf 86' lang='lat' dir='ltr'><em>lato</em></span> <span class='ocrx_word' id='word_1_86' title='bbox 734 1714 852 1793; x_wconf 76' lang='lat' dir='ltr'><em>balteus</em></span> <span class='ocrx_word' id='word_1_87' title='bbox 873 1752 946 1794; x_wconf 86' lang='lat' dir='ltr'><em>auro</em></span> 
     </span>
     <span class='ocr_line' id='line_1_14' title="bbox 127 1834 1016 1924; baseline 0.001 -20"><span class='ocrx_word' id='word_1_88' title='bbox 127 1838 286 1921; x_wconf 81' lang='lat' dir='ltr'><em>Praetegit.</em></span> <span class='ocrx_word' id='word_1_89' title='bbox 328 1839 369 1903; x_wconf 88' lang='lat' dir='ltr'><em>Ut</em></span> <span class='ocrx_word' id='word_1_90' title='bbox 386 1840 501 1917; x_wconf 82' lang='lat' dir='ltr'><em>maris,</em></span> <span class='ocrx_word' id='word_1_91' title='bbox 530 1836 571 1901; x_wconf 85' lang='lat' dir='ltr'><em>du</em></span> <span class='ocrx_word' id='word_1_92' title='bbox 590 1834 686 1902; x_wconf 79' lang='lat' dir='ltr'><em>verba</em></span> <span class='ocrx_word' id='word_1_93' title='bbox 708 1849 739 1900; x_wconf 84' lang='lat' dir='ltr'><em>et</em></span> <span class='ocrx_word' id='word_1_94' title='bbox 758 1836 865 1924; x_wconf 80' lang='lat' dir='ltr'><em>decipe</em></span> <span class='ocrx_word' id='word_1_95' title='bbox 886 1860 1016 1919; x_wconf 79' lang='lat' dir='ltr'><em>neruos,</em></span> 
     </span>
    </p>

    <p class='ocr_par' dir='ltr' id='par_1_6' title="bbox 127 1941 1027 2140">
     <span class='ocr_line' id='line_1_15' title="bbox 129 1941 1011 2035; baseline -0.002 -23"><span class='ocrx_word' id='word_1_96' title='bbox 129 1947 163 2012; x_wconf 92' lang='lat' dir='ltr'><em>Si</em></span> <span class='ocrx_word' id='word_1_97' title='bbox 184 1959 298 2035; x_wconf 73' lang='lat' dir='ltr'><em>potes·</em></span> <span class='ocrx_word' id='word_1_98' title='bbox 330 1944 529 2035; x_wconf 85' lang='lat' dir='ltr'><em>Egregium</em></span> <span class='ocrx_word' id='word_1_99' title='bbox 549 1964 630 2009; x_wconf 86' lang='lat' dir='ltr'><em>cum</em></span> <span class='ocrx_word' id='word_1_100' title='bbox 651 1964 706 2007; x_wconf 87' lang='lat' dir='ltr'><em>me</em></span> <span class='ocrx_word' id='word_1_101' title='bbox 730 1941 863 2009; x_wconf 82' lang='lat' dir='ltr'><em>vicinia</em></span> <span class='ocrx_word' id='word_1_102' title='bbox 884 1944 1011 2028; x_wconf 65' lang='lat' dir='ltr'><em>(licat,⁴</em></span> 
     </span>
     <span class='ocr_line' id='line_1_16' title="bbox 127 2035 1027 2140; baseline -0.002 -21"><span class='ocrx_word' id='word_1_103' title='bbox 127 2049 213 2119; x_wconf 91' lang='lat' dir='ltr'><em>Non</em></span> <span class='ocrx_word' id='word_1_104' title='bbox 242 2035 532 2119; x_wconf 73' lang='lat' dir='ltr'><em>eredam2&#39;&#39;·v“1so</em></span> <span class='ocrx_word' id='word_1_105' title='bbox 553 2055 580 2116; x_wconf 92' lang='lat' dir='ltr'><em>si</em></span> <span class='ocrx_word' id='word_1_106' title='bbox 601 2055 697 2140; x_wconf 87' lang='lat' dir='ltr'><em>palles</em></span> <span class='ocrx_word' id='word_1_107' title='bbox 718 2053 860 2139; x_wconf 84' lang='lat' dir='ltr'><em>improbe</em></span> <span class='ocrx_word' id='word_1_108' title='bbox 880 2076 1027 2134; x_wconf 86' lang='lat' dir='ltr'><em>nummo,</em></span> 
     </span>
    </p>

    <p class='ocr_par' dir='ltr' id='par_1_7' title="bbox 52 2144 988 2249">
     <span class='ocr_line' id='line_1_17' title="bbox 52 2144 988 2249; baseline 0.001 -23"><span class='ocrx_word' id='word_1_109' title='bbox 52 2160 55 2165; x_wconf 90' lang='grc'><em>·</em></span> <span class='ocrx_word' id='word_1_110' title='bbox 83 2152 86 2157; x_wconf 85' lang='grc'><strong>’</strong></span> <span class='ocrx_word' id='word_1_111' title='bbox 127 2161 163 2226; x_wconf 75' lang='lat' dir='ltr'><em>si</em></span> <span class='ocrx_word' id='word_1_112' title='bbox 182 2163 273 2239; x_wconf 74' lang='lat' dir='ltr'><em>facis,</em></span> <span class='ocrx_word' id='word_1_113' title='bbox 300 2163 334 2223; x_wconf 76' lang='lat' dir='ltr'><em>tn</em></span> <span class='ocrx_word' id='word_1_114' title='bbox 353 2144 469 2249; x_wconf 70' lang='lat' dir='ltr'><em>paen</em></span> <span class='ocrx_word' id='word_1_115' title='bbox 487 2148 631 2249; x_wconf 68' lang='lat' dir='ltr'><em>quicqum</em></span> <span class='ocrx_word' id='word_1_116' title='bbox 650 2161 707 2223; x_wconf 76' lang='lat' dir='ltr'><em>aa</em></span> <span class='ocrx_word' id='word_1_117' title='bbox 727 2163 813 2225; x_wconf 66' lang='lat' dir='ltr'><em>vent</em></span> <span class='ocrx_word' id='word_1_118' title='bbox 833 2182 988 2239; x_wconf 65' lang='lat' dir='ltr'><em>emaum,</em></span> 
     </span>
    </p>

    <p class='ocr_par' dir='ltr' id='par_1_8' title="bbox 35 2258 828 2365">
     <span class='ocr_line' id='line_1_18' title="bbox 35 2258 828 2365; baseline 0.001 -32"><span class='ocrx_word' id='word_1_119' title='bbox 35 2352 44 2365; x_wconf 62' lang='lat'>„</span> <span class='ocrx_word' id='word_1_120' title='bbox 126 2268 162 2333; x_wconf 87' lang='lat' dir='ltr'><em>si</em></span> <span class='ocrx_word' id='word_1_121' title='bbox 180 2269 288 2333; x_wconf 84' lang='lat' dir='ltr'><em>Puteal</em></span> <span class='ocrx_word' id='word_1_122' title='bbox 309 2272 405 2333; x_wconf 85' lang='lat' dir='ltr'><em>multa</em></span> <span class='ocrx_word' id='word_1_123' title='bbox 425 2258 531 2333; x_wconf 85' lang='lat' dir='ltr'><em>cautus</em></span> <span class='ocrx_word' id='word_1_124' title='bbox 551 2268 652 2333; x_wconf 72' lang='lat' dir='ltr'><em>ulrice</em></span> <span class='ocrx_word' id='word_1_125' title='bbox 673 2269 828 2349; x_wconf 79' lang='lat' dir='ltr'><em>flagellas:</em></span> 
     </span>
    </p>

    <p class='ocr_par' dir='ltr' id='par_1_9' title="bbox 124 2374 1018 2681">
     <span class='ocr_line' id='line_1_19' title="bbox 125 2374 936 2465; baseline -0.007 -23"><span class='ocrx_word' id='word_1_126' title='bbox 125 2377 334 2464; x_wconf 81' lang='lat' dir='ltr'><em>Nequicquam</em></span> <span class='ocrx_word' id='word_1_127' title='bbox 378 2379 492 2465; x_wconf 84' lang='lat' dir='ltr'><em>populo</em></span> <span class='ocrx_word' id='word_1_128' title='bbox 514 2376 633 2439; x_wconf 89' lang='lat' dir='ltr'><em>bibulas</em></span> <span class='ocrx_word' id='word_1_129' title='bbox 655 2374 818 2440; x_wconf 82' lang='lat' dir='ltr'><em>donaveris</em></span> <span class='ocrx_word' id='word_1_130' title='bbox 839 2396 936 2442; x_wconf 85' lang='lat' dir='ltr'><em>aures.</em></span> 
     </span>
     <span class='ocr_line' id='line_1_20' title="bbox 124 2483 982 2572; baseline -0.003 -22"><span class='ocrx_word' id='word_1_131' title='bbox 124 2486 248 2572; x_wconf 88' lang='lat' dir='ltr'><em>Respue</em></span> <span class='ocrx_word' id='word_1_132' title='bbox 270 2484 354 2572; x_wconf 90' lang='lat' dir='ltr'><em>quod</em></span> <span class='ocrx_word' id='word_1_133' title='bbox 374 2508 439 2549; x_wconf 90' lang='lat' dir='ltr'><em>non</em></span> <span class='ocrx_word' id='word_1_134' title='bbox 460 2507 512 2567; x_wconf 82' lang='lat' dir='ltr'><em>es3</em></span> <span class='ocrx_word' id='word_1_135' title='bbox 541 2486 628 2546; x_wconf 85' lang='lat' dir='ltr'><em>tollat</em></span> <span class='ocrx_word' id='word_1_136' title='bbox 648 2504 702 2547; x_wconf 88' lang='lat' dir='ltr'><em>sua</em></span> <span class='ocrx_word' id='word_1_137' title='bbox 723 2504 851 2549; x_wconf 88' lang='lat' dir='ltr'><em>munera</em></span> <span class='ocrx_word' id='word_1_138' title='bbox 875 2483 982 2566; x_wconf 83' lang='lat' dir='ltr'><em>cerd03</em></span> 
     </span>
     <span class='ocr_line' id='line_1_21' title="bbox 125 2593 1018 2681; baseline -0.001 -23"><span class='ocrx_word' id='word_1_139' title='bbox 125 2594 244 2658; x_wconf 88' lang='lat' dir='ltr'><em>Tecum</em></span> <span class='ocrx_word' id='word_1_140' title='bbox 264 2594 387 2658; x_wconf 77' lang='lat' dir='ltr'><em>habita:</em></span> <span class='ocrx_word' id='word_1_141' title='bbox 415 2593 498 2656; x_wconf 87' lang='lat' dir='ltr'><em>noris</em></span> <span class='ocrx_word' id='word_1_142' title='bbox 520 2608 613 2678; x_wconf 86' lang='lat' dir='ltr'><em>quam</em></span> <span class='ocrx_word' id='word_1_143' title='bbox 633 2593 673 2656; x_wconf 86' lang='lat' dir='ltr'><em>sit</em></span> <span class='ocrx_word' id='word_1_144' title='bbox 692 2593 749 2657; x_wconf 86' lang='lat' dir='ltr'><em>tibi</em></span> <span class='ocrx_word' id='word_1_145' title='bbox 770 2602 853 2659; x_wconf 77' lang='lat' dir='ltr'><em>omn</em></span> <span class='ocrx_word' id='word_1_146' title='bbox 870 2594 1018 2681; x_wconf 74' lang='lat' dir='ltr'><em>supellex.</em></span> 
     </span>
    </p>
   </div>
   <div class='ocr_carea' id='block_1_3' title="bbox 590 2901 802 2910">
    <p class='ocr_par' dir='ltr' id='par_1_10' title="bbox 590 2901 802 2910">
     <span class='ocr_line' id='line_1_22' title="bbox 590 2901 802 2910; baseline 0.009 -2"><span class='ocrx_word' id='word_1_147' title='bbox 590 2902 593 2906; x_wconf 90' lang='lat'>·</span> <span class='ocrx_word' id='word_1_148' title='bbox 612 2901 802 2910; x_wconf 64' lang='lat' dir='ltr'><em>-----..-·a--.</em></span> 
     </span>
    </p>
   </div>
   <div class='ocr_carea' id='block_1_4' title="bbox 182 3177 1203 3414">
    <p class='ocr_par' dir='ltr' id='par_1_11' title="bbox 182 3177 1203 3414">
     <span class='ocr_line' id='line_1_23' title="bbox 462 3177 924 3247; baseline 0.004 -4"><span class='ocrx_word' id='word_1_149' title='bbox 462 3178 484 3243; x_wconf 87' lang='lat' dir='ltr'><em>s</em></span> <span class='ocrx_word' id='word_1_150' title='bbox 527 3182 553 3244; x_wconf 76' lang='lat' dir='ltr'><strong>A</strong></span> <span class='ocrx_word' id='word_1_151' title='bbox 595 3178 623 3243; x_wconf 83' lang='lat' dir='ltr'>T</span> <span class='ocrx_word' id='word_1_152' title='bbox 666 3177 682 3243; x_wconf 93' lang='grc' dir='ltr'>Ι</span> <span class='ocrx_word' id='word_1_153' title='bbox 725 3180 754 3247; x_wconf 85' lang='lat' dir='ltr'>R</span> <span class='ocrx_word' id='word_1_154' title='bbox 796 3182 822 3244; x_wconf 76' lang='lat' dir='ltr'><strong>A</strong></span> <span class='ocrx_word' id='word_1_155' title='bbox 884 3181 924 3245; x_wconf 88' lang='lat' dir='ltr'><em>V.</em></span> 
     </span>
     <span class='ocr_line' id='line_1_24' title="bbox 182 3340 1203 3414; baseline 0.001 -9"><span class='ocrx_word' id='word_1_156' title='bbox 182 3351 230 3405; x_wconf 78' lang='lat' dir='ltr'><em>ro</em></span> <span class='ocrx_word' id='word_1_157' title='bbox 265 3348 448 3404; x_wconf 77' lang='lat' dir='ltr'><em>ruuruuu</em></span> <span class='ocrx_word' id='word_1_158' title='bbox 484 3344 713 3414; x_wconf 68' lang='lat' dir='ltr'><em>coenarum,</em></span> <span class='ocrx_word' id='word_1_159' title='bbox 753 3348 868 3404; x_wconf 84' lang='lat' dir='ltr'><em>cutus</em></span> <span class='ocrx_word' id='word_1_160' title='bbox 901 3348 992 3403; x_wconf 76' lang='lat' dir='ltr'><em>uuir</em></span> <span class='ocrx_word' id='word_1_161' title='bbox 1027 3340 1203 3406; x_wconf 69' lang='lat' dir='ltr'><em>sunnon.</em></span> 
     </span>
    </p>
   </div>
   <div class='ocr_carea' id='block_1_5' title="bbox 49 3506 1265 4566">
    <p class='ocr_par' dir='ltr' id='par_1_12' title="bbox 208 3506 1191 3592">
     <span class='ocr_line' id='line_1_25' title="bbox 208 3506 1191 3592; baseline 0.003 -21"><span class='ocrx_word' id='word_1_162' title='bbox 208 3507 338 3571; x_wconf 84' lang='lat' dir='ltr'><em>Vatibus</em></span> <span class='ocrx_word' id='word_1_163' title='bbox 358 3506 409 3568; x_wconf 92' lang='lat' dir='ltr'><em>hic</em></span> <span class='ocrx_word' id='word_1_164' title='bbox 430 3526 500 3568; x_wconf 89' lang='lat' dir='ltr'><em>mos</em></span> <span class='ocrx_word' id='word_1_165' title='bbox 522 3517 584 3582; x_wconf 86' lang='lat' dir='ltr'><em>est,</em></span> <span class='ocrx_word' id='word_1_166' title='bbox 611 3518 733 3569; x_wconf 80' lang='lat' dir='ltr'><em>cenmm</em></span> <span class='ocrx_word' id='word_1_167' title='bbox 753 3507 813 3571; x_wconf 86' lang='lat' dir='ltr'><em>sibi</em></span> <span class='ocrx_word' id='word_1_168' title='bbox 830 3528 959 3592; x_wconf 86' lang='lat' dir='ltr'><em>poscere</em></span> <span class='ocrx_word' id='word_1_169' title='bbox 979 3528 1088 3587; x_wconf 80' lang='lat' dir='ltr'><em>voces,</em></span> <span class='ocrx_word' id='word_1_170' title='bbox 1184 3566 1191 3574; x_wconf 87' lang='lat'>.</span> 
     </span>
    </p>

    <p class='ocr_par' dir='ltr' id='par_1_13' title="bbox 123 3613 1014 3699">
     <span class='ocr_line' id='line_1_26' title="bbox 123 3613 1014 3699; baseline 0.002 -20"><span class='ocrx_word' id='word_1_171' title='bbox 123 3613 252 3679; x_wconf 86' lang='lat' dir='ltr'><em>Centum</em></span> <span class='ocrx_word' id='word_1_172' title='bbox 274 3635 327 3677; x_wconf 85' lang='lat' dir='ltr'><em>ora</em></span> <span class='ocrx_word' id='word_1_173' title='bbox 350 3625 381 3676; x_wconf 88' lang='lat' dir='ltr'><em>et</em></span> <span class='ocrx_word' id='word_1_174' title='bbox 400 3613 517 3693; x_wconf 84' lang='lat' dir='ltr'><em>linguas</em></span> <span class='ocrx_word' id='word_1_175' title='bbox 540 3624 644 3699; x_wconf 86' lang='lat' dir='ltr'><em>optare</em></span> <span class='ocrx_word' id='word_1_176' title='bbox 664 3614 698 3675; x_wconf 91' lang='lat' dir='ltr'><em>in</em></span> <span class='ocrx_word' id='word_1_177' title='bbox 719 3615 852 3677; x_wconf 87' lang='lat' dir='ltr'><em>carmina</em></span> <span class='ocrx_word' id='word_1_178' title='bbox 874 3627 1014 3681; x_wconf 85' lang='lat' dir='ltr'><em>centum:</em></span> 
     </span>
    </p>

    <p class='ocr_par' dir='ltr' id='par_1_14' title="bbox 120 3708 941 3807">
     <span class='ocr_line' id='line_1_27' title="bbox 120 3708 941 3807; baseline 0 -23"><span class='ocrx_word' id='word_1_179' title='bbox 120 3720 236 3787; x_wconf 85' lang='lat' dir='ltr'><em>Fabula</em></span> <span class='ocrx_word' id='word_1_180' title='bbox 257 3743 311 3785; x_wconf 88' lang='lat' dir='ltr'><em>seu</em></span> <span class='ocrx_word' id='word_1_181' title='bbox 332 3732 453 3783; x_wconf 87' lang='lat' dir='ltr'><em>moesto</em></span> <span class='ocrx_word' id='word_1_182' title='bbox 473 3732 602 3807; x_wconf 86' lang='lat' dir='ltr'><em>ponatur</em></span> <span class='ocrx_word' id='word_1_183' title='bbox 623 3719 737 3783; x_wconf 84' lang='lat' dir='ltr'><em>hianda</em></span> <span class='ocrx_word' id='word_1_184' title='bbox 757 3708 941 3803; x_wconf 32' lang='lat' dir='ltr'><em>tragoedo,-</em></span> 
     </span>
    </p>

    <p class='ocr_par' dir='ltr' id='par_1_15' title="bbox 120 3826 1034 3909">
     <span class='ocr_line' id='line_1_28' title="bbox 120 3826 1034 3909; baseline 0 -16"><span class='ocrx_word' id='word_1_185' title='bbox 120 3828 255 3893; x_wconf 86' lang='lat' dir='ltr'><em>Vulnera</em></span> <span class='ocrx_word' id='word_1_186' title='bbox 276 3851 331 3893; x_wconf 86' lang='lat' dir='ltr'><em>seu</em></span> <span class='ocrx_word' id='word_1_187' title='bbox 355 3826 459 3892; x_wconf 83' lang='lat' dir='ltr'><em>Parthi</em></span> <span class='ocrx_word' id='word_1_188' title='bbox 480 3827 617 3893; x_wconf 88' lang='lat' dir='ltr'><em>ducentis</em></span> <span class='ocrx_word' id='word_1_189' title='bbox 638 3832 677 3893; x_wconf 85' lang='lat' dir='ltr'><em>ab</em></span> <span class='ocrx_word' id='word_1_190' title='bbox 698 3828 824 3909; x_wconf 85' lang='lat' dir='ltr'><em>inguine</em></span> <span class='ocrx_word' id='word_1_191' title='bbox 844 3832 969 3901; x_wconf 81' lang='lat' dir='ltr'><em>ferrum.</em></span> <span class='ocrx_word' id='word_1_192' title='bbox 993 3862 1034 3875; x_wconf 93' lang='lat'><em>-—</em></span> 
     </span>
    </p>

    <p class='ocr_par' dir='ltr' id='par_1_16' title="bbox 49 3930 1259 4137">
     <span class='ocr_line' id='line_1_29' title="bbox 121 3930 1259 4025; baseline 0.002 -24"><span class='ocrx_word' id='word_1_193' title='bbox 121 3934 294 4019; x_wconf 79' lang='lat' dir='ltr'><em>Quorsum</em></span> <span class='ocrx_word' id='word_1_194' title='bbox 313 3936 428 4002; x_wconf 77' lang='lat' dir='ltr'><em>liaeo?</em></span> <span class='ocrx_word' id='word_1_195' title='bbox 472 3946 533 4000; x_wconf 89' lang='lat' dir='ltr'><em>aut</em></span> <span class='ocrx_word' id='word_1_196' title='bbox 555 3944 704 4024; x_wconf 84' lang='lat' dir='ltr'><em>quantas</em></span> <span class='ocrx_word' id='word_1_197' title='bbox 724 3933 855 4001; x_wconf 82' lang='lat' dir='ltr'><em>robusti</em></span> <span class='ocrx_word' id='word_1_198' title='bbox 878 3935 1043 4001; x_wconf 84' lang='lat' dir='ltr'><em>carminis</em></span> <span class='ocrx_word' id='word_1_199' title='bbox 1066 3930 1158 4025; x_wconf 79' lang='lat' dir='ltr'><em>offas</em></span> <span class='ocrx_word' id='word_1_200' title='bbox 1238 3936 1259 4003; x_wconf 84' lang='lat'><strong>5</strong></span> 
     </span>
     <span class='ocr_line' id='line_1_30' title="bbox 49 4040 943 4137; baseline -0.002 -30"><span class='ocrx_word' id='word_1_201' title='bbox 49 4119 54 4129; x_wconf 29' lang='lat' dir='ltr'><strong>f</strong></span> <span class='ocrx_word' id='word_1_202' title='bbox 121 4040 275 4133; x_wconf 79' lang='lat' dir='ltr'><em>ingeris,</em></span> <span class='ocrx_word' id='word_1_203' title='bbox 307 4054 345 4107; x_wconf 87' lang='lat' dir='ltr'><em>ut</em></span> <span class='ocrx_word' id='word_1_204' title='bbox 364 4044 498 4130; x_wconf 83' lang='lat' dir='ltr'><em>parsit</em></span> <span class='ocrx_word' id='word_1_205' title='bbox 521 4055 663 4111; x_wconf 87' lang='lat' dir='ltr'><em>centeno</em></span> <span class='ocrx_word' id='word_1_206' title='bbox 681 4056 827 4137; x_wconf 88' lang='lat' dir='ltr'><em>gutture</em></span> <span class='ocrx_word' id='word_1_207' title='bbox 849 4040 943 4108; x_wconf 82' lang='lat' dir='ltr'><em>niti?</em></span> 
     </span>
    </p>

    <p class='ocr_par' dir='ltr' id='par_1_17' title="bbox 122 4148 983 4239">
     <span class='ocr_line' id='line_1_31' title="bbox 122 4148 983 4239; baseline -0.002 -24"><span class='ocrx_word' id='word_1_208' title='bbox 122 4148 266 4216; x_wconf 82' lang='lat' dir='ltr'><em>Grande</em></span> <span class='ocrx_word' id='word_1_209' title='bbox 290 4151 444 4217; x_wconf 84' lang='lat' dir='ltr'><em>locuturi</em></span> <span class='ocrx_word' id='word_1_210' title='bbox 464 4148 608 4218; x_wconf 87' lang='lat' dir='ltr'><em>nebulas</em></span> <span class='ocrx_word' id='word_1_211' title='bbox 630 4154 801 4223; x_wconf 88' lang='lat' dir='ltr'><em>Helicone</em></span> <span class='ocrx_word' id='word_1_212' title='bbox 823 4150 983 4239; x_wconf 87' lang='lat' dir='ltr'><em>legunto,</em></span> 
     </span>
    </p>

    <p class='ocr_par' dir='ltr' id='par_1_18' title="bbox 49 4250 1160 4457">
     <span class='ocr_line' id='line_1_32' title="bbox 118 4250 1160 4350; baseline -0.001 -28"><span class='ocrx_word' id='word_1_213' title='bbox 118 4257 160 4323; x_wconf 82' lang='lat' dir='ltr'><em>Si</em></span> <span class='ocrx_word' id='word_1_214' title='bbox 181 4258 301 4347; x_wconf 85' lang='lat' dir='ltr'><em>quibus</em></span> <span class='ocrx_word' id='word_1_215' title='bbox 327 4271 388 4343; x_wconf 76' lang='lat' dir='ltr'><em>ant</em></span> <span class='ocrx_word' id='word_1_216' title='bbox 409 4264 580 4339; x_wconf 87' lang='lat' dir='ltr'><em>Procnes,</em></span> <span class='ocrx_word' id='word_1_217' title='bbox 609 4273 671 4326; x_wconf 90' lang='lat' dir='ltr'><em>out</em></span> <span class='ocrx_word' id='word_1_218' title='bbox 694 4259 867 4350; x_wconf 83' lang='lat' dir='ltr'><em>siquibus</em></span> <span class='ocrx_word' id='word_1_219' title='bbox 888 4256 963 4323; x_wconf 93' lang='lat' dir='ltr'><em>olla</em></span> <span class='ocrx_word' id='word_1_220' title='bbox 987 4250 1160 4343; x_wconf 72' lang='lat' dir='ltr'><em>Thyestae</em></span> 
     </span>
     <span class='ocr_line' id='line_1_33' title="bbox 49 4364 962 4457; baseline 0.002 -24"><span class='ocrx_word' id='word_1_221' title='bbox 49 4370 53 4375; x_wconf 75' lang='grc'><strong>“</strong></span> <span class='ocrx_word' id='word_1_222' title='bbox 118 4364 295 4443; x_wconf 76' lang='lat' dir='ltr'><em>Fervebit,</em></span> <span class='ocrx_word' id='word_1_223' title='bbox 319 4390 424 4457; x_wconf 86' lang='lat' dir='ltr'><em>saepe</em></span> <span class='ocrx_word' id='word_1_224' title='bbox 452 4368 582 4433; x_wconf 83' lang='lat' dir='ltr'><em>insulso</em></span> <span class='ocrx_word' id='word_1_225' title='bbox 600 4369 782 4435; x_wconf 78' lang='lat' dir='ltr'><em>coenando</em></span> <span class='ocrx_word' id='word_1_226' title='bbox 805 4368 962 4457; x_wconf 84' lang='lat' dir='ltr'><em>Glyconi.</em></span> 
     </span>
    </p>

    <p class='ocr_par' dir='ltr' id='par_1_19' title="bbox 122 4472 1265 4566">
     <span class='ocr_line' id='line_1_34' title="bbox 122 4472 1265 4566; baseline 0.004 -26"><span class='ocrx_word' id='word_1_227' title='bbox 122 4472 178 4543; x_wconf 86' lang='lat' dir='ltr'><em>Tu</em></span> <span class='ocrx_word' id='word_1_228' title='bbox 198 4498 307 4566; x_wconf 86' lang='lat' dir='ltr'><em>neque</em></span> <span class='ocrx_word' id='word_1_229' title='bbox 332 4474 530 4559; x_wconf 87' lang='lat' dir='ltr'><em>anbelanti,</em></span> <span class='ocrx_word' id='word_1_230' title='bbox 560 4477 720 4565; x_wconf 79' lang='lat' dir='ltr'><em>coquitur</em></span> <span class='ocrx_word' id='word_1_231' title='bbox 744 4476 828 4543; x_wconf 80' lang='lat' dir='ltr'><em>dum</em></span> <span class='ocrx_word' id='word_1_232' title='bbox 850 4500 975 4545; x_wconf 82' lang='lat' dir='ltr'><em>mussa</em></span> <span class='ocrx_word' id='word_1_233' title='bbox 989 4474 1157 4555; x_wconf 54' lang='lat' dir='ltr'><em>caminos</em></span> <span class='ocrx_word' id='word_1_234' title='bbox 1200 4479 1265 4545; x_wconf 62' lang='lat'><em>⁶2⁰</em></span> 
     </span>
    </p>
   </div>
   <div class='ocr_carea' id='block_1_6' title="bbox 0 0 1354 4972">
    <p class='ocr_par' dir='ltr' id='par_1_20' title="bbox 0 0 1354 4972">
     <span class='ocr_line' id='line_1_35' title="bbox 0 0 1354 4972; baseline 0 3"><span class='ocrx_word' id='word_1_235' title='bbox 0 0 1354 4972; x_wconf 95' lang='lat' dir='ltr'><em> </em></span> 
     </span>
    </p>
   </div>
  </div>
 </body>
</html>
