2700 4972
331 337 392 405 AD
430 336 598 447 PERSII
632 284 952 409 srtluautv.
1097 414 1100 420 ,
1160 350 1226 414 288
1313 364 1318 375 ‘

80 506 311 598 βλασφημεῖνέ
328 510 402 599 quid
424 523 528 577 eutem
548 512 606 577 iste
621 510 725 603 dicet?
746 522 862 601 nempe
882 512 1073 601 impudicum
1092 528 1125 582 te
1146 541 1224 599 esse,

81 596 137 675 aul
154 596 218 703 τῂν
239 592 333 677 ὥραν
353 600 436 700 apim
457 602 528 677 τοῖς
546 598 685 749 effice
703 598 897 682 χαρίζεσθαι
914 598 971 667 ael
990 596 1031 667 td
1055 608 1226 687 marucia

85 688 216 749 παθειν.
260 682 425 748 Suetomus
446 706 511 771 cap.
527 682 562 747 X
929 722 953 727 ··
996 714 1016 721 ··
1086 714 1090 721 ·
1304 707 1311 716 '

171 774 224 853 36.
253 783 402 851 Arcana
448 807 466 849 e
486 776 597 849 litandi
616 762 862 868 Bounomeia-l
895 765 967 854 Tt‘v
985 780 1091 875 ὄρρον
1109 786 1227 877 &reod-

91 872 345 956 pcvovinXIII.
373 873 399 938 d
434 874 531 937 enaei
556 872 611 953 [V.
630 871 689 952 Pl]

173 982 227 1043 37.
254 978 306 1039 Tu
318 996 401 1040 cum
415 973 571 1039 maxillis
585 971 793 1037 balanatum
802 994 963 1063 gausape
979 976 1123 1065 pectas]
1151 974 1226 1043 Duo

90 1066 200 1149 probra
224 1062 347 1143 objicit:
375 1061 460 1148 quod
485 1082 607 1125 comem
633 1062 802 1147 impensius
823 1072 935 1144 curet„
952 1064 1114 1145 unguentis
1134 1056 1228 1129 etidm

91 1149 336 1227 delibutamret
354 1147 439 1234 quod
456 1142 498 1211 τὰ
518 1143 594 1227 περὶ
618 1142 680 1229 τήν
702 1144 787 1211 oldai
810 1150 898 1211 vulsa
925 1150 1085 1236 levataque
1103 1152 1227 1217 habeat.

90 1232 251 1315 Ori'gincm
268 1236 359 1313 hujus
377 1233 474 1321 turpis
503 1230 732 1296 consuetudinis
752 1232 948 1312 gravissimus
971 1258 1095 1299 morum
1119 1259 1228 1302 censor

88 1317 149 1383 Dio
165 1318 419 1405 :chrysostomus
442 1320 574 1404 explicat
593 1320 627 1380 in
647 1320 711 1380 fine
731 1318 840 1404 prioris
860 1318 1011 1385 Tunicae.
1058 1321 1158 1386 Vetus
1177 1346 1227 1389 res

87 1418 115 1473 et
132 1426 215 1491 quae
233 1426 253 1467 a
267 1402 393 1469 Graecis
415 1404 456 1469 ad
470 1404 631 1467 Romanos
649 1403 772 1469 ridetur
787 1390 960 1470 transiisse':
981 1428 1056 1471 nam
1068 1408 1228 1475 luvenalis

83 1491 116 1556 in
128 1488 214 1555 vlll
228 1488 315 1571 [114]
333 1490 427 1571 vulgo
448 1512 556 1552 omnes
573 1486 708 1553 Graecos
729 1490 855 1571 levigari
873 1492 981 1555 solitos
1001 1492 1102 1557 r‘esina
1122 1507 1228 1559 usten-

85 1576 149 1657 dit,
179 1597 282 1661 neque
305 1578 395 1639 ullius
417 1577 462 1639 rei
478 1578 664 1661 frequentior
683 1576 811 1637 occurrit
828 1575 861 1637 in
876 1573 1065 1642 Graecomm
1084 1602 1124 1644 ne
1145 1582 1227 1646 uitiis

80 1663 208 1725 mentio
221 1682 315 1747 quam
328 1655 507 1744 ξυρήσεως,
524 1662 744 1741 παρατιλμοῦ,
765 1660 1017 1743 Βρωπακισμοῦ,
1039 1680 1280 1745 ncnooeoeete

80 1746 145 1813 καὶ
165 1743 437 1831 πιττοκρπήσεως
458 1744 517 1812 aul
534 1740 878 1829 mremoopperioeoa3
901 1750 994 1811 etiam
1014 1748 1136 1814 illarum
1158 1776 1229 1841 par-

77 1836 195 1913 rioms
206 1854 285 1919 quae
303 1835 373 1897 heic
391 1846 567 1914 tangentia:
589 1832 645 1895 sed
658 1832 872 1894 Romanunm
895 1854 959 1896 non
979 1836 1082 1899 minor
1100 1838 1229 1917 insania,

77 1932 118 1983 ut
135 1940 179 1983 ex
189 1940 301 1982 eorum
318 1920 514 2004 scriptoribus
533 1930 666 2005 apparet
943 1936 946 1941 ·

171 2017 362 2100 Maxilua]
398 2021 539 2083 Pectine:
567 2021 612 2082 sic
632 2018 741 2083 Graeci
764 2020 878 2107 poe'tae
898 2016 997 2087 κτένα
1020 2017 1229 2110 ὄδὸντωτήνε

78 2108 141 2185 [ita
164 2106 207 2171 de
230 2127 310 2171 voce
326 2104 483 2169 maxillis
508 2107 600 2170 statui
620 2128 684 2169 non
702 2127 811 2193 posse,
832 2108 929 2170 trib'us
950 2110 1117 2175 rationibus
1138 2115 1230 2177 evicit

77 2192 223 2257 Meister.
247 2191 320 2255 diss.
341 2214 371 2278 p.
388 2194 431 2256 47
444 2188 508 2278 sqq.
552 2191 631 2254 Sunt
655 2207 768 2273 genae,
789 2204 823 2253 ut
843 2214 890 2279 ap.
911 2192 1042 2277 lllanial.
1060 2196 1149 2279 vill,-
1164 2199 1229 2281 47]

77 2282 140 2367 qui
160 2278 201 2341 de
221 2280 318 2341 barba
337 2279 488 2363 accipiunt
507 2290 537 2340 et
553 2278 682 2339 afferunt
697 2280 800 2340 locum
815 2278 971 2342 Juvenatis
986 2280 1038 2361 [IL
1060 2286 1128 2363 111:

166 2358 331 2449 ‚Hicpido
349 2362 458 2427 borda
479 2362 582 2442 [edd.:
603 2360 770 2444 membra]
793 2360 949 2449 quidem,
972 2373 1037 2427 etc.

78 2453 158 2537 plus
167 2466 268 2597 poam
280 2460 345 2513 toto
361 2453 447 2512 coelo
464 2462 495 2513 et
513 2450 643 2513 via'tota
660 2460 773 2511 errant:
795 2471 869 2511 nam
889 2450 1046 2515 Juvenalis
1064 2452 1109 2515 ibi
1123 2454 1299 2541 loqui-(142)

79 2548 136 2600 tur
191 2557 210 2597 e
230 2556 286 2613 eo,
314 2537 367 2620 qui
389 2536 527 2598 militaris
547 2535 605 2599 riri
625 2538 743 2597 famam
764 2537 910 2599 affectans
928 2537 1056 2599 barbam
1080 2542 1180 2602 alebat
1201 2554 1250 2605 et=

78 2634 189 2687 -totam
203 2622 387 2684 exteriorem
398 2623 534 2706 speciem
546 2619 703 2683 horridam
716 2632 747 2683 et
765 2643 839 2685 vere
854 2625 1023 2685 masculam
1035 2645 1108 2709 prae
1128 2647 1163 2689 se
1182 2616 1252 2690 fe-'

84 2711 191 2773 rebat:
213 2706 363 2799 quidhoc
381 2708 420 2769 ad
435 2707 628 2769 delicatulum
638 2710 794 2786 juvenem,
818 2706 858 2770 de
874 2730 936 2791 quo
949 2709 1019 2770 heic
1036 2711 1156 2789 agitur?
1179 2714 1233 2797 qui

87 2790 301 2857 non'minofis
314 2794 453 2857 mollitiei
465 2795 499 2855 in
511 2791 629 2871 alenda,
653 2792 813 2871 comenda,
833 2795 994 2872 unguentis
1005 2794 1129 2857 linenda
1142 2820 1233 2861 coma

90 2890 309 2963 argumentum
324 2883 468 2964 praebeat
482 2899 574 2964 quam
588 2878 621 2939 in
638 2889 821 2939 caeterarum
835 2878 966 2964 partium
979 2880 1189 2961 levigatione?

181 2978 400 3047 Bolonotum
414 2982 603 3069 gausape]
635 2978 797 3061 Eleganter
823 2980 928 3065 capitis
953 2994 1076 3043 comam
1101 2988 1236 3069 appellat

90 3088 270 3159 gausape,
299 3066 384 3153 quod
405 3069 462 3128 fuit
480 3087 576 3146 genus
596 3065 690 3129 vestis
714 3086 831 3128 crassae
854 3076 884 3128 et
902 3066 982 3131 villis
1003 3066 1118 3132 hirtae:
1140 3084 1235 3155 quare

93 3158 192 3221 etism
213 3153 253 3217 ad
271 3166 345 3216 risus
366 3154 557 3215 balinearum
576 3153 718 3213 translata
744 3162 814 3213 sunt
839 3172 988 3237 gausapa3
1018 3146 1235 3237 balanatum,

94 3237 272 3325 poemate.
295 3240 346 3317 [V.
363 3238 440 3301 Plin.
454 3236 546 3317 Xlll,
557 3238 599 3316 2,]
628 3236 772 3300 Horatius
792 3238 825 3299 in
843 3237 978 3299 lautioris
999 3250 1161 3325 apparatus
1179 3239 1236 3306 de-

92 3328 259 3415 scriptione
280 3324 390 3403 [Germ.
403 3322 459 3402 lll,
476 3328 527 3402 29,
548 3323 597 3401 ll:

179 3409 315 3487 Pressa
330 3408 397 3471 tuis
420 3406 565 3472 balanus
585 3403 728 3493 capillis

179 3492 400 3579 Iamdudum
425 3491 522 3579 apud
542 3514 596 3555 me
625 3501 687 3557 est.

93 3582 180 3666 [Jure
201 3586 279 3647 haec
298 3581 504 3666 interpretatio
528 3581 566 3643 ab
588 3600 667 3643 rece.
688 3579 860 3665 improbata
880 3592 943 3643 estt
970 3582 1124 3645 veriorem
1142 3604 1237 3647 nemo

93 3670 214 3733 doctius
236 3669 396 3732 exornavit
407 3666 555 3730 Pessovio
572 3664 604 3726 in
626 3664 705 3751 Epir.
720 3665 789 3728 Jen.
799 3711 807 3741 ,
825 3662 912 3737 ‚unde
930 3666 1184 3747 integratransiit
1202 3670 1238 3732 in

94 3755 237 3820 Donneri
258 3766 333 3816 nott.
354 3775 385 3839 p.
406 3758 467 3818 110
483 3773 546 3837 sq.:
578 3747 741 3837 Gausapa
760 3752 855 3814 habet
879 3772 936 3836 pro
958 3754 1055 3816 barba
1079 3751 1237 3834 adscititia,

96 3864 191 3928 quam
207 3840 380 3927 paraverint
393 3839 468 3917 sibi,
491 3836 542 3922 qui
556 3839 606 3900 vel
622 3838 725 3899 nativa
746 3834 882 3899 destituti
900 3840 954 3903 vel
970 3848 1076 3917 tenere
1094 3838 1239 3923 lanugine

95 3940 216 3990 tantum
229 3926 367 3989 instructi
383 3934 500 3987 essent:
522 3932 557 3983 ut
568 3924 645 3983 h‘aec
663 3923 770 3984 existat
787 3924 901 3985 horum
915 3944 1062 3989 versuum
1074 3926 1238 3989 sententia:

101 4010 157 4077 Tu
172 4010 232 4099 qui
245 4006 380 4096 sociem
392 4006 477 4095 pilis
495 4004 681 4070 adscititiis
699 4027 820 4083 ornos,
842 4004 904 4071 uti
923 4018 1053 4073 natura
1066 4007 1158 4093 pilos
1173 4009 1240 4075 ribi

100 4098 255 4187 negavit,
277 4118 340 4159 cur
354 4094 489 4180 depiles
506 4114 565 4156 eac
579 4102 715 4180 portes,
737 4112 823 4179 quas
844 4101 970 4157 natura
980 4092 1070 4181 pilio
1095 4095 1239 4159 vestitae

101 4207 175 4248 ecce
191 4181 327 4257 voluit?
356 4183 405 4248 Cf.
420 4183 530 4261 Web.]

189 4292 242 4355 39.
265 4281 423 4373 Quinque
430 4280 691 4369 palaestritae]
722 4278 875 4361 Quamvis
889 4284 1018 4345 multam
1040 4303 1168 4368 operam
1188 4304 1242 4347 su-

104 4396 190 4453 mas,
211 4385 248 4435 ut
270 4384 410 4450 naturae,
432 4390 511 4457 quae
532 4379 564 4431 te
582 4368 685 4433 virum
705 4369 791 4433 nasci
813 4368 925 4453 volunt,
952 4366 1077 4448 illudas,
1104 4370 1191 4431 omni
1210 4380 1241 4432 te

105 4463 227 4525 ratione
245 4456 431 4545 nequissime
459 4453 678 4537 effoeminans:
707 4475 830 4541 semper
854 4465 958 4517 temen
978 4454 1127 4540 impressa
1146 4455 1202 4519 tibi
1222 4476 1241 4518 a
