2700 4972
68 334 70 343 ’
108 310 112 331 ’
167 353 214 415 co
478 319 486 325 ’
577 291 987 452 contumulatus

167 508 696 597 verborumrAcseaoere-omaes‚
719 519 794 583 Aen.
813 510 952 598 11,'1so.
976 514 1078 580 Etiam
1098 513 1174 587 oiri
1186 514 1307 579 monice

170 602 209 666 de
231 605 430 670 effeminatis:
451 606 494 668 ita
513 602 663 687 Koenig]
897 604 902 615 ‘

168 720 172 733 ·
250 686 353 755 Nunc
364 689 528 755 aoaoiais
542 683 872 777 illepoitaeFeiixil
887 687 935 751 An
948 708 1014 749 non
1024 689 1137 767 justam
1151 686 1205 749 hic
1215 682 1306 772 poiita

168 794 309 839 caussam
325 777 431 855 habet,
460 798 513 838 cur
532 788 647 857 certam
663 772 810 839 fiduciam
832 772 984 859 concipiat
1005 771 1045 835 de
1064 775 1151 836 fama
1170 772 1306 836 nominis

117 859 219 942 (64)ευί
232 861 326 929 etiam
339 864 416 924 ultra
430 861 544 925 cineres
557 884 592 925 ac
603 872 674 949 post
696 862 816 924 obitum
825 859 1003 925 mansura?
1025 856 1086 940 [cf.
1101 856 1202 938 Pasa]

111 1012 113 1019 ,
252 950 303 1011 37.
334 943 416 1011 Noa
438 944 548 1012 levior
564 947 619 1034 cip
645 969 683 1009 os
703 968 794 1009 artae
814 943 973 1035 inprimit
994 938 1108 1025 assai]
1142 941 1305 1023 Virgilium

170 1029 317 1111 imitatur,
339 1031 420 1119 apud
439 1053 531 1131 quem
552 1034 594 1095 ait
609 970 767 1098 gamelius
781 1028 886 1094 Gallus
905 1029 998 1117 poe'ta
1020 1029 1096 1108 [Ecl.
1110 1027 1157 1109 X,
1172 1027 1245 1110 3ch

376 1140 396 1181 o
411 1117 497 1182 milri
512 1128 586 1181 tam
601 1140 705 1207 qaam
719 1114 867 1180 molliter
887 1137 966 1178 ossa
988 1115 1171 1203 quiescant,
1213 1120 1217 1129 '

259 1198 303 1265 V
297 1210 390 1265 estro
406 1225 497 1267 meos
514 1202 599 1267 olim
621 1203 652 1266 si
659 1198 786 1289 fistulo
807 1199 902 1265 dicat
918 1202 1076 1287 amores!
1165 1198 1168 1203 ’

165 1283 283 1373 Ridere,
308 1290 395 1351 lubet
417 1288 567 1353 Veterum
598 1290 772 1367 stultitiam,
810 1287 862 1373 qui
890 1287 1061 1349 amicorum
1091 1282 1304 1363 deiunctomm

167 1373 249 1436 urnis
268 1373 373 1459 cippos
396 1385 427 1436 et
447 1378 604 1439 columnas
623 1395 811 1438 marmoreas
833 1394 903 1436 cum
922 1371 1134 1459 imponerent,
1156 1368 1183 1441 :0
1205 1372 1304 1435 tabent

164 1468 270 1520 tamen
289 1457 402 1522 iisdem
421 1471 533 1523 terram
553 1464 672 1524 levem:
701 1460 862 1523 notissima
889 1458 1022 1521 formula
1051 1469 1112 1538 est,
1146 1478 1165 1520 a
1216 1478 1303 1545 quam

62 1609 64 1615 ,
165 1540 288 1606 Persius
311 1544 434 1626 alludit3
460 1545 557 1609 iidem
584 1559 687 1609 contra
709 1546 856 1624 inimicis,
890 1565 1021 1630 quarum
1044 1543 1219 1617 memoriae
1243 1564 1303 1605 non

88 1642 91 1651 ·
164 1631 326 1709 favebant,
353 1633 472 1694 nullum
497 1653 608 1695 saxum
633 1633 834 1718 imponebant
854 1640 885 1693 et
911 1651 1037 1710 gravem
1064 1641 1173 1692 nmen
1197 1641 1301 1693 terram

164 1726 255 1800 atque
267 1728 301 1777 ut
315 1715 452 1813 pondere
471 1730 662 1800 urgerentur,
686 1720 848 1803 optabant:
870 1714 1010 1780 Tibullus
1025 1714 1061 1796 [1,
1076 1714 1106 1805 4,
1121 1717 1197 1799 6012

113 1800 148 1856 86
254 1800 412 1888 Quisquis
426 1825 474 1879 es,
498 1800 620 1952 ialelix
634 1814 760 1890 urgeat
777 1824 854 1867 ossa
873 1800 972 1887 lapis.

163 1884 337 1973 Propertius
359 1887 521 1968 [1V‚5‚=r
543 1890 572 1969 ]:

257 1971 393 2059 Urgeat
406 1973 495 2036 saraae
507 1996 615 2060 sopra
628 1972 698 2053 cis,
721 1966 897 2060 caprifico,
929 1981 1007 2045 tuat
1098 1988 1102 1997 ’

161 2057 210 2207 ppi
224 2055 395 2144 imprimit
408 2056 517 2122 Graeci
533 2062 621 2125 verbi
636 2056 796 2143 ἐπίστημα
815 2058 882 2123 vim
900 2057 1060 2144 expressit.
1084 2054 1181 2137 [Vide
1202 2052 1298 2119 laudtl.

189 2164 249 2208 ass.
294 2148 391 2209 .272.

205 2280 208 2287 .
249 2165 300 2294 sit).
322 2147 494 2294 Laridaat
510 2228 697 2310 convivae]
728 2229 832 2293 Primo
850 2229 1055 2292 assentiuntur
1066 2224 1229 2313 ,laudantij
1249 2226 1298 2291 tle·

160 2314 234 2380 inde
249 2316 308 2401 ipsi
320 2314 453 2397 laudant,
474 2338 587 2402 nempe
599 2316 653 2379 ubi
666 2319 735 2403 plus
751 2315 816 2402 poti
828 2314 987 2387 calidiores
1008 2326 1039 2377 et
1057 2298 1221 2391 alacn‘Vres
1234 2323 1298 2379 sunl

162 2402 251 2464 facti:
295 2404 364 2463 lane
385 2402 436 2463 hic
456 2404 542 2465 locus
556 2413 602 2465 est
622 2402 761 2464 eximius.

247 2423 347 2550 bitae
362 2508 432 2550 nora
450 2485 638 2550 emarcibas
658 2485 738 2560 iliis,
760 2460 862 2550 olane
875 2506 946 2548 aaa
964 2505 982 2573 e
997 2484 1031 2564 i]
1053 2483 1188 2550 Veteres
1195 2482 1299 2549 Graeci

161 2592 199 2634 ac
212 2572 327 2650 Latini,
349 2593 479 2656 quorum
502 2573 677 2635 felicitatem
695 2575 764 2660 plus
788 2593 880 2657 quam
899 2573 1069 2651 humanam
1088 2575 1239 2639 volebant
1255 2572 1298 2636 vi-

119 2674 124 2737 ζ
162 2657 237 2736 deri,
259 2656 452 2722 dicebantde
464 2656 553 2738 vivis,
577 2680 616 2720 ex
635 2681 743 2722 eorum
754 2657 889 2737 vestigiis
906 2656 998 2719 flores
1012 2656 1106 2735 nasci,
1129 2660 1298 2722 velletrum

161 2755 272 2829 sponte
290 2743 397 2807 suain
416 2743 539 2807 illorum
555 2746 708 2807 honorem
727 2745 818 2807 flores
837 2741 1023 2828 producere3
1044 2741 1244 2824 demortuis,
1263 2764 1298 2807 ex

161 2829 300 2915 ipsorum
322 2831 446 2892 tumulis
471 2840 566 2894 suave
593 2833 710 2893 olentes
740 2851 877 2915 quosque
901 2828 994 2892 flores
1022 2849 1200 2915 erumpere:
1226 2850 1298 2916 quse

161 2915 330 2978 sententiae
351 2937 391 2977 ex
410 2916 505 2978 veteri
522 2938 610 2978 more
634 2928 704 2979 sunt
723 2927 807 2978 ortae
826 2912 1008 3000 aspergendi
1027 2914 1158 2979 floribus
1176 2917 1298 2979 horicus
1330 2924 1334 2931 '

161 3021 268 3064 caussa
288 3012 318 3064 et
335 3001 464 3079 favoris,
492 3000 576 3086 quod
599 2998 722 3065 Graecis
742 3012 789 3065 est
811 3001 1047 3084 φυλλοβολεῖνε
1069 2998 1117 3063 'de
1130 3004 1298 3087 quomults

162 3084 203 3149 ad
218 3084 402 3149 Suetonium
416 3085 539 3164 [Neron.
554 3088 608 3168 25]
627 3090 827 3152 notabamus:
849 3087 921 3149 hinc
932 3085 1009 3159 illud
1017 3085 1141 3167 Virgilii
1152 3086 1196 3151 de
1207 3108 1297 3175 puero

163 3170 314 3235 Salonino
339 3171 413 3251 [Ecl.
428 3171 485 3252 IV,
505 3175 576 3253 23]:
983 3216 987 3223 ι

247 3254 335 3344 Ipsa
350 3255 415 3321 tibi
434 3256 579 3322 blandos
593 3252 749 3344 fatndeat
768 3254 936 3321 cunabala
948 3255 1071 3344 floren·
1124 3262 1127 3267 ’

162 3343 211 3404 cui
227 3343 385 3423 geminum
397 3354 506 3406 votum
527 3366 544 3406 a
567 3344 610 3406 ud
622 3345 760 3409 Persium
779 3345 811 3405 in
832 3342 967 3406 secunda
988 3342 1071 3423 [38]:

397 3367 565 3514 quicqaiiJ
572 3428 760 3494 calcaverit
778 3428 849 3500 laic,
872 3451 954 3492 rosa
967 3424 1047 3509 fiala·

162 3520 192 3574 'et
204 3512 316 3575 similia
328 3512 521 3599 hispassim,
544 3536 623 3598 quae
643 3515 785 3600 putidum
807 3515 847 3579 sit
864 3513 1024 3577 adnotare:
1042 3513 1117 3576 hinc
1137 3512 1234 3577 etiam
1246 3524 1296 3593 cst,

161 3597 245 3684 quod
258 3618 312 3663 ver
326 3610 507 3684 perpetuum
521 3603 668 3685 optabant
681 3623 807 3664 suorum
825 3601 948 3663 tumulis
963 3621 1063 3683 eoque
1077 3600 1138 3663 frui
1151 3612 1297 3688 perpetuo

161 3705 268 3746 inanes
286 3686 440 3747 bonorum
455 3684 625 3750 credebant.
656 3686 813 3751 Juvenalis
827 3684 912 3766 [vlt
929 3690 991 3752 207
1005 3685 1081 3770 sq.]:
1338 3732 1340 3739 -

245 3766 297 3830 Di
317 3767 488 3855 majoram
504 3770 634 3835 umbris
647 3780 779 3836 tenuem
794 3782 827 3835 et
841 3769 915 3834 siae
926 3769 1084 3856 pondere
1099 3781 1238 3835 terram
1337 3784 1340 3795 “

247 3851 491 3941 Spiraatesqae
503 3879 614 3920 crocos
628 3867 662 3922 et
675 3857 713 3920 ia
734 3879 824 3921 raraa
837 3867 1044 3942 perpetuam
1065 3856 1150 3920 oer!

160 3936 238 4002 Inde
256 3962 406 4004 vernare
425 3962 481 4026 pro
499 3943 641 4005 continua
660 3943 803 4006 felicitate
824 3942 869 4005 uti
889 3940 971 4028 apud
991 3945 1105 4007 multos
1127 3942 1296 4029 scriptores.

159 4024 279 4090 Vereor
294 4047 335 4087 ne
347 4026 526 4106 hujusmodi
536 4027 657 4114 poiitica
670 4030 816 4110 figmenta
830 4029 1024 4091 occasionem
1036 4028 1074 4091 iis
1095 4027 1296 4114 praebuerint¹

112 4130 147 4185 37
162 4112 215 4198 qui
226 4110 312 4174 'ritas
330 4123 504 4176 sanctorum
520 4123 614 4200 'atque
633 4116 721 4178 omni
737 4115 934 4179 veneratione
952 4112 1116 4195 dignorum
1133 4114 1297 4189 hominum

161 4197 417 4281 conscripserunt,
439 4199 510 4262 talia
524 4203 621 4263 multa
633 4199 769 4281 fingendi
792 4211 822 4261 et
835 4222 890 4286 pro
911 4202 1002 4265 rebus
1025 4199 1117 4281 gestis
1138 4199 1296 4265 narrandi:
1338 4250 1340 4255 .

159 4303 252 4368 saepe
271 4282 356 4349 enim
377 4284 461 4363 legas
481 4305 521 4347 ex
546 4307 654 4350 eorum
671 4286 795 4349 tumulis
816 4287 868 4349 rel
886 4307 1000 4348 manna
1028 4285 1139 4349 exiisse
1161 4289 1215 4351 rol
1235 4285 1296 4348 lilia

161 4380 212 4431 aut
227 4366 325 4432 violas
337 4369 472 4455 erupisse
482 4381 535 4433 aut
548 4372 649 4435 simile
672 4369 771 4436 aliud:
792 4369 869 4435 illud
883 4371 1035 4452 singulare
1056 4368 1089 4433 in
1102 4382 1204 4434 morte
1219 4372 1296 4435 Hie-

159 4453 297 4535 ronymi,
318 4453 377 4518 viri
385 4453 532 4536 maximi,
553 4456 637 4544 quod
656 4455 818 4521 recedente
838 4459 903 4538 ejus
921 4457 1024 4521 anima
1037 4455 1147 4521 didon
1159 4460 1295 4539 freman-
