2700 4972
385 307 448 375 ro
478 306 646 375 rursu
674 304 899 374 sarram
927 284 989 375 vt.
1185 316 1253 383 aas
1313 274 1321 283 ”

108 479 168 561 Ν,
186 480 236 562 bl:
266 474 378 546 Vicae
401 488 515 559 tute,
536 475 655 555 Servi,
677 475 833 543 colubere
854 486 889 545 et
910 475 1108 546 mencinisee
1128 490 1162 547 te
1183 481 1249 550 bo-

110 565 244 630 minem
263 587 335 629 ease
352 567 502 631 natum?
530 566 620 647 [rua
643 563 771 630 colat.
791 576 823 629 et
835 570 858 631 2
871 565 1012 633 atach:
1040 560 1108 652 Vir
1121 569 1182 653 tra]

196 654 259 718 64.
276 650 386 717 Deest
410 650 550 739 aliquid
568 649 756 729 summae]
792 646 898 730 Quam
918 652 1022 715 animo
1046 676 1248 745 conceperam

108 749 162 800 aut
185 760 277 824 quam
294 740 363 825 ipse
381 760 539 826 acceperas
561 760 578 799 a
597 737 795 823 parentibusz'
814 748 886 801 sunt
904 738 999 805 verba
1017 739 1141 805 heredis
1162 745 1247 809 avari

108 836 140 886 et
153 826 403 907 papbtpotpoti:
425 826 473 887 cui
490 824 598 909 similis
611 823 663 884 illa
676 843 741 885 vox
761 820 842 908 apud
856 820 1106 911 Theophrastum
1124 828 1156 889 in
1172 830 1247 892 cha-

106 922 223 972 ractere
240 912 377 975 hominis
396 910 439 973 ita
457 909 583 988 morati,
612 907 663 993 qui
685 906 843 987 gratulanti
862 906 936 987 sibi,
965 910 1049 995 quod
1069 932 1246 977 crumenam

105 996 271 1061 invenerit:
292 994 372 1083 Ego
386 1016 483 1075 vero,
505 996 561 1074 ait,
584 991 788 1056 thesaurum
802 990 939 1056 trullum
952 1014 1106 1082 unquam
1121 998 1298 1067 invenisse

192 1096 310 1162 Minui
320 1096 418 1176 milri,
441 1094 505 1159 aed
517 1093 581 1160 tibi
595 1096 704 1159 tottam
722 1102 783 1175 eet,
806 1092 984 1185 Quicquid
997 1095 1037 1161 id
1047 1099 1123 1203 eat]
1144 1099 1246 1167 Docta

104 1196 138 1248 et
158 1206 198 1247 ex
217 1188 285 1264 jure
304 1195 446 1271 prompta
463 1182 627 1247 distinctio.
668 1180 786 1261 Regula
798 1182 880 1261 ‘juris
894 1192 960 1248 ‘esta
987 1206 1055 1249 rem
1076 1186 1121 1249 ilh
1138 1189 1245 1281 perire,

104 1274 192 1350 cujus
206 1283 261 1349 est,
283 1272 310 1334 si
325 1269 416 1333 dolus
429 1270 508 1333 absit
519 1280 572 1330 aut
583 1270 643 1330 lata
657 1269 761 1353 culpa:
783 1268 866 1333 bona
885 1268 1061 1334 hereditatis
1077 1283 1149 1335 ante
1159 1294 1246 1337 mor-

102 1367 170 1420 tem
184 1354 320 1419 defuncti
333 1367 405 1419 sunt
416 1356 526 1441 ipsius:
548 1351 690 1439 quicquid
710 1352 801 1433 igitur
820 1354 875 1416 illo
896 1354 970 1420 vivo
992 1354 1136 1421 debonis
1157 1359 1245 1447 perit,

101 1441 164 1528 ipsi
174 1443 265 1528 perit,
285 1464 351 1505 uon
364 1444 467 1504 futuro
479 1439 603 1504 heredi:
625 1436 783 1524 quomodo
804 1439 887 1503 enim
900 1441 1013 1527 aliquid
1027 1442 1146 1506 amittat
1161 1444 1246 1531 quis-

100 1548 211 1612 quam,
233 1526 317 1613 quod
339 1549 405 1589 non
426 1526 544 1592 habet?
566 1526 643 1587 haec
664 1522 761 1587 Persii
780 1528 1024 1605 argumentation
1042 1546 1121 1615 quae
1139 1540 1245 1595 tamen

99 1614 135 1676 in
159 1614 309 1685 extraneis
328 1610 494 1677 heredibus
515 1612 621 1675 locum
637 1610 733 1673 habet
753 1611 964 1697 potiusquam
984 1612 1017 1677 in
1042 1614 1106 1678 suis
1123 1627 1176 1678 aut
1196 1616 1245 1698 iis,

99 1700 214 1786 quibus
234 1721 274 1764 ex
288 1688 363 1793 ¹fidei
382 1697 549 1761 commisso
564 1694 692 1759 debetm
705 1694 870 1761 hereditas.
936 1772 940 1782 Ι

189 1801 241 1868 66.
269 1796 338 1864 Ubi
352 1798 418 1878 sit,
454 1820 522 1887 nge
547 1818 732 1884 quaerere,
753 1794 960 1885 quodmilri
979 1796 1155 1885 quondam
1169 1798 1244 1867 Le·
1324 1826 1326 1835 ·

94 1897 210 1978 garet
226 1884 383 1967 Tadius]
440 1889 484 1949 oli
501 1884 623 1966 exigere
640 1906 660 1948 a
678 1906 732 1947 me
749 1885 902 1947 rationem
914 1888 1069 1949 bonorum
1082 1909 1243 1955 meorum:

97 1975 190 2039 sicuti
204 1977 283 2037 solet
296 1976 389 2035 herus
408 1993 427 2034 a
447 1970 656 2057 dispensatore
673 1991 776 2035 servo.
808 1964 960 2051 [Tadius
971 1993 1087 2035 nomen
1108 1976 1241 2053 ,pejecto

98 2056 246 2123 Stadios
255 2058 391 2123 Turneb.
410 2068 514 2121 erett.
525 2057 590 2120 suis
605 2056 789 2133 restituerat3
809 2052 972 2121 sedStad.
989 2078 1099 2122 omnes
1106 2058 1241 2143 Havnn,

98 2145 228 2223 taen,
249 2144 385 2222 Luneb.‚
407 2141 494 2224 Tig„
516 2141 667 2220 Chemn,
694 2139 744 2202 ed.
764 2152 825 2207 vet.
846 2141 1020 2225 Murmeu,
1042 2156 1200 2231 receptum
1221 2166 1242 2209 a

96 2230 204 2308 Pasa,
227 2230 301 2310 on,
322 2229 442 2296 Webr‘
465 2226 522 2292 Pl.
543 2227 656 2293 Paris:
678 2223 820 2307 Stoma]

185 2338 237 2399 66.
260 2329 344 2397 Neu
361 2327 458 2393 dicto
473 2348 597 2414 repone
613 2330 784 2415 paterno]
806 2327 853 2392 lta
864 2331 975 2395 melius
989 2350 1082 2416 quam
1096 2352 1240 2418 oppone,

97 2418 158 2484 etsi
172 2441 235 2482 non
257 2419 429 2500 rejicerem,
450 2416 477 2479 si
494 2415 675 2480 exhiberent
690 2426 824 2479 veteres:
845 2415 918 2481 vide
937 2416 971 2479 in
987 2416 1158 2482 imitatione
1170 2419 1240 2483 Ho-

45 2504 48 2509 ’
95 2506 184 2570 ratii:
205 2488 279 2583 noli,
299 2504 412 2589 inquit,
433 2513 552 2585 tanturn
563 2501 620 2563 tibi
638 2501 787 2579 tribuere,
808 2512 843 2563 ut
862 2522 919 2588 pro
931 2512 985 2565 tua
997 2501 1124 2567 libidine
1135 2526 1239 2568 mores

92 2610 189 2654 meos
210 2592 325 2672 fingas,
352 2590 431 2652 sicut
448 2598 591 2675 parentes
609 2588 738 2649 faciunt:
769 2607 901 2670 quorum
924 2588 1072 2651 haesere
1101 2601 1172 2653 sunt
1197 2588 1240 2655 ad

95 2678 180 2741 filios
193 2698 304 2742 voces:
325 2670 495 2738 Foenoris
509 2683 566 2736 etc.
610 2669 695 2736 (lave
715 2673 844 2757 accipias
862 2673 949 2737 aliter
966 2673 1036 2737 heic
1058 2671 1240 2762 dictame-

97 2770 219 2827 temo:
247 2782 348 2847 neque
371 2760 456 2823 enim
475 2756 515 2821 de
535 2767 622 2843 patre
639 2779 698 2820 suo
717 2758 850 2843 loquitur
868 2758 1006 2837 Persius,
1032 2758 1117 2844 quod
1137 2783 1240 2847 neque

96 2846 222 2928 debuit,
232 2848 323 2910 ¹lilius
341 2843 512 2909 memoriae
527 2842 621 2928 patrio
638 2841 809 2921 studiosus,
835 2865 936 2929 neque
956 2845 1073 2929 potuit,
1094 2847 1147 2931 qui
1163 2868 1240 2932 puer

94 2934 242 2998 sexennis
257 2944 377 3019 patrem
392 2930 537 2993 Flaccum
556 2928 668 2991 amisit.
713 2926 875 3007 Ejusmodi
893 2939 997 2991 autem
1012 2940 1137 3015 paterna
1149 2953 1240 3017 prae-

95 3030 188 3108 cepta
198 3031 278 3099 sunt,
299 3038 378 3105 quae
392 3024 614 3081 commemorat
621 3014 778 3079 luvenalis
788 3015 823 3077 in
834 3012 928 3079 XIV.
939 3015 992 3077 illo
1006 3016 1076 3078 loco
1091 3013 1136 3097 [r.
1146 3019 1238 3099 1211:

509 3096 656 3188 juvenen
670 3096 846 3183 bortatur,
871 3107 910 3165 ut
926 3094 1030 3165 illam

183 3185 243 3255 Ire
258 3186 356 3255 viam
369 3194 542 3275 pergant3

92 3274 215 3342 ibidem
233 3276 327 3339 etiam
349 3286 419 3338 sunt
438 3274 483 3337 illi
503 3294 608 3338 veram
629 3272 778 3353 gemmei,
806 3270 916 3359 quibus
934 3266 1099 3359 prudenter
1119 3269 1239 3336 disserit

118 3373 214 3437 atres,
239 3362 291 3448 qui
304 3360 407 3425 liberis
431 3358 494 3424 suis
511 3358 616 3440 magni
633 3380 741 3422 census
756 3379 895 3423 amorem
908 3357 1113 3446 praecipiunt,
1136 3357 1289 3438 simul507

93 3448 157 3513 illis
174 3446 220 3539 ad
233 3468 328 3511 omne
347 3449 445 3510 scelus
470 3455 550 3509 totas
574 3442 733 3508 effundere
752 3446 900 3509 habenas.
982 3510 986 3517 ,

183 3554 237 3617 67.
256 3543 426 3613 Foenoria
447 3544 596 3611 accedat
609 3548 763 3629 merces]
786 3547 888 3629 Olim,
909 3568 979 3613 cum
996 3545 1133 3610 relictam
1152 3566 1238 3609 ame

92 3634 298 3701 hereditatem
311 3633 573 3713 administrabis,
608 3655 675 3698 rem
710 3634 862 3723 amplifica
896 3644 928 3697 et
954 3632 1133 3696 foenoribus
1158 3652 1238 3713 auge

93 3734 183 3787 tuam
194 3733 325 3788 sortem:
339 3715 502 3806 foenoris
515 3739 649 3785 merces
665 3710 741 3783 rivel
762 3720 965 3801 roifoenus,
985 3717 1069 3807 qnod
1090 3726 1142 3793 est⁸
1154 3738 1239 3783 mer·

94 3828 149 3873 ces
160 3819 268 3871 mutuo
282 3806 370 3871 datae
386 3806 543 3892 pecuniae.
566 3804 617 3883 [V.
631 3804 689 3885 Pl]

182 3888 279 3957 Hinc
303 3889 415 3956 exime
437 3888 591 3972 sumtus]
621 3885 735 3968 Hine,
762 3913 803 3955 ex
822 3892 968 3970 foenore,
989 3912 1054 3954 non
1078 3908 1119 3952 ex
1139 3897 1238 3969 sorte3

93 3989 248 4052 sumtus.
276 3970 317 4042 rei
337 3971 504 4061 ἐπιτήδεια
525 3969 609 4043 καθ’
633 3968 761 4061 ἡμέραν
768 4022 778 4057 ,
800 3977 893 4041 etiam
913 3974 996 4065 apud
1018 3976 1178 4059 Plautum,
1207 3983 1239 4037 et

94 4066 222 4133 Graecis
236 4064 280 4127 ita
295 4060 331 4127 erl
350 4059 497 4129 δαπάναι
510 4085 566 4151 pro
582 4060 714 4145 τροφαί.
753 4122 757 4130 ,

182 4172 236 4236 68.
261 4160 357 4246 Quid
372 4160 585 4252 reliquumi]
608 4162 753 4231 Ostendit
772 4163 857 4245 heic,
879 4162 1024 4252 quamsit
1036 4161 1166 4230 ariditas
1223 4201 1238 4215 -

94 4256 204 4320 cuniae
229 4252 340 4321 vitium
367 4247 601 4316 δυσααόθετοα
629 4261 660 4314 et
685 4250 872 4337 insanabile:
899 4270 975 4315 nam
997 4260 1043 4313 tot
1069 4247 1180 4315 rationi
1200 4268 1236 4313 us

92 4342 172 4408 nihil
190 4348 334 4404 moretur
350 4334 410 4400 iste
425 4357 545 4401 avarus.

181 4420 413 4512 aeramina]
436 4419 864 4507 omaaasaanemagna
883 4380 1130 4504 saetigeram
