<?xml version="1.0" encoding="UTF-8"?>
<!DOCTYPE html PUBLIC "-//W3C//DTD XHTML 1.0 Transitional//EN"
    "http://www.w3.org/TR/xhtml1/DTD/xhtml1-transitional.dtd">
<html xmlns="http://www.w3.org/1999/xhtml" xml:lang="en" lang="en">
 <head>
  <title>
</title>
<meta http-equiv="Content-Type" content="text/html;charset=utf-8" />
  <meta name='ocr-system' content='tesseract 3.04.00' />
  <meta name='ocr-capabilities' content='ocr_page ocr_carea ocr_par ocr_line ocrx_word'/>
</head>
<body>
  <div class='ocr_page' id='page_1' title='image "./satirarumliber00persgoog_0404.png"; bbox 0 0 2700 4972; ppageno 0'>
   <div class='ocr_carea' id='block_1_1' title="bbox 110 316 867 441">
    <p class='ocr_par' dir='ltr' id='par_1_1' title="bbox 110 316 867 441">
     <span class='ocr_line' id='line_1_1' title="bbox 110 316 867 441; baseline -0.004 0"><span class='ocrx_word' id='word_1_1' title='bbox 110 372 178 441; x_wconf 79' lang='lat' dir='ltr'>sss</span> <span class='ocrx_word' id='word_1_2' title='bbox 206 344 209 353; x_wconf 72' lang='grc'><em>“</em></span> <span class='ocrx_word' id='word_1_3' title='bbox 453 316 867 439; x_wconf 74' lang='lat' dir='ltr'>cbuuauaamus</span> 
     </span>
    </p>
   </div>
   <div class='ocr_carea' id='block_1_2' title="bbox 4 539 1280 4569">
    <p class='ocr_par' dir='ltr' id='par_1_2' title="bbox 4 539 1280 4569">
     <span class='ocr_line' id='line_1_2' title="bbox 113 539 1241 694; baseline 0 -84"><span class='ocrx_word' id='word_1_4' title='bbox 113 542 246 694; x_wconf 54' lang='lat' dir='ltr'>egedam</span> <span class='ocrx_word' id='word_1_5' title='bbox 293 542 388 693; x_wconf 55' lang='lat' dir='ltr'>aritgr4</span> <span class='ocrx_word' id='word_1_6' title='bbox 403 539 614 632; x_wconf 68' lang='lat' dir='ltr'>disponimus,</span> <span class='ocrx_word' id='word_1_7' title='bbox 646 543 781 607; x_wconf 86' lang='lat' dir='ltr'>imitatus</span> <span class='ocrx_word' id='word_1_8' title='bbox 799 555 846 608; x_wconf 89' lang='lat' dir='ltr'>est</span> <span class='ocrx_word' id='word_1_9' title='bbox 870 541 964 609; x_wconf 89' lang='lat' dir='ltr'>istum</span> <span class='ocrx_word' id='word_1_10' title='bbox 986 540 1111 627; x_wconf 73' lang='lat' dir='ltr'>Virgilii</span> <span class='ocrx_word' id='word_1_11' title='bbox 1131 563 1241 610; x_wconf 73' lang='lat' dir='ltr'>venum</span> 
     </span>
     <span class='ocr_line' id='line_1_3' title="bbox 156 634 1086 698; baseline 0.004 -4"><span class='ocrx_word' id='word_1_12' title='bbox 156 653 194 694; x_wconf 88' lang='lat' dir='ltr'>eo</span> <span class='ocrx_word' id='word_1_13' title='bbox 232 676 239 693; x_wconf 89' lang='lat'><strong>.</strong></span> <span class='ocrx_word' id='word_1_14' title='bbox 327 635 344 698; x_wconf 93' lang='lat'><strong>1</strong></span> <span class='ocrx_word' id='word_1_15' title='bbox 413 653 421 690; x_wconf 72' lang='grc' dir='ltr'><em>τ</em></span> <span class='ocrx_word' id='word_1_16' title='bbox 471 634 475 643; x_wconf 92' lang='grc'>’</span> <span class='ocrx_word' id='word_1_17' title='bbox 1079 640 1086 661; x_wconf 71' lang='grc'><em>“</em></span> 
     </span>
     <span class='ocr_line' id='line_1_4' title="bbox 113 628 1228 801; baseline 0.001 -21"><span class='ocrx_word' id='word_1_18' title='bbox 113 633 125 710; x_wconf 74' lang='lat'>[</span> <span class='ocrx_word' id='word_1_19' title='bbox 195 651 373 780; x_wconf 56' lang='lat' dir='ltr'>r(gimuibuc</span> <span class='ocrx_word' id='word_1_20' title='bbox 387 628 458 778; x_wconf 68' lang='lat' dir='ltr'>bna</span> <span class='ocrx_word' id='word_1_21' title='bbox 472 713 569 800; x_wconf 84' lang='lat' dir='ltr'>quies</span> <span class='ocrx_word' id='word_1_22' title='bbox 583 732 743 801; x_wconf 80' lang='lat' dir='ltr'>operum,</span> <span class='ocrx_word' id='word_1_23' title='bbox 765 710 867 778; x_wconf 84' lang='lat' dir='ltr'>labor</span> <span class='ocrx_word' id='word_1_24' title='bbox 880 713 1038 779; x_wconf 82' lang='lat' dir='ltr'>omnibus</span> <span class='ocrx_word' id='word_1_25' title='bbox 1054 712 1160 781; x_wconf 80' lang='lat' dir='ltr'>idem.</span> <span class='ocrx_word' id='word_1_26' title='bbox 1222 708 1228 723; x_wconf 74' lang='grc'><em>’</em></span> 
     </span>
     <span class='ocr_line' id='line_1_5' title="bbox 204 797 1242 886; baseline -0.002 -17"><span class='ocrx_word' id='word_1_27' title='bbox 204 801 256 869; x_wconf 78' lang='grc'>44.</span> <span class='ocrx_word' id='word_1_28' title='bbox 278 799 395 886; x_wconf 82' lang='lat' dir='ltr'>Atque</span> <span class='ocrx_word' id='word_1_29' title='bbox 410 798 608 865; x_wconf 81' lang='lat' dir='ltr'>verecunda</span> <span class='ocrx_word' id='word_1_30' title='bbox 624 797 788 864; x_wconf 82' lang='lat' dir='ltr'>laxamus</span> <span class='ocrx_word' id='word_1_31' title='bbox 802 797 896 864; x_wconf 83' lang='lat' dir='ltr'>seria</span> <span class='ocrx_word' id='word_1_32' title='bbox 910 804 1053 883; x_wconf 68' lang='lat' dir='ltr'>mertem]</span> <span class='ocrx_word' id='word_1_33' title='bbox 1076 799 1148 866; x_wconf 83' lang='lat' dir='ltr'>Jam</span> <span class='ocrx_word' id='word_1_34' title='bbox 1164 800 1242 885; x_wconf 70' lang='lat' dir='ltr'>dirit·</span> 
     </span>
     <span class='ocr_line' id='line_1_6' title="bbox 244 883 1050 975; baseline -0.001 -25"><span class='ocrx_word' id='word_1_35' title='bbox 244 884 293 950; x_wconf 84' lang='lat' dir='ltr'>Et</span> <span class='ocrx_word' id='word_1_36' title='bbox 307 895 420 949; x_wconf 87' lang='lat' dir='ltr'>tecum</span> <span class='ocrx_word' id='word_1_37' title='bbox 431 884 572 975; x_wconf 75' lang='lat' dir='ltr'>primas</span> <span class='ocrx_word' id='word_1_38' title='bbox 584 883 698 972; x_wconf 80' lang='lat' dir='ltr'>epulis</span> <span class='ocrx_word' id='word_1_39' title='bbox 714 884 901 972; x_wconf 82' lang='lat' dir='ltr'><strong><em>decerpere</em></strong></span> <span class='ocrx_word' id='word_1_40' title='bbox 915 896 1050 950; x_wconf 76' lang='lat' dir='ltr'>noctecs</span> 
     </span>
     <span class='ocr_line' id='line_1_7' title="bbox 118 971 1244 1061; baseline -0.002 -23"><span class='ocrx_word' id='word_1_41' title='bbox 118 996 171 1038; x_wconf 88' lang='lat' dir='ltr'>cur</span> <span class='ocrx_word' id='word_1_42' title='bbox 183 972 316 1059; x_wconf 83' lang='lat' dir='ltr'>repetit?</span> <span class='ocrx_word' id='word_1_43' title='bbox 337 973 408 1058; x_wconf 86' lang='lat' dir='ltr'>quia</span> <span class='ocrx_word' id='word_1_44' title='bbox 424 974 477 1037; x_wconf 85' lang='lat' dir='ltr'>vel</span> <span class='ocrx_word' id='word_1_45' title='bbox 491 973 688 1061; x_wconf 84' lang='lat' dir='ltr'>praecipuum</span> <span class='ocrx_word' id='word_1_46' title='bbox 701 973 912 1036; x_wconf 88' lang='lat' dir='ltr'>testimonium</span> <span class='ocrx_word' id='word_1_47' title='bbox 930 984 977 1036; x_wconf 90' lang='lat' dir='ltr'>est</span> <span class='ocrx_word' id='word_1_48' title='bbox 989 984 1092 1036; x_wconf 87' lang='lat' dir='ltr'>arctae</span> <span class='ocrx_word' id='word_1_49' title='bbox 1112 971 1244 1036; x_wconf 77' lang='lat' dir='ltr'>amicitiae</span> 
     </span>
     <span class='ocr_line' id='line_1_8' title="bbox 63 1052 1244 1141; baseline -0.003 -16"><span class='ocrx_word' id='word_1_50' title='bbox 63 1090 65 1095; x_wconf 60' lang='grc'>’</span> <span class='ocrx_word' id='word_1_51' title='bbox 117 1061 189 1125; x_wconf 82' lang='lat' dir='ltr'>salis</span> <span class='ocrx_word' id='word_1_52' title='bbox 208 1069 238 1122; x_wconf 88' lang='lat' dir='ltr'>et</span> <span class='ocrx_word' id='word_1_53' title='bbox 261 1079 388 1121; x_wconf 88' lang='lat' dir='ltr'>mensae</span> <span class='ocrx_word' id='word_1_54' title='bbox 408 1060 603 1125; x_wconf 88' lang='lat' dir='ltr'>communio:</span> <span class='ocrx_word' id='word_1_55' title='bbox 625 1052 647 1141; x_wconf 85' lang='grc' dir='ltr'><strong><em>ἡ</em></strong></span> <span class='ocrx_word' id='word_1_56' title='bbox 666 1054 731 1140; x_wconf 75' lang='grc' dir='ltr'>γὰρ</span> <span class='ocrx_word' id='word_1_57' title='bbox 753 1055 962 1140; x_wconf 77' lang='grc' dir='ltr'><strong><em>συντροφία,</em></strong></span> <span class='ocrx_word' id='word_1_58' title='bbox 991 1058 1034 1121; x_wconf 87' lang='lat' dir='ltr'>ait</span> <span class='ocrx_word' id='word_1_59' title='bbox 1054 1078 1130 1123; x_wconf 82' lang='lat' dir='ltr'>vere</span> <span class='ocrx_word' id='word_1_60' title='bbox 1145 1057 1244 1121; x_wconf 83' lang='lat' dir='ltr'>Plutar-</span> 
     </span>
     <span class='ocr_line' id='line_1_9' title="bbox 102 1136 1245 1296; baseline 0.005 -93"><span class='ocrx_word' id='word_1_61' title='bbox 102 1148 195 1296; x_wconf 49' lang='lat' dir='ltr'>chus</span> <span class='ocrx_word' id='word_1_62' title='bbox 215 1142 269 1226; x_wconf 84' lang='lat' dir='ltr'>[de</span> <span class='ocrx_word' id='word_1_63' title='bbox 284 1141 402 1208; x_wconf 63' lang='lat' dir='ltr'>murat.</span> <span class='ocrx_word' id='word_1_64' title='bbox 417 1163 502 1232; x_wconf 84' lang='lat' dir='ltr'>puer.</span> <span class='ocrx_word' id='word_1_65' title='bbox 517 1166 549 1231; x_wconf 85' lang='lat' dir='ltr'>p.</span> <span class='ocrx_word' id='word_1_66' title='bbox 563 1150 594 1210; x_wconf 81' lang='lat'>3.</span> <span class='ocrx_word' id='word_1_67' title='bbox 616 1142 688 1224; x_wconf 87' lang='lat' dir='ltr'>D.],</span> <span class='ocrx_word' id='word_1_68' title='bbox 715 1138 823 1228; x_wconf 76' lang='grc' dir='ltr'><strong><em>ὥσπερ</em></strong></span> <span class='ocrx_word' id='word_1_69' title='bbox 847 1136 1016 1227; x_wconf 60' lang='grc' dir='ltr'><strong><em>ἐπιτόνιόν</em></strong></span> <span class='ocrx_word' id='word_1_70' title='bbox 1038 1139 1109 1209; x_wconf 77' lang='lat' dir='ltr'>iaec</span> <span class='ocrx_word' id='word_1_71' title='bbox 1130 1146 1186 1229; x_wconf 77' lang='grc' dir='ltr'>τῆς</span> <span class='ocrx_word' id='word_1_72' title='bbox 1206 1139 1245 1209; x_wconf 84' lang='lat' dir='ltr'>ai·</span> 
     </span>
     <span class='ocr_line' id='line_1_10' title="bbox 114 1250 703 1298; baseline -0.003 0"><span class='ocrx_word' id='word_1_73' title='bbox 114 1253 156 1298; x_wconf 69' lang='lat' dir='ltr'>vo</span> <span class='ocrx_word' id='word_1_74' title='bbox 171 1253 192 1296; x_wconf 77' lang='grc' dir='ltr'><strong><em>α</em></strong></span> <span class='ocrx_word' id='word_1_75' title='bbox 212 1275 221 1294; x_wconf 78' lang='grc' dir='ltr'>Ι</span> <span class='ocrx_word' id='word_1_76' title='bbox 700 1250 703 1257; x_wconf 40' lang='lat'><strong>¹</strong></span> 
     </span>
     <span class='ocr_line' id='line_1_11' title="bbox 193 1252 1246 1401; baseline -0.005 -18"><span class='ocrx_word' id='word_1_77' title='bbox 193 1252 254 1383; x_wconf 65' lang='lat'>⁶45.</span> <span class='ocrx_word' id='word_1_78' title='bbox 277 1308 361 1380; x_wconf 85' lang='lat' dir='ltr'>Nou</span> <span class='ocrx_word' id='word_1_79' title='bbox 377 1311 539 1401; x_wconf 81' lang='lat' dir='ltr'>equidem</span> <span class='ocrx_word' id='word_1_80' title='bbox 552 1311 618 1377; x_wconf 81' lang='lat' dir='ltr'>boc</span> <span class='ocrx_word' id='word_1_81' title='bbox 630 1308 783 1391; x_wconf 84' lang='lat' dir='ltr'>dubites,</span> <span class='ocrx_word' id='word_1_82' title='bbox 808 1311 991 1379; x_wconf 82' lang='lat' dir='ltr'>amborum</span> <span class='ocrx_word' id='word_1_83' title='bbox 1001 1308 1156 1401; x_wconf 81' lang='lat' dir='ltr'>foedere</span> <span class='ocrx_word' id='word_1_84' title='bbox 1170 1321 1246 1380; x_wconf 82' lang='lat' dir='ltr'>certo</span> 
     </span>
     <span class='ocr_line' id='line_1_12' title="bbox 37 1396 1246 1481; baseline -0.002 -14"><span class='ocrx_word' id='word_1_85' title='bbox 37 1418 40 1423; x_wconf 85' lang='lat'>&#39;</span> <span class='ocrx_word' id='word_1_86' title='bbox 118 1399 318 1467; x_wconf 80' lang='lat' dir='ltr'>Consentire</span> <span class='ocrx_word' id='word_1_87' title='bbox 335 1396 433 1481; x_wconf 73' lang='lat' dir='ltr'>dies]</span> <span class='ocrx_word' id='word_1_88' title='bbox 456 1399 497 1464; x_wconf 89' lang='lat' dir='ltr'>Ut</span> <span class='ocrx_word' id='word_1_89' title='bbox 509 1421 664 1464; x_wconf 89' lang='lat' dir='ltr'>summam</span> <span class='ocrx_word' id='word_1_90' title='bbox 675 1401 770 1463; x_wconf 74' lang='lat' dir='ltr'>anani</span> <span class='ocrx_word' id='word_1_91' title='bbox 784 1402 833 1465; x_wconf 89' lang='lat' dir='ltr'>sui</span> <span class='ocrx_word' id='word_1_92' title='bbox 848 1400 1098 1481; x_wconf 84' lang='lat' dir='ltr'>conjunctionem</span> <span class='ocrx_word' id='word_1_93' title='bbox 1110 1404 1180 1465; x_wconf 83' lang='lat' dir='ltr'>cum</span> <span class='ocrx_word' id='word_1_94' title='bbox 1191 1402 1246 1465; x_wconf 82' lang='lat' dir='ltr'>ani·</span> 
     </span>
     <span class='ocr_line' id='line_1_13' title="bbox 118 1480 1247 1572; baseline -0.003 -18"><span class='ocrx_word' id='word_1_95' title='bbox 118 1511 173 1554; x_wconf 88' lang='lat' dir='ltr'>mo</span> <span class='ocrx_word' id='word_1_96' title='bbox 197 1485 323 1551; x_wconf 79' lang='lat' dir='ltr'>cornuti</span> <span class='ocrx_word' id='word_1_97' title='bbox 338 1487 437 1567; x_wconf 83' lang='lat' dir='ltr'>magis</span> <span class='ocrx_word' id='word_1_98' title='bbox 455 1486 621 1572; x_wconf 79' lang='lat' dir='ltr'>exprimat,</span> <span class='ocrx_word' id='word_1_99' title='bbox 644 1488 721 1549; x_wconf 88' lang='lat' dir='ltr'>haec</span> <span class='ocrx_word' id='word_1_100' title='bbox 743 1485 816 1548; x_wconf 88' lang='lat' dir='ltr'>dicit</span> <span class='ocrx_word' id='word_1_101' title='bbox 829 1486 966 1551; x_wconf 85' lang='lat' dir='ltr'>Persius:</span> <span class='ocrx_word' id='word_1_102' title='bbox 986 1506 1053 1549; x_wconf 85' lang='lat' dir='ltr'>non</span> <span class='ocrx_word' id='word_1_103' title='bbox 1073 1486 1160 1551; x_wconf 77' lang='lat' dir='ltr'>eoba</span> <span class='ocrx_word' id='word_1_104' title='bbox 1174 1480 1247 1571; x_wconf 62' lang='lat' dir='ltr'>nobe</span> 
     </span>
     <span class='ocr_line' id='line_1_14' title="bbox 96 1567 1245 1659; baseline -0.002 -19"><span class='ocrx_word' id='word_1_105' title='bbox 96 1592 100 1599; x_wconf 85' lang='lat'>&#39;</span> <span class='ocrx_word' id='word_1_106' title='bbox 117 1570 158 1641; x_wconf 77' lang='lat' dir='ltr'>eti</span> <span class='ocrx_word' id='word_1_107' title='bbox 172 1567 275 1657; x_wconf 74' lang='grc' dir='ltr'><strong><em>ῥητόν</em></strong></span> <span class='ocrx_word' id='word_1_108' title='bbox 290 1582 321 1635; x_wconf 89' lang='lat' dir='ltr'>et</span> <span class='ocrx_word' id='word_1_109' title='bbox 333 1572 509 1658; x_wconf 87' lang='lat' dir='ltr'>simpliciter</span> <span class='ocrx_word' id='word_1_110' title='bbox 521 1573 597 1634; x_wconf 93' lang='lat' dir='ltr'>haec</span> <span class='ocrx_word' id='word_1_111' title='bbox 613 1582 684 1635; x_wconf 91' lang='lat' dir='ltr'>sunt</span> <span class='ocrx_word' id='word_1_112' title='bbox 694 1570 872 1658; x_wconf 84' lang='lat' dir='ltr'>accipienda</span> <span class='ocrx_word' id='word_1_113' title='bbox 880 1584 895 1653; x_wconf 83' lang='lat'>,&#39;</span> <span class='ocrx_word' id='word_1_114' title='bbox 910 1582 944 1634; x_wconf 90' lang='lat' dir='ltr'>ut</span> <span class='ocrx_word' id='word_1_115' title='bbox 955 1572 1117 1659; x_wconf 74' lang='lat' dir='ltr'>perinepte</span> <span class='ocrx_word' id='word_1_116' title='bbox 1126 1574 1245 1639; x_wconf 65' lang='lat' dir='ltr'>im</span> 
     </span>
     <span class='ocr_line' id='line_1_15' title="bbox 118 1656 1242 1749; baseline -0.004 -28"><span class='ocrx_word' id='word_1_117' title='bbox 118 1659 253 1749; x_wconf 88' lang='lat' dir='ltr'>quidam.</span> <span class='ocrx_word' id='word_1_118' title='bbox 295 1657 385 1744; x_wconf 73' lang='lat' dir='ltr'>Atqui</span> <span class='ocrx_word' id='word_1_119' title='bbox 400 1677 464 1720; x_wconf 87' lang='lat' dir='ltr'>non</span> <span class='ocrx_word' id='word_1_120' title='bbox 481 1658 566 1720; x_wconf 90' lang='lat' dir='ltr'>aliter</span> <span class='ocrx_word' id='word_1_121' title='bbox 583 1658 651 1744; x_wconf 88' lang='lat' dir='ltr'>capi</span> <span class='ocrx_word' id='word_1_122' title='bbox 665 1660 751 1721; x_wconf 89' lang='lat' dir='ltr'>locus</span> <span class='ocrx_word' id='word_1_123' title='bbox 766 1657 858 1721; x_wconf 87' lang='lat' dir='ltr'>debet</span> <span class='ocrx_word' id='word_1_124' title='bbox 872 1659 1006 1742; x_wconf 88' lang='lat' dir='ltr'>quamsi</span> <span class='ocrx_word' id='word_1_125' title='bbox 1024 1656 1109 1721; x_wconf 88' lang='lat' dir='ltr'>dicat</span> <span class='ocrx_word' id='word_1_126' title='bbox 1124 1656 1242 1727; x_wconf 65' lang='lat' dir='ltr'>lte-&#39;m</span> 
     </span>
     <span class='ocr_line' id='line_1_16' title="bbox 119 1736 1242 1829; baseline -0.002 -18"><span class='ocrx_word' id='word_1_127' title='bbox 119 1768 160 1811; x_wconf 84' lang='lat' dir='ltr'>ex</span> <span class='ocrx_word' id='word_1_128' title='bbox 175 1744 319 1809; x_wconf 89' lang='lat' dir='ltr'>omnibus</span> <span class='ocrx_word' id='word_1_129' title='bbox 334 1743 447 1813; x_wconf 84' lang='lat' dir='ltr'>caussis</span> <span class='ocrx_word' id='word_1_130' title='bbox 454 1762 586 1824; x_wconf 82' lang='lat' dir='ltr'>magnae</span> <span class='ocrx_word' id='word_1_131' title='bbox 600 1741 757 1823; x_wconf 83' lang='lat' dir='ltr'>cujusdam</span> <span class='ocrx_word' id='word_1_132' title='bbox 765 1763 800 1805; x_wconf 87' lang='lat' dir='ltr'>ac</span> <span class='ocrx_word' id='word_1_133' title='bbox 808 1746 961 1829; x_wconf 87' lang='lat' dir='ltr'>perfectae</span> <span class='ocrx_word' id='word_1_134' title='bbox 977 1743 1132 1807; x_wconf 75' lang='lat' dir='ltr'>amicitiae</span> <span class='ocrx_word' id='word_1_135' title='bbox 1142 1736 1165 1827; x_wconf 70' lang='lat' dir='ltr'>ri</span> <span class='ocrx_word' id='word_1_136' title='bbox 1177 1756 1242 1809; x_wconf 73' lang='lat' dir='ltr'>m</span> 
     </span>
     <span class='ocr_line' id='line_1_17' title="bbox 4 1826 1272 1915; baseline 0.003 -26"><span class='ocrx_word' id='word_1_137' title='bbox 4 1860 9 1889; x_wconf 81' lang='lat' dir='ltr'>t</span> <span class='ocrx_word' id='word_1_138' title='bbox 120 1828 238 1911; x_wconf 72' lang='lat' dir='ltr'>ucesiu</span> <span class='ocrx_word' id='word_1_139' title='bbox 254 1839 393 1893; x_wconf 87' lang='lat' dir='ltr'>censetur</span> <span class='ocrx_word' id='word_1_140' title='bbox 411 1826 601 1914; x_wconf 81' lang='lat' dir='ltr'>quomndam</span> <span class='ocrx_word' id='word_1_141' title='bbox 620 1827 733 1908; x_wconf 81' lang='lat' dir='ltr'>judicio</span> <span class='ocrx_word' id='word_1_142' title='bbox 756 1829 909 1893; x_wconf 67' lang='lat' dir='ltr'>mammas</span> <span class='ocrx_word' id='word_1_143' title='bbox 931 1827 1056 1915; x_wconf 88' lang='lat' dir='ltr'>quodsi</span> <span class='ocrx_word' id='word_1_144' title='bbox 1075 1828 1120 1893; x_wconf 89' lang='lat' dir='ltr'>ita</span> <span class='ocrx_word' id='word_1_145' title='bbox 1136 1838 1194 1911; x_wconf 85' lang='lat' dir='ltr'>est,</span> <span class='ocrx_word' id='word_1_146' title='bbox 1210 1830 1240 1893; x_wconf 82' lang='lat' dir='ltr'>al</span> <span class='ocrx_word' id='word_1_147' title='bbox 1268 1870 1272 1915; x_wconf 89' lang='lat'>:</span> 
     </span>
     <span class='ocr_line' id='line_1_18' title="bbox 118 1913 1280 2003; baseline -0.003 -21"><span class='ocrx_word' id='word_1_148' title='bbox 118 1917 237 1983; x_wconf 83' lang='lat' dir='ltr'>effectis</span> <span class='ocrx_word' id='word_1_149' title='bbox 253 1915 394 1996; x_wconf 79' lang='lat' dir='ltr'>colligere</span> <span class='ocrx_word' id='word_1_150' title='bbox 407 1914 672 2000; x_wconf 81' lang='lat' dir='ltr'>tuto&#39;possumus,</span> <span class='ocrx_word' id='word_1_151' title='bbox 695 1917 812 1977; x_wconf 86' lang='lat' dir='ltr'>occulta</span> <span class='ocrx_word' id='word_1_152' title='bbox 833 1913 942 1979; x_wconf 72' lang='lat' dir='ltr'>sidefis</span> <span class='ocrx_word' id='word_1_153' title='bbox 960 1915 1088 1995; x_wconf 83' lang='lat' dir='ltr'>alicujus</span> <span class='ocrx_word' id='word_1_154' title='bbox 1107 1924 1241 2003; x_wconf 61' lang='lat' dir='ltr'>potestis</span> <span class='ocrx_word' id='word_1_155' title='bbox 1277 1928 1280 1997; x_wconf 71' lang='grc' dir='ltr'>ξ</span> 
     </span>
     <span class='ocr_line' id='line_1_19' title="bbox 20 1996 1280 2086; baseline -0.002 -19"><span class='ocrx_word' id='word_1_156' title='bbox 20 2044 26 2055; x_wconf 81' lang='lat'>,</span> <span class='ocrx_word' id='word_1_157' title='bbox 119 2003 270 2067; x_wconf 82' lang='lat' dir='ltr'>coaluisse</span> <span class='ocrx_word' id='word_1_158' title='bbox 284 2002 365 2063; x_wconf 92' lang='lat' dir='ltr'>hanc</span> <span class='ocrx_word' id='word_1_159' title='bbox 377 2000 526 2062; x_wconf 77' lang='lat' dir='ltr'>internos</span> <span class='ocrx_word' id='word_1_160' title='bbox 540 2000 705 2062; x_wconf 78' lang='lat' dir='ltr'>amicitiam</span> <span class='ocrx_word' id='word_1_161' title='bbox 718 2011 834 2062; x_wconf 81' lang='lat' dir='ltr'>tantam</span> <span class='ocrx_word' id='word_1_162' title='bbox 848 1998 1136 2086; x_wconf 84' lang='lat' dir='ltr'>adeoquefirmam.</span> <span class='ocrx_word' id='word_1_163' title='bbox 1161 1996 1241 2079; x_wconf 83' lang='lat' dir='ltr'>Quot</span> <span class='ocrx_word' id='word_1_164' title='bbox 1270 2010 1280 2081; x_wconf 77' lang='lat'>2!</span> 
     </span>
     <span class='ocr_line' id='line_1_20' title="bbox 119 2082 1280 2173; baseline -0.001 -21"><span class='ocrx_word' id='word_1_165' title='bbox 119 2089 272 2153; x_wconf 79' lang='lat' dir='ltr'>amicitiae</span> <span class='ocrx_word' id='word_1_166' title='bbox 288 2086 448 2168; x_wconf 62' lang='lat' dir='ltr'>singalas</span> <span class='ocrx_word' id='word_1_167' title='bbox 468 2082 644 2149; x_wconf 86' lang='lat' dir='ltr'>caussame</span> <span class='ocrx_word' id='word_1_168' title='bbox 666 2083 801 2148; x_wconf 89' lang='lat' dir='ltr'>siderum</span> <span class='ocrx_word' id='word_1_169' title='bbox 826 2106 978 2149; x_wconf 90' lang='lat' dir='ltr'>consensu</span> <span class='ocrx_word' id='word_1_170' title='bbox 997 2087 1094 2167; x_wconf 76' lang='lat' dir='ltr'>vulgo</span> <span class='ocrx_word' id='word_1_171' title='bbox 1114 2096 1241 2173; x_wconf 72' lang='lat' dir='ltr'>peterent</span> <span class='ocrx_word' id='word_1_172' title='bbox 1277 2088 1280 2157; x_wconf 76' lang='lat' dir='ltr'>l</span> 
     </span>
     <span class='ocr_line' id='line_1_21' title="bbox 62 2166 1280 2307; baseline -0.007 -66"><span class='ocrx_word' id='word_1_173' title='bbox 62 2173 436 2242; x_wconf 74' lang='lat' dir='ltr'>aasefiamflebraeorum</span> <span class='ocrx_word' id='word_1_174' title='bbox 445 2166 649 2254; x_wconf 67' lang='grc' dir='ltr'><strong><em>παροιμιακὴ</em></strong></span> <span class='ocrx_word' id='word_1_175' title='bbox 662 2166 776 2234; x_wconf 86' lang='lat' dir='ltr'>locutio</span> <span class='ocrx_word' id='word_1_176' title='bbox 793 2181 932 2235; x_wconf 82' lang='lat' dir='ltr'>testatur:</span> <span class='ocrx_word' id='word_1_177' title='bbox 955 2192 1029 2234; x_wconf 87' lang='lat' dir='ltr'>nam</span> <span class='ocrx_word' id='word_1_178' title='bbox 1043 2174 1168 2237; x_wconf 86' lang='lat' dir='ltr'>cumali</span> <span class='ocrx_word' id='word_1_179' title='bbox 1273 2174 1280 2307; x_wconf 53' lang='lat' dir='ltr'>J</span> 
     </span>
     <span class='ocr_line' id='line_1_22' title="bbox 118 2192 1273 2343; baseline -0.003 -20"><span class='ocrx_word' id='word_1_180' title='bbox 118 2261 172 2323; x_wconf 90' lang='lat' dir='ltr'>alii</span> <span class='ocrx_word' id='word_1_181' title='bbox 191 2280 260 2322; x_wconf 91' lang='lat' dir='ltr'>esse</span> <span class='ocrx_word' id='word_1_182' title='bbox 281 2256 501 2320; x_wconf 76' lang='lat' dir='ltr'>amicissimam</span> <span class='ocrx_word' id='word_1_183' title='bbox 522 2257 693 2336; x_wconf 88' lang='lat' dir='ltr'>significare</span> <span class='ocrx_word' id='word_1_184' title='bbox 709 2259 830 2336; x_wconf 84' lang='lat' dir='ltr'>volunt,</span> <span class='ocrx_word' id='word_1_185' title='bbox 858 2254 962 2318; x_wconf 89' lang='lat' dir='ltr'>dicunt</span> <span class='ocrx_word' id='word_1_186' title='bbox 981 2253 1074 2339; x_wconf 60' lang='lat' dir='ltr'>abula</span> <span class='ocrx_word' id='word_1_187' title='bbox 1092 2264 1147 2319; x_wconf 80' lang='lat' dir='ltr'>est</span> <span class='ocrx_word' id='word_1_188' title='bbox 1158 2192 1243 2343; x_wconf 47' lang='grc' dir='ltr'>ἓν</span> <span class='ocrx_word' id='word_1_189' title='bbox 1267 2276 1273 2289; x_wconf 86' lang='grc'>’</span> 
     </span>
     <span class='ocr_line' id='line_1_23' title="bbox 117 2339 1245 2495; baseline -0.002 -88"><span class='ocrx_word' id='word_1_190' title='bbox 117 2342 244 2495; x_wconf 52' lang='lat' dir='ltr'>iffae</span> <span class='ocrx_word' id='word_1_191' title='bbox 264 2340 351 2427; x_wconf 81' lang='lat' dir='ltr'>ejus.</span> <span class='ocrx_word' id='word_1_192' title='bbox 394 2341 557 2407; x_wconf 87' lang='lat' dir='ltr'>Horatium</span> <span class='ocrx_word' id='word_1_193' title='bbox 579 2354 682 2405; x_wconf 88' lang='lat' dir='ltr'>autem</span> <span class='ocrx_word' id='word_1_194' title='bbox 703 2342 839 2411; x_wconf 80' lang='lat' dir='ltr'>imitatur</span> <span class='ocrx_word' id='word_1_195' title='bbox 854 2339 992 2424; x_wconf 80' lang='lat' dir='ltr'>Persius,</span> <span class='ocrx_word' id='word_1_196' title='bbox 1012 2355 1048 2406; x_wconf 88' lang='lat' dir='ltr'>ut</span> <span class='ocrx_word' id='word_1_197' title='bbox 1070 2342 1146 2409; x_wconf 86' lang='lat' dir='ltr'>alibi</span> <span class='ocrx_word' id='word_1_198' title='bbox 1160 2354 1245 2409; x_wconf 62' lang='lat' dir='ltr'>ostes</span> 
     </span>
     <span class='ocr_line' id='line_1_24' title="bbox 182 2450 231 2494; baseline 0 0"><span class='ocrx_word' id='word_1_199' title='bbox 182 2450 231 2494; x_wconf 82' lang='lat' dir='ltr'>us.</span> 
     </span>
     <span class='ocr_line' id='line_1_25' title="bbox 206 2502 1247 2599; baseline -0.002 -21"><span class='ocrx_word' id='word_1_200' title='bbox 206 2508 325 2579; x_wconf 80' lang='lat' dir='ltr'>Noae</span> <span class='ocrx_word' id='word_1_201' title='bbox 349 2502 467 2575; x_wconf 83' lang='lat' dir='ltr'>uidem</span> <span class='ocrx_word' id='word_1_202' title='bbox 487 2509 552 2576; x_wconf 78' lang='lat' dir='ltr'>leco</span> <span class='ocrx_word' id='word_1_203' title='bbox 572 2507 737 2593; x_wconf 70' lang='lat' dir='ltr'>dubites]</span> <span class='ocrx_word' id='word_1_204' title='bbox 768 2512 839 2576; x_wconf 91' lang='lat' dir='ltr'>Hoc</span> <span class='ocrx_word' id='word_1_205' title='bbox 859 2524 906 2578; x_wconf 88' lang='lat' dir='ltr'>est</span> <span class='ocrx_word' id='word_1_206' title='bbox 929 2512 1051 2595; x_wconf 86' lang='lat' dir='ltr'>credas,</span> <span class='ocrx_word' id='word_1_207' title='bbox 1074 2534 1126 2599; x_wconf 78' lang='grc' dir='ltr'>φα</span> <span class='ocrx_word' id='word_1_208' title='bbox 1196 2506 1247 2579; x_wconf 77' lang='lat' dir='ltr'>isc</span> 
     </span>
     <span class='ocr_line' id='line_1_26' title="bbox 17 2532 1247 2703; baseline -0.004 -36"><span class='ocrx_word' id='word_1_209' title='bbox 17 2660 19 2667; x_wconf 88' lang='grc'><em>,</em></span> <span class='ocrx_word' id='word_1_210' title='bbox 52 2596 56 2607; x_wconf 83' lang='grc'><em>’</em></span> <span class='ocrx_word' id='word_1_211' title='bbox 120 2621 199 2688; x_wconf 88' lang='lat' dir='ltr'>quae</span> <span class='ocrx_word' id='word_1_212' title='bbox 214 2532 362 2687; x_wconf 64' lang='lat' dir='ltr'>loquendi</span> <span class='ocrx_word' id='word_1_213' title='bbox 376 2617 487 2678; x_wconf 85' lang='lat' dir='ltr'>genera</span> <span class='ocrx_word' id='word_1_214' title='bbox 501 2620 566 2660; x_wconf 90' lang='lat' dir='ltr'>non</span> <span class='ocrx_word' id='word_1_215' title='bbox 579 2620 776 2685; x_wconf 83' lang='lat' dir='ltr'>usurpamus,</span> <span class='ocrx_word' id='word_1_216' title='bbox 802 2620 873 2661; x_wconf 88' lang='lat' dir='ltr'>cum</span> <span class='ocrx_word' id='word_1_217' title='bbox 890 2619 965 2663; x_wconf 86' lang='lat' dir='ltr'>vera</span> <span class='ocrx_word' id='word_1_218' title='bbox 987 2621 1038 2664; x_wconf 90' lang='lat' dir='ltr'>res</span> <span class='ocrx_word' id='word_1_219' title='bbox 1060 2612 1126 2679; x_wconf 88' lang='lat' dir='ltr'>est,</span> <span class='ocrx_word' id='word_1_220' title='bbox 1199 2618 1247 2703; x_wconf 55' lang='lat' dir='ltr'>aaa</span> 
     </span>
     <span class='ocr_line' id='line_1_27' title="bbox 120 2682 1250 2773; baseline -0.001 -23"><span class='ocrx_word' id='word_1_221' title='bbox 120 2686 295 2773; x_wconf 85' lang='lat' dir='ltr'>loquimur,</span> <span class='ocrx_word' id='word_1_222' title='bbox 317 2682 374 2748; x_wconf 87' lang='lat' dir='ltr'>sed</span> <span class='ocrx_word' id='word_1_223' title='bbox 389 2704 460 2745; x_wconf 93' lang='lat' dir='ltr'>cum</span> <span class='ocrx_word' id='word_1_224' title='bbox 474 2683 629 2747; x_wconf 86' lang='lat' dir='ltr'>simillima</span> <span class='ocrx_word' id='word_1_225' title='bbox 649 2705 742 2749; x_wconf 82' lang='lat' dir='ltr'>vero:</span> <span class='ocrx_word' id='word_1_226' title='bbox 769 2695 801 2747; x_wconf 91' lang='lat' dir='ltr'>at</span> <span class='ocrx_word' id='word_1_227' title='bbox 821 2682 946 2771; x_wconf 89' lang='lat' dir='ltr'>quidam</span> <span class='ocrx_word' id='word_1_228' title='bbox 964 2685 1147 2773; x_wconf 82' lang='lat' dir='ltr'>interpretes</span> <span class='ocrx_word' id='word_1_229' title='bbox 1160 2686 1200 2749; x_wconf 88' lang='lat' dir='ltr'>ita</span> <span class='ocrx_word' id='word_1_230' title='bbox 1212 2708 1250 2749; x_wconf 84' lang='lat' dir='ltr'>rr-</span> 
     </span>
     <span class='ocr_line' id='line_1_28' title="bbox 119 2766 1251 2858; baseline 0.002 -24"><span class='ocrx_word' id='word_1_231' title='bbox 119 2771 274 2858; x_wconf 79' lang='lat' dir='ltr'>terpretati</span> <span class='ocrx_word' id='word_1_232' title='bbox 290 2781 362 2834; x_wconf 89' lang='lat' dir='ltr'>sunt</span> <span class='ocrx_word' id='word_1_233' title='bbox 382 2768 468 2855; x_wconf 88' lang='lat' dir='ltr'>quasi</span> <span class='ocrx_word' id='word_1_234' title='bbox 480 2766 606 2832; x_wconf 80' lang='lat' dir='ltr'>credas</span> <span class='ocrx_word' id='word_1_235' title='bbox 623 2769 748 2833; x_wconf 84' lang='lat' dir='ltr'>dixisset</span> <span class='ocrx_word' id='word_1_236' title='bbox 762 2768 900 2849; x_wconf 80' lang='lat' dir='ltr'>Persius,</span> <span class='ocrx_word' id='word_1_237' title='bbox 924 2781 954 2832; x_wconf 90' lang='lat' dir='ltr'>et</span> <span class='ocrx_word' id='word_1_238' title='bbox 973 2793 1013 2834; x_wconf 89' lang='lat' dir='ltr'>ex</span> <span class='ocrx_word' id='word_1_239' title='bbox 1023 2772 1174 2836; x_wconf 87' lang='lat' dir='ltr'>sententia</span> <span class='ocrx_word' id='word_1_240' title='bbox 1187 2768 1251 2835; x_wconf 80' lang='lat' dir='ltr'>cor·</span> 
     </span>
     <span class='ocr_line' id='line_1_29' title="bbox 120 2854 1248 2946; baseline 0.002 -26"><span class='ocrx_word' id='word_1_241' title='bbox 120 2859 188 2920; x_wconf 90' lang='lat' dir='ltr'>nuti</span> <span class='ocrx_word' id='word_1_242' title='bbox 201 2859 278 2921; x_wconf 92' lang='lat' dir='ltr'>haec</span> <span class='ocrx_word' id='word_1_243' title='bbox 285 2856 425 2920; x_wconf 90' lang='lat' dir='ltr'>Persium</span> <span class='ocrx_word' id='word_1_244' title='bbox 440 2854 541 2919; x_wconf 90' lang='lat' dir='ltr'>dicere</span> <span class='ocrx_word' id='word_1_245' title='bbox 556 2855 753 2918; x_wconf 75' lang='lat' dir='ltr'>adnotaruntz</span> <span class='ocrx_word' id='word_1_246' title='bbox 776 2877 837 2942; x_wconf 90' lang='lat' dir='ltr'>quo</span> <span class='ocrx_word' id='word_1_247' title='bbox 849 2857 927 2918; x_wconf 89' lang='lat' dir='ltr'>nihil</span> <span class='ocrx_word' id='word_1_248' title='bbox 937 2858 1044 2921; x_wconf 85' lang='lat' dir='ltr'>falsius</span> <span class='ocrx_word' id='word_1_249' title='bbox 1057 2856 1135 2941; x_wconf 76' lang='lat' dir='ltr'>fingi</span> <span class='ocrx_word' id='word_1_250' title='bbox 1147 2866 1248 2946; x_wconf 81' lang='lat' dir='ltr'>potest:</span> 
     </span>
     <span class='ocr_line' id='line_1_30' title="bbox 120 2940 1277 3029; baseline -0.001 -22"><span class='ocrx_word' id='word_1_251' title='bbox 120 2943 248 3007; x_wconf 91' lang='lat' dir='ltr'>omnino</span> <span class='ocrx_word' id='word_1_252' title='bbox 266 2940 520 3005; x_wconf 81' lang='lat' dir='ltr'>absrudissimum</span> <span class='ocrx_word' id='word_1_253' title='bbox 534 2953 580 3004; x_wconf 90' lang='lat' dir='ltr'>est</span> <span class='ocrx_word' id='word_1_254' title='bbox 592 2943 634 3003; x_wconf 88' lang='lat' dir='ltr'>ita</span> <span class='ocrx_word' id='word_1_255' title='bbox 653 2944 731 3004; x_wconf 90' lang='lat' dir='ltr'>haec</span> <span class='ocrx_word' id='word_1_256' title='bbox 748 2942 884 3029; x_wconf 87' lang='lat' dir='ltr'>accipere</span> <span class='ocrx_word' id='word_1_257' title='bbox 908 2944 995 3028; x_wconf 86' lang='lat' dir='ltr'>quasi</span> <span class='ocrx_word' id='word_1_258' title='bbox 1059 2944 1171 3007; x_wconf 87' lang='lat' dir='ltr'>tuerint</span> <span class='ocrx_word' id='word_1_259' title='bbox 1184 2941 1247 3011; x_wconf 77' lang='lat' dir='ltr'>Gor-</span> <span class='ocrx_word' id='word_1_260' title='bbox 1272 2972 1277 3007; x_wconf 88' lang='lat'>:</span> 
     </span>
     <span class='ocr_line' id='line_1_31' title="bbox 117 3025 1280 3113; baseline 0.001 -21"><span class='ocrx_word' id='word_1_261' title='bbox 117 3041 210 3093; x_wconf 82' lang='lat' dir='ltr'>uatus</span> <span class='ocrx_word' id='word_1_262' title='bbox 224 3039 255 3091; x_wconf 92' lang='lat' dir='ltr'>et</span> <span class='ocrx_word' id='word_1_263' title='bbox 270 3027 411 3107; x_wconf 89' lang='lat' dir='ltr'>Persius,</span> <span class='ocrx_word' id='word_1_264' title='bbox 434 3028 486 3113; x_wconf 89' lang='lat' dir='ltr'>qui</span> <span class='ocrx_word' id='word_1_265' title='bbox 507 3027 614 3090; x_wconf 88' lang='lat' dir='ltr'>aetatis</span> <span class='ocrx_word' id='word_1_266' title='bbox 634 3025 772 3091; x_wconf 77' lang='lat' dir='ltr'>diversae</span> <span class='ocrx_word' id='word_1_267' title='bbox 789 3030 926 3107; x_wconf 85' lang='lat' dir='ltr'>suerunt,</span> <span class='ocrx_word' id='word_1_268' title='bbox 957 3048 1017 3091; x_wconf 91' lang='lat' dir='ltr'>eun</span> <span class='ocrx_word' id='word_1_269' title='bbox 1042 3030 1247 3099; x_wconf 81' lang='lat' dir='ltr'>emborosco-</span> <span class='ocrx_word' id='word_1_270' title='bbox 1268 3030 1280 3053; x_wconf 85' lang='lat'>&#39;¹</span> 
     </span>
     <span class='ocr_line' id='line_1_32' title="bbox 14 3110 1245 3199; baseline -0.001 -21"><span class='ocrx_word' id='word_1_271' title='bbox 14 3126 16 3131; x_wconf 86' lang='lat'>&#39;</span> <span class='ocrx_word' id='word_1_272' title='bbox 139 3137 194 3178; x_wconf 91' lang='lat' dir='ltr'>um</span> <span class='ocrx_word' id='word_1_273' title='bbox 206 3115 339 3177; x_wconf 87' lang='lat' dir='ltr'>habere:</span> <span class='ocrx_word' id='word_1_274' title='bbox 362 3133 436 3175; x_wconf 90' lang='lat' dir='ltr'>nam</span> <span class='ocrx_word' id='word_1_275' title='bbox 453 3124 528 3198; x_wconf 93' lang='lat' dir='ltr'>quot</span> <span class='ocrx_word' id='word_1_276' title='bbox 541 3113 670 3176; x_wconf 79' lang='lat' dir='ltr'>saecrrlis</span> <span class='ocrx_word' id='word_1_277' title='bbox 686 3134 763 3199; x_wconf 89' lang='lat' dir='ltr'>opus</span> <span class='ocrx_word' id='word_1_278' title='bbox 777 3113 883 3192; x_wconf 84' lang='lat' dir='ltr'>fuerit,</span> <span class='ocrx_word' id='word_1_279' title='bbox 904 3124 938 3174; x_wconf 91' lang='lat' dir='ltr'>ut</span> <span class='ocrx_word' id='word_1_280' title='bbox 951 3110 1039 3177; x_wconf 87' lang='lat' dir='ltr'>fleret</span> <span class='ocrx_word' id='word_1_281' title='bbox 1057 3114 1201 3187; x_wconf 76' lang='lat' dir='ltr'>omnium-</span> <span class='ocrx_word' id='word_1_282' title='bbox 1211 3114 1245 3177; x_wconf 84' lang='lat' dir='ltr'>ri-</span> 
     </span>
     <span class='ocr_line' id='line_1_33' title="bbox 117 3136 842 3285; baseline -0.006 -21"><span class='ocrx_word' id='word_1_283' title='bbox 117 3136 226 3264; x_wconf 68' lang='lat' dir='ltr'>derem</span> <span class='ocrx_word' id='word_1_284' title='bbox 237 3201 271 3262; x_wconf 92' lang='lat' dir='ltr'>in</span> <span class='ocrx_word' id='word_1_285' title='bbox 288 3198 374 3262; x_wconf 91' lang='lat' dir='ltr'>idem</span> <span class='ocrx_word' id='word_1_286' title='bbox 390 3210 538 3285; x_wconf 90' lang='lat' dir='ltr'>punctum</span> <span class='ocrx_word' id='word_1_287' title='bbox 552 3193 842 3274; x_wconf 68' lang='lat' dir='ltr'>duouucciowocci</span> 
     </span>
     <span class='ocr_line' id='line_1_34' title="bbox 204 3278 1241 3373; baseline 0 -23"><span class='ocrx_word' id='word_1_288' title='bbox 204 3286 257 3351; x_wconf 79' lang='lat'>46.</span> <span class='ocrx_word' id='word_1_289' title='bbox 283 3281 486 3347; x_wconf 78' lang='lat' dir='ltr'>Consentire</span> <span class='ocrx_word' id='word_1_290' title='bbox 504 3281 601 3364; x_wconf 80' lang='lat' dir='ltr'>diea]</span> <span class='ocrx_word' id='word_1_291' title='bbox 623 3280 670 3347; x_wconf 89' lang='lat' dir='ltr'>I-ta</span> <span class='ocrx_word' id='word_1_292' title='bbox 685 3305 794 3347; x_wconf 91' lang='lat' dir='ltr'>omnes</span> <span class='ocrx_word' id='word_1_293' title='bbox 809 3281 946 3364; x_wconf 91' lang='lat' dir='ltr'>codices,</span> <span class='ocrx_word' id='word_1_294' title='bbox 968 3305 1035 3347; x_wconf 87' lang='lat' dir='ltr'>non</span> <span class='ocrx_word' id='word_1_295' title='bbox 1048 3278 1151 3369; x_wconf 77' lang='lat' dir='ltr'>deos,</span> <span class='ocrx_word' id='word_1_296' title='bbox 1173 3282 1241 3373; x_wconf 66' lang='grc' dir='ltr'>(μδ</span> 
     </span>
     <span class='ocr_line' id='line_1_35' title="bbox 117 3369 1229 3455; baseline -0.001 -23"><span class='ocrx_word' id='word_1_297' title='bbox 117 3370 248 3433; x_wconf 84' lang='lat' dir='ltr'>affenmt</span> <span class='ocrx_word' id='word_1_298' title='bbox 262 3370 413 3432; x_wconf 89' lang='lat' dir='ltr'>nonnulli:</span> <span class='ocrx_word' id='word_1_299' title='bbox 438 3371 520 3455; x_wconf 87' lang='lat' dir='ltr'>atqui</span> <span class='ocrx_word' id='word_1_300' title='bbox 535 3373 670 3433; x_wconf 84' lang='lat' dir='ltr'>confutat</span> <span class='ocrx_word' id='word_1_301' title='bbox 684 3370 805 3434; x_wconf 86' lang='lat' dir='ltr'>Persius</span> <span class='ocrx_word' id='word_1_302' title='bbox 816 3369 929 3445; x_wconf 80' lang='lat' dir='ltr'>statim,</span> <span class='ocrx_word' id='word_1_303' title='bbox 1225 3370 1229 3391; x_wconf 96' lang='lat'>&#39;</span> 
     </span>
     <span class='ocr_line' id='line_1_36' title="bbox 202 3450 1053 3541; baseline 0.002 -23"><span class='ocrx_word' id='word_1_304' title='bbox 202 3450 341 3525; x_wconf 83' lang='lat' dir='ltr'>Nostra</span> <span class='ocrx_word' id='word_1_305' title='bbox 352 3451 408 3518; x_wconf 82' lang='lat' dir='ltr'>vel</span> <span class='ocrx_word' id='word_1_306' title='bbox 420 3455 560 3541; x_wconf 79' lang='lat' dir='ltr'>aequali</span> <span class='ocrx_word' id='word_1_307' title='bbox 573 3453 753 3540; x_wconf 81' lang='lat' dir='ltr'>suspendit</span> <span class='ocrx_word' id='word_1_308' title='bbox 766 3466 924 3539; x_wconf 85' lang='lat' dir='ltr'>tempora</span> <span class='ocrx_word' id='word_1_309' title='bbox 940 3450 1053 3521; x_wconf 82' lang='lat' dir='ltr'>libra:</span> 
     </span>
     <span class='ocr_line' id='line_1_37' title="bbox 117 3535 1240 3628; baseline 0.007 -26"><span class='ocrx_word' id='word_1_310' title='bbox 117 3537 200 3626; x_wconf 91' lang='lat' dir='ltr'>quod</span> <span class='ocrx_word' id='word_1_311' title='bbox 220 3540 290 3602; x_wconf 89' lang='lat' dir='ltr'>heic</span> <span class='ocrx_word' id='word_1_312' title='bbox 304 3535 396 3618; x_wconf 85' lang='lat' dir='ltr'>dies,</span> <span class='ocrx_word' id='word_1_313' title='bbox 417 3538 462 3602; x_wconf 92' lang='lat' dir='ltr'>ibi</span> <span class='ocrx_word' id='word_1_314' title='bbox 482 3539 559 3602; x_wconf 82' lang='lat' dir='ltr'>dixit</span> <span class='ocrx_word' id='word_1_315' title='bbox 582 3549 750 3628; x_wconf 81' lang='lat' dir='ltr'>tempora.</span> <span class='ocrx_word' id='word_1_316' title='bbox 799 3539 944 3622; x_wconf 83' lang='lat' dir='ltr'>intelligit</span> <span class='ocrx_word' id='word_1_317' title='bbox 958 3544 1140 3609; x_wconf 64' lang='lat' dir='ltr'>misenam</span> <span class='ocrx_word' id='word_1_318' title='bbox 1152 3540 1240 3617; x_wconf 75' lang='lat' dir='ltr'>vitam,</span> 
     </span>
     <span class='ocr_line' id='line_1_38' title="bbox 117 3624 1241 3727; baseline 0.008 -39"><span class='ocrx_word' id='word_1_319' title='bbox 117 3629 202 3706; x_wconf 89' lang='lat' dir='ltr'>cujus</span> <span class='ocrx_word' id='word_1_320' title='bbox 214 3625 392 3727; x_wconf 66' lang='lat' dir='ltr'>praecipuas</span> <span class='ocrx_word' id='word_1_321' title='bbox 406 3637 506 3711; x_wconf 88' lang='lat' dir='ltr'>partes</span> <span class='ocrx_word' id='word_1_322' title='bbox 525 3624 675 3695; x_wconf 83' lang='lat' dir='ltr'>sideribus</span> <span class='ocrx_word' id='word_1_323' title='bbox 693 3628 818 3708; x_wconf 82' lang='lat' dir='ltr'>alligant</span> <span class='ocrx_word' id='word_1_324' title='bbox 829 3629 1058 3709; x_wconf 85' lang='lat' dir='ltr'>mathematici,</span> <span class='ocrx_word' id='word_1_325' title='bbox 1080 3630 1241 3712; x_wconf 55' lang='lat' dir='ltr'>genituram,</span> 
     </span>
     <span class='ocr_line' id='line_1_39' title="bbox 116 3704 1239 3794; baseline 0 -20"><span class='ocrx_word' id='word_1_326' title='bbox 116 3723 235 3792; x_wconf 90' lang='lat' dir='ltr'>ortum,</span> <span class='ocrx_word' id='word_1_327' title='bbox 259 3711 448 3793; x_wconf 63' lang='lat' dir='ltr'>conjugium,</span> <span class='ocrx_word' id='word_1_328' title='bbox 477 3706 695 3794; x_wconf 74' lang='grc' dir='ltr'>ἐπιτήδευμα,</span> <span class='ocrx_word' id='word_1_329' title='bbox 716 3704 845 3776; x_wconf 80' lang='lat' dir='ltr'>adversa</span> <span class='ocrx_word' id='word_1_330' title='bbox 862 3724 915 3775; x_wconf 87' lang='lat' dir='ltr'>aut</span> <span class='ocrx_word' id='word_1_331' title='bbox 934 3714 1033 3794; x_wconf 85' lang='lat' dir='ltr'>laeta,</span> <span class='ocrx_word' id='word_1_332' title='bbox 1048 3711 1239 3791; x_wconf 79' lang='lat' dir='ltr'>mortcmcir</span> 
     </span>
     <span class='ocr_line' id='line_1_40' title="bbox 112 3797 1239 3886; baseline 0.002 -25"><span class='ocrx_word' id='word_1_333' title='bbox 112 3797 164 3861; x_wconf 88' lang='lat' dir='ltr'>his</span> <span class='ocrx_word' id='word_1_334' title='bbox 184 3797 328 3860; x_wconf 87' lang='lat' dir='ltr'>omnibus</span> <span class='ocrx_word' id='word_1_335' title='bbox 349 3797 560 3882; x_wconf 88' lang='lat' dir='ltr'>similibusque</span> <span class='ocrx_word' id='word_1_336' title='bbox 586 3798 652 3863; x_wconf 89' lang='lat' dir='ltr'>aliis</span> <span class='ocrx_word' id='word_1_337' title='bbox 678 3799 849 3862; x_wconf 87' lang='lat' dir='ltr'>consentire</span> <span class='ocrx_word' id='word_1_338' title='bbox 875 3810 998 3886; x_wconf 87' lang='lat' dir='ltr'>oportet</span> <span class='ocrx_word' id='word_1_339' title='bbox 1021 3821 1097 3881; x_wconf 81' lang='lat' dir='ltr'>eos,</span> <span class='ocrx_word' id='word_1_340' title='bbox 1169 3816 1239 3863; x_wconf 78' lang='lat' dir='ltr'>omn</span> 
     </span>
     <span class='ocr_line' id='line_1_41' title="bbox 115 3822 1238 3970; baseline 0.003 -26"><span class='ocrx_word' id='word_1_341' title='bbox 115 3883 308 3945; x_wconf 88' lang='lat' dir='ltr'>consentiunt</span> <span class='ocrx_word' id='word_1_342' title='bbox 326 3880 393 3945; x_wconf 88' lang='lat' dir='ltr'>dies</span> <span class='ocrx_word' id='word_1_343' title='bbox 409 3884 460 3945; x_wconf 80' lang='lat' dir='ltr'>vel</span> <span class='ocrx_word' id='word_1_344' title='bbox 474 3894 539 3945; x_wconf 91' lang='lat' dir='ltr'>tem</span> <span class='ocrx_word' id='word_1_345' title='bbox 560 3905 630 3962; x_wconf 87' lang='lat' dir='ltr'>ora,</span> <span class='ocrx_word' id='word_1_346' title='bbox 652 3896 686 3946; x_wconf 92' lang='lat' dir='ltr'>ut</span> <span class='ocrx_word' id='word_1_347' title='bbox 700 3884 770 3947; x_wconf 90' lang='lat' dir='ltr'>heic</span> <span class='ocrx_word' id='word_1_348' title='bbox 787 3885 921 3970; x_wconf 89' lang='lat' dir='ltr'>loquitur</span> <span class='ocrx_word' id='word_1_349' title='bbox 929 3882 1067 3951; x_wconf 82' lang='lat' dir='ltr'>Persius.</span> <span class='ocrx_word' id='word_1_350' title='bbox 1110 3822 1238 3969; x_wconf 44' lang='grc' dir='ltr'>[ΨΜ</span> 
     </span>
     <span class='ocr_line' id='line_1_42' title="bbox 114 3904 810 4059; baseline 0.003 -28"><span class='ocrx_word' id='word_1_351' title='bbox 114 3965 240 4059; x_wconf 56' lang='lat' dir='ltr'>Earum.</span> <span class='ocrx_word' id='word_1_352' title='bbox 266 3965 306 4030; x_wconf 87' lang='lat' dir='ltr'>ad</span> <span class='ocrx_word' id='word_1_353' title='bbox 328 3968 435 4029; x_wconf 87' lang='lat' dir='ltr'>Horat.</span> <span class='ocrx_word' id='word_1_354' title='bbox 457 3965 521 4031; x_wconf 89' lang='lat' dir='ltr'>Od.</span> <span class='ocrx_word' id='word_1_355' title='bbox 538 3904 584 4047; x_wconf 77' lang='lat' dir='ltr'>il,</span> <span class='ocrx_word' id='word_1_356' title='bbox 604 3975 652 4048; x_wconf 85' lang='lat'>17,</span> <span class='ocrx_word' id='word_1_357' title='bbox 671 3975 719 4034; x_wconf 80' lang='lat' dir='ltr'>tt.</span> <span class='ocrx_word' id='word_1_358' title='bbox 742 3968 810 4050; x_wconf 77' lang='lat' dir='ltr'>Pe]</span> 
     </span>
     <span class='ocr_line' id='line_1_43' title="bbox 109 4048 1236 4147; baseline 0.002 -31"><span class='ocrx_word' id='word_1_359' title='bbox 109 4078 112 4083; x_wconf 94' lang='lat'>·</span> <span class='ocrx_word' id='word_1_360' title='bbox 198 4052 250 4118; x_wconf 81' lang='lat'>47.</span> <span class='ocrx_word' id='word_1_361' title='bbox 273 4048 410 4117; x_wconf 85' lang='lat' dir='ltr'>Nostra</span> <span class='ocrx_word' id='word_1_362' title='bbox 420 4050 478 4116; x_wconf 77' lang='lat' dir='ltr'>vel</span> <span class='ocrx_word' id='word_1_363' title='bbox 490 4052 633 4147; x_wconf 81' lang='lat' dir='ltr'>aequali</span> <span class='ocrx_word' id='word_1_364' title='bbox 645 4052 822 4140; x_wconf 81' lang='lat' dir='ltr'>suspendit</span> <span class='ocrx_word' id='word_1_365' title='bbox 832 4063 994 4142; x_wconf 78' lang='lat' dir='ltr'>tempora</span> <span class='ocrx_word' id='word_1_366' title='bbox 1007 4052 1123 4121; x_wconf 82' lang='lat' dir='ltr'>Libra</span> <span class='ocrx_word' id='word_1_367' title='bbox 1135 4054 1236 4123; x_wconf 75' lang='lat' dir='ltr'>Parca</span> 
     </span>
     <span class='ocr_line' id='line_1_44' title="bbox 113 4135 1236 4226; baseline 0.004 -24"><span class='ocrx_word' id='word_1_368' title='bbox 113 4145 218 4202; x_wconf 82' lang='lat' dir='ltr'>tenax</span> <span class='ocrx_word' id='word_1_369' title='bbox 237 4135 342 4217; x_wconf 75' lang='lat' dir='ltr'>veri]</span> <span class='ocrx_word' id='word_1_370' title='bbox 364 4137 470 4202; x_wconf 90' lang='lat' dir='ltr'>Plures</span> <span class='ocrx_word' id='word_1_371' title='bbox 492 4152 562 4201; x_wconf 90' lang='lat' dir='ltr'>sunt</span> <span class='ocrx_word' id='word_1_372' title='bbox 582 4141 840 4220; x_wconf 87' lang='lat' dir='ltr'>constellationes,</span> <span class='ocrx_word' id='word_1_373' title='bbox 863 4162 941 4226; x_wconf 88' lang='lat' dir='ltr'>quae</span> <span class='ocrx_word' id='word_1_374' title='bbox 956 4140 1037 4205; x_wconf 86' lang='lat' dir='ltr'>inter</span> <span class='ocrx_word' id='word_1_375' title='bbox 1057 4165 1095 4207; x_wconf 77' lang='lat' dir='ltr'>ss</span> <span class='ocrx_word' id='word_1_376' title='bbox 1114 4141 1236 4207; x_wconf 71' lang='lat' dir='ltr'>homno</span> 
     </span>
     <span class='ocr_line' id='line_1_45' title="bbox 66 4221 1235 4312; baseline 0.003 -28"><span class='ocrx_word' id='word_1_377' title='bbox 66 4244 68 4251; x_wconf 58' lang='lat'><strong><em>⁴</em></strong></span> <span class='ocrx_word' id='word_1_378' title='bbox 113 4225 258 4304; x_wconf 84' lang='lat' dir='ltr'>jungunt,</span> <span class='ocrx_word' id='word_1_379' title='bbox 279 4221 336 4286; x_wconf 89' lang='lat' dir='ltr'>sed</span> <span class='ocrx_word' id='word_1_380' title='bbox 350 4221 511 4286; x_wconf 86' lang='lat' dir='ltr'>duaeillae</span> <span class='ocrx_word' id='word_1_381' title='bbox 522 4226 716 4311; x_wconf 85' lang='lat' dir='ltr'>praecipuae,</span> <span class='ocrx_word' id='word_1_382' title='bbox 738 4248 866 4312; x_wconf 89' lang='lat' dir='ltr'>quarum</span> <span class='ocrx_word' id='word_1_383' title='bbox 883 4227 952 4289; x_wconf 88' lang='lat' dir='ltr'>heic</span> <span class='ocrx_word' id='word_1_384' title='bbox 972 4228 1007 4290; x_wconf 86' lang='lat' dir='ltr'>fit</span> <span class='ocrx_word' id='word_1_385' title='bbox 1026 4228 1164 4294; x_wconf 83' lang='lat' dir='ltr'>mentio:</span> <span class='ocrx_word' id='word_1_386' title='bbox 1183 4242 1235 4288; x_wconf 81' lang='lat' dir='ltr'>cum</span> 
     </span>
     <span class='ocr_line' id='line_1_46' title="bbox 61 4305 1236 4393; baseline 0 -20"><span class='ocrx_word' id='word_1_387' title='bbox 61 4312 178 4378; x_wconf 75' lang='lat' dir='ltr'>ssfisub</span> <span class='ocrx_word' id='word_1_388' title='bbox 192 4305 306 4371; x_wconf 87' lang='lat' dir='ltr'>eodem</span> <span class='ocrx_word' id='word_1_389' title='bbox 319 4308 429 4371; x_wconf 85' lang='lat' dir='ltr'>Librae</span> <span class='ocrx_word' id='word_1_390' title='bbox 445 4309 532 4388; x_wconf 85' lang='lat' dir='ltr'>signo</span> <span class='ocrx_word' id='word_1_391' title='bbox 546 4322 724 4390; x_wconf 89' lang='lat' dir='ltr'>nascuntur,</span> <span class='ocrx_word' id='word_1_392' title='bbox 747 4323 798 4374; x_wconf 87' lang='lat' dir='ltr'>aut</span> <span class='ocrx_word' id='word_1_393' title='bbox 810 4315 868 4376; x_wconf 90' lang='lat' dir='ltr'>sub</span> <span class='ocrx_word' id='word_1_394' title='bbox 884 4309 1043 4377; x_wconf 83' lang='lat' dir='ltr'>Geminis:</span> <span class='ocrx_word' id='word_1_395' title='bbox 1064 4314 1099 4377; x_wconf 84' lang='lat' dir='ltr'>id</span> <span class='ocrx_word' id='word_1_396' title='bbox 1110 4326 1165 4393; x_wconf 84' lang='lat' dir='ltr'>est,</span> <span class='ocrx_word' id='word_1_397' title='bbox 1182 4326 1236 4373; x_wconf 78' lang='lat' dir='ltr'>erm</span> 
     </span>
     <span class='ocr_line' id='line_1_47' title="bbox 114 4390 1236 4497; baseline 0.01 -39"><span class='ocrx_word' id='word_1_398' title='bbox 114 4395 225 4497; x_wconf 70' lang='lat' dir='ltr'>pariter</span> <span class='ocrx_word' id='word_1_399' title='bbox 234 4404 305 4456; x_wconf 87' lang='lat' dir='ltr'>sunt</span> <span class='ocrx_word' id='word_1_400' title='bbox 318 4394 370 4457; x_wconf 76' lang='lat' dir='ltr'>vel</span> <span class='ocrx_word' id='word_1_401' title='bbox 385 4390 535 4475; x_wconf 62' lang='lat' dir='ltr'>{uysuvol</span> <span class='ocrx_word' id='word_1_402' title='bbox 548 4396 599 4459; x_wconf 83' lang='lat' dir='ltr'>vel</span> <span class='ocrx_word' id='word_1_403' title='bbox 615 4395 807 4480; x_wconf 75' lang='lat' dir='ltr'>deduucuvot</span> <span class='ocrx_word' id='word_1_404' title='bbox 814 4418 824 4461; x_wconf 78' lang='lat' dir='ltr'>t</span> <span class='ocrx_word' id='word_1_405' title='bbox 846 4399 890 4463; x_wconf 88' lang='lat' dir='ltr'>sic</span> <span class='ocrx_word' id='word_1_406' title='bbox 903 4398 990 4461; x_wconf 90' lang='lat' dir='ltr'>enim</span> <span class='ocrx_word' id='word_1_407' title='bbox 1003 4411 1121 4463; x_wconf 80' lang='lat' dir='ltr'>vocant</span> <span class='ocrx_word' id='word_1_408' title='bbox 1133 4393 1236 4469; x_wconf 66' lang='lat' dir='ltr'>Gaas</span> 
     </span>
     <span class='ocr_line' id='line_1_48' title="bbox 45 4475 1236 4569; baseline 0.006 -26"><span class='ocrx_word' id='word_1_409' title='bbox 45 4490 158 4564; x_wconf 62' lang='lat' dir='ltr'>(lmus</span> <span class='ocrx_word' id='word_1_410' title='bbox 173 4478 319 4543; x_wconf 81' lang='lat' dir='ltr'>dicuntru</span> <span class='ocrx_word' id='word_1_411' title='bbox 332 4479 383 4541; x_wconf 87' lang='lat' dir='ltr'>alii</span> <span class='ocrx_word' id='word_1_412' title='bbox 402 4475 550 4563; x_wconf 73' lang='lat' dir='ltr'>uocaret,</span> <span class='ocrx_word' id='word_1_413' title='bbox 572 4480 764 4566; x_wconf 76' lang='lat' dir='ltr'>cuvocevol,</span> <span class='ocrx_word' id='word_1_414' title='bbox 786 4480 1007 4569; x_wconf 68' lang='lat' dir='ltr'>suosmet,</span> <span class='ocrx_word' id='word_1_415' title='bbox 1028 4496 1062 4549; x_wconf 92' lang='lat' dir='ltr'>et</span> <span class='ocrx_word' id='word_1_416' title='bbox 1074 4478 1236 4551; x_wconf 68' lang='lat' dir='ltr'>amasia</span> 
     </span>
    </p>
   </div>
   <div class='ocr_carea' id='block_1_3' title="bbox 0 0 1354 4972">
    <p class='ocr_par' dir='ltr' id='par_1_3' title="bbox 0 0 1354 4972">
     <span class='ocr_line' id='line_1_49' title="bbox 0 0 1354 4972; baseline 0 3"><span class='ocrx_word' id='word_1_417' title='bbox 0 0 1354 4972; x_wconf 95' lang='lat' dir='ltr'> </span> 
     </span>
    </p>
   </div>
  </div>
 </body>
</html>
