2700 4972
178 394 182 403 ,
317 323 563 391 inurunt
592 321 656 391 or
688 274 1068 395 contelerunt
1181 340 1247 405 aaa

202 496 236 561 Ρ.
258 498 309 576 53,
332 498 354 560 l.
363 495 393 564 4.
418 516 494 561 corr.
514 489 710 582 pastoritia.
727 531 767 543 -
788 494 836 559 tt
849 517 881 561 v.
898 502 946 579 20
965 498 1047 565 adde
1066 503 1171 571 locum
1181 508 1246 592 Ly.

113 582 149 645 di
171 581 211 646 de
231 584 365 664 magistr.
388 580 420 662 l,
443 587 502 647 19:
539 582 565 644 l
585 580 658 644 Tito
680 580 771 644 Tatio
797 581 917 659 Τίτους
947 580 1146 675 (ἐκάλεσαν)
1165 591 1247 674 τούς

111 665 152 735 ἐκ
170 665 348 753 προγόνων
363 663 514 750 εὐγενεῖς,
533 662 579 744 ὥς
597 679 680 750 φησι
704 665 847 749 Πέρσιος
869 663 888 734 ὁ
906 665 1078 752 Ῥωμαῖος.

120 788 124 793 ·
201 755 235 819 Ρ.
256 756 297 821 54
318 756 351 816 in
372 754 460 816 tertio
482 755 551 815 loco
573 753 723 817 Plutarch.
744 775 818 816 corr.
842 749 1002 837 βρόμους.
1046 760 1154 824 Paullo
1173 778 1246 850 post
1311 824 1314 829 ,

111 838 293 903 addendum
315 850 396 916 erat,
431 840 560 903 vocibus
582 837 743 901 carmina
768 836 924 903 lumbum
938 841 1084 909 'intrant
1109 858 1140 910 et
1160 870 1245 938 seqq.

111 948 179 988 non
200 926 361 1006 significari
387 925 534 989 obscoeni
561 925 731 1005 argumenti
748 926 898 1006 carmina,
934 940 968 990 ut
997 928 1127 996 Casaub.
1149 935 1246 1007 inter-

110 1024 247 1097 pretatus
270 1024 333 1091 est,
354 1008 412 1075 sed
431 1011 629 1096 voluptatise
651 1011 739 1072 molli
767 1013 901 1074 carmine
920 1028 1082 1101 perceptae
1098 1019 1246 1085 titillatio-

110 1119 187 1160 nom
207 1096 390 1160 libidinosae
409 1107 440 1158 et
458 1099 631 1159 obscoenae
651 1097 792 1160 similem.
841 1094 929 1161 Bene
956 1098 1091 1169 Sinner.:
1117 1104 1246 1195 lorsqu’

109 1203 160 1246 un
182 1203 260 1247 vero
281 1180 332 1245 leo
355 1178 555 1245 chulouille.
849 1186 852 1191 '

198 1268 232 1331 Ρ.
254 1269 297 1332 57
329 1266 422 1333 adv.
444 1271 496 1333 23.
526 1262 589 1327 Sin
620 1260 662 1327 de
691 1262 846 1329 scabioso
875 1267 1003 1352 malis]
1055 1271 1148 1338 tddtt
1175 1273 1244 1345 H..·¹
1281 1288 1295 1311 ⁸

108 1354 202 1434 „Hoc
222 1354 344 1434 malim,
381 1365 415 1416 ut
443 1350 483 1414 de
512 1350 639 1414 laudum
666 1362 697 1413 et
731 1352 878 1433 gloriolae
908 1358 1022 1440 pruritu
1050 1358 1241 1442 intelligatur.

108 1437 298 1525 Quanquam
324 1451 355 1502 et
381 1437 421 1502 de
447 1438 497 1501 siti
523 1436 651 1499 laudum
678 1440 758 1500 sumi
786 1451 896 1523 potest.
957 1441 1113 1509 Siticulosi
1138 1461 1242 1514 autem

106 1524 298 1622 hydropes.“
341 1520 404 1588 G..·
445 1522 514 1605 „An
541 1530 619 1587 cute
643 1520 803 1608 perditus
829 1537 875 1588 est
902 1526 1102 1611 intercutitus‚
1138 1538 1241 1619 pathi.

109 1632 179 1675 cus:
212 1619 301 1674 mter
323 1618 437 1685 cutem
449 1605 639 1757 {lagitatoe
660 1607 802 1673 dicebant
828 1611 943 1697 antiqui
964 1635 1063 1678 mares
1099 1621 1150 1704 qui
1171 1610 1243 1684 hta.

105 1692 951 1868 ltlmrtt'ththttfflatttal.Ftltltltll
958 1696 1127 1870 iiiiii&
1162 1706 1241 1855 ..tt

107 1874 168 1931 tor
190 1862 209 1933 ὁ
231 1862 483 1950 γυναικομανὴς
504 1863 602 1928 dictus
623 1865 700 1928 est.“

192 1952 227 2019 P.
248 1960 289 2022 61
311 1965 382 2038 post
402 1950 486 2015 med.
507 1950 658 2015 Eustathii
677 1952 765 2014 locus
792 1962 839 2015 est
866 1949 907 2014 ad
927 1950 1015 2018 lliad.
1033 1960 1080 2037 N,
1102 1961 1183 2040 866,
1205 1985 1239 2048 p.

104 2042 188 2117 987,
211 2030 253 2105 57
275 2050 306 2100 et
325 2042 530 2121 fragmentum
551 2035 744 2116 Callimachi,
770 2035 804 2100 in
825 2035 875 2101 ed.
895 2037 969 2102 Em.
989 2042 1070 2116 tae,
1097 2046 1152 2109 ubi
1171 2051 1240 2134 ple-

103 2124 234 2187 nissime
257 2123 296 2187 de
321 2146 359 2186 eo
383 2125 455 2205 agit,
476 2123 569 2186 etiam
591 2120 661 2186 cas.
685 2124 835 2186 sententia
856 2122 1015 2207 diligenter
1034 2148 1178 2215 expensa,
1200 2133 1239 2198 T.

102 2209 281 2273 Hemsterh.
303 2232 334 2296 p.
353 2212 415 2276 570
430 2229 476 2294 sq.

191 2295 226 2358 Ρ.
243 2301 283 2361 63
307 2316 405 2380 prope
421 2296 475 2358 fin.
519 2287 623 2356 Color
643 2286 825 2379 hyacinthi
848 2312 955 2357 suave
979 2292 1145 2383 rubentia]
1170 2298 1240 2368 H..-

102 2379 264 2467 „Propert
277 2379 318 2459 Il,
341 2382 378 2443 el.
401 2379 461 2446 14:
483 2374 543 2442 An
559 2374 592 2439 εἰ
612 2376 776 2442 caeruleo
798 2375 972 2467 quaedam
993 2403 1058 2446 sua
1078 2392 1239 2473 tempora
1272 2438 1276 2447 .

90 2464 185 2552 suco
211 2463 379 2529 Tinxerit.
424 2463 489 2529 Sed
509 2462 863 2547 tamenflyacinthiuae
893 2487 1001 2530 comae
1029 2468 1169 2537 dicuntur
1188 2477 1238 2539 ni-

103 2573 187 2633 grae.
231 2552 282 2615 Sic
300 2574 352 2615 sae
374 2574 392 2614 e
413 2551 613 2615 Philostratus
635 2550 749 2615 etalii.
790 2548 875 2615 Vide
894 2550 961 2616 Nos
982 2552 1021 2616 ad
1042 2554 1148 2622 Manil.
1168 2561 1237 2627 libr.

76 2716 79 2723 Ι
103 2644 135 2705 1.
159 2659 190 2703 v.
213 2638 306 2702 701.“
325 2690 330 2695 .
348 2575 422 2701 bon
441 2640 548 2700 favent
570 2634 832 2719 huiclsentutiae
860 2638 987 2701 collecta
1014 2643 1181 2711 aWelck.
1205 2658 1237 2711 et

100 2720 225 2787 Iacobs.
244 2722 286 2785 ad
305 2722 445 2787 Philostr.
467 2719 585 2870 lmqu.
608 2742 641 2806 p.
657 2722 722 2788 350
735 2743 780 2807 oq·
800 2744 830 2808 q.
843 2744 874 2785 v.

190 2808 225 2871 P.
247 2810 303 2886 64,
326 2808 366 2871 ad
386 2831 417 2873 v.
439 2808 490 2872 st.
552 2828 583 2867 ..·
613 2806 720 2885 „Haec
740 2830 804 2871 non
824 2807 928 2888 magis
946 2806 988 2870 ad
1009 2810 1122 2893 elegias
1143 2838 1236 2902 quam

101 2890 146 2957 ad
166 2893 339 2975 tragoedias
360 2894 503 2958 existimo
523 2890 705 2979 pertinere.“
744 2894 751 2907 “

189 2978 223 3044 P.
247 2979 287 3044 65
310 2991 385 3043 extr.
428 2978 616 3042 Attenuare
646 2972 724 3041 viri.
773 2973 870 3056 Quod
901 2975 1050 3045 Passorio
1083 3005 1176 3049 suum
1201 2989 1235 3051 in

98 3067 195 3129 rebus
217 3066 345 3165 poeticis
365 3063 512 3127 iudicium
532 3063 666 3150 aperuit,
687 3063 751 3125 iam
773 3062 893 3127 viderat
915 3060 977 3127 G..·
1019 3066 1091 3144 ,',Td
1109 3074 1186 3134 Aoo.
1202 3098 1233 3138 v.

100 3173 143 3214 ex
164 3162 288 3236 antiquo
319 3163 412 3237 poeta
438 3160 595 3237 sumptum
622 3147 753 3214 videtur.
805 3149 854 3212 An
884 3171 924 3214 ex
952 3149 1054 3215 Ennio
1085 3158 1137 3219 rel
1162 3158 1235 3222 Vir-

122 3236 230 3301 ‘li0?“
1244 3244 1247 3249 '

99 3258 131 3318 gt
187 3321 222 3385 Ρ.
245 3325 305 3385 66:
349 3315 456 3385 Nunc
485 3338 553 3383 non
584 3314 668 3383 cinis
696 3328 764 3381 cett.
807 3316 903 3383 Recte
937 3317 1004 3401 H..·
1045 3318 1236 3403 „confundit

99 3406 302 3473 casaubonus
321 3405 527 3471 Recitatorem
548 3426 624 3473 cum=
638 3405 745 3469 Poeta.
786 3404 825 3467 lt
844 3404 1001 3471 Recitator
1027 3431 1133 3476 versus
1152 3412 1235 3479 Poe-

98 3507 151 3557 tae
174 3493 298 3572 alicujus
319 3492 431 3557 veteris
452 3501 483 3554 et
512 3489 648 3555 defuncti
668 3491 898 3575 pronuntiabat:
932 3488 968 3557 V
968 3504 1068 3558 attam
1098 3506 1132 3561 et
1150 3498 1234 3584 plo-

98 3575 278 3726 rabileGsi
305 3574 401 3666 quid.
453 3574 527 3643 Vid.
563 3574 733 3671 ¹Comutum
763 3599 794 3663 p.
823 3582 853 3642 9.
887 3582 963 3645 10.“
1015 3579 1162 3648 Shniliter
1191 3585 1233 3649 ad

96 3687 134 3729 se
176 3711 185 3729 .
243 3713 250 3728 .

136 3688 221 3813 qu.
237 3750 289 3814 692
309 3748 352 3812 V.
372 3750 425 3814 46.
464 3740 538 3825 „Tt
562 3742 710 3826 Quando
731 3746 782 3808 hic
803 3769 867 3810 non
888 3750 1016 3835 placet.“
1060 3748 1101 3816 G.
1339 3806 1347 3821 .

184 3834 220 3898 Ρ.
242 3840 294 3899 78.
319 3833 360 3897 V.
382 3835 426 3901 52
448 3828 490 3895 G.
514 3834 624 3920 probat
646 3835 849 3911 conjecturam
868 3835 996 3901 Luhini:
1020 3834 1123 3901 crudi
1142 3836 1230 3904 Ru-

96 3928 281 4001 etarunt
302 3939 483 4006 proceres,
513 3939 579 3981 non
600 3930 670 4003 apte
692 3940 870 4003 comparans
889 3920 1030 3985 Juvenal.
1051 3922 1107 4005 IV,
1121 3926 1172 3991 31.
1189 3966 1227 3975 -

94 4008 146 4073 Ad
166 4030 196 4072 v.
210 4009 251 4073 53
272 4005 358 4069 idem
372 4006 430 4069 scri
451 4004 506 4067 sit:
532 4004 598 4083 „An
615 4001 732 4065 citreis
749 4007 868 4068 tabellis
889 4001 1111 4086 tttemraetg·
1132 4008 1232 4075 tectis

95 4096 116 4157 i.
140 4092 261 4171 electis,
282 4093 364 4155 raris.
423 4026 474 4153 fic
495 4088 928 4186 pugillatibustaccipiendum
953 4092 1090 4160 videtur:
1117 4094 1228 4174 lectio,

95 4182 167 4253 τοῖς
187 4171 335 4259 λογάσιν.
376 4175 427 4239 Sic
448 4176 574 4239 Horat:
601 4168 642 4239 V
638 4194 769 4261 argestes
791 4175 911 4241 lectae.
955 4177 1090 4245 Catullus
1113 4181 1158 4259 [C.
1183 4183 1231 4261 X,

95 4265 152 4345 20]
176 4258 261 4328 Non
281 4282 382 4349 potae
404 4268 479 4325 octo
500 4258 656 4324 homines
674 4281 803 4345 parare
825 4260 949 4342 lector,
979 4264 1032 4327 ubi
1056 4270 1148 4347 vulgo
1171 4290 1231 4333 re-

95 4360 172 4415 ctoo
192 4348 343 4413 mendose
364 4350 481 4429 legitur.
540 4344 678 4427 Quidam
706 4348 791 4411 lectis
822 4349 919 4413 citreis
949 4348 1151 4416 discubitoriis
1173 4377 1230 4417 ex-
1334 4422 1338 4433 Ι

92 4447 232 4525 ponunt3
261 4436 313 4497 alii
333 4433 372 4497 de
393 4434 479 4498 lectis
498 4432 532 4496 in
558 4434 668 4519 qmbus
695 4430 844 4497 dormitur
863 4437 1031 4523 accipiunt:
1046 4484 1051 4493 .
1065 4438 1098 4501 in
1118 4440 1230 4526 quibus
1292 4474 1296 4481 ·

141 4518 498 4574 coramcmath.
904 4524 948 4587 24
