2700 4972
100 349 143 411 12
423 424 426 439 ,
462 340 875 414 aouuaurnmus
982 306 984 311 ’

101 515 319 581 continuarent.
351 513 432 580 Sane
446 516 539 579 etiam
550 515 584 578 in
593 512 863 580 SatiricoPetronii
874 516 1031 579 scazontes
1044 516 1232 582 hexametris

99 602 288 689 praepositos
307 623 342 664 ac
365 604 561 665 cohaerentes
580 602 735 665 invenias:
763 602 923 665 imovero
947 612 1011 663 tota
1033 602 1232 686 alteriusjga
1266 672 1270 683 ,

99 689 181 750 neris
196 686 390 759 Satiranihil
413 699 477 750 erat
496 687 579 750 aliud
600 687 661 749 nisi
679 689 805 749 matura
823 685 975 772 quaedam
999 688 1169 751 carminum
1183 688 1231 751 di-

99 795 259 847 versorum
277 772 442 836 modorum
460 795 530 836 cum
551 794 657 859 prosa,
679 784 712 833 ut
732 794 788 834 suo
810 775 880 834 loco
906 771 1056 836 diximus:
1077 785 1231 839 caeterum

81 860 226 923 'istorum
249 879 347 921 errare
368 856 549 922 sententiam
570 870 601 921 et
621 879 669 920 res
696 859 762 942 ipsa
792 871 823 921 et
850 879 958 921 omnes
990 879 1065 943 quas
1095 858 1231 924 vidimus

99 935 297 1008 membranae
319 956 436 1007 veteres
464 945 628 1009 manifesto
657 954 796 1023 arguunt.
835 943 934 1020 {Pasa
961 965 1084 1029 quoque
1113 946 1230 1031 primae

98 1042 217 1093 tantum
237 1029 353 1092 Satirae
374 1029 513 1115 praeludi
534 1030 595 1094 hoc
620 1030 747 1114 prologo
767 1027 898 1114 disputat
916 1051 945 1114 p.
964 1032 1024 1097 185
1037 1051 1123 1115 sqq:
1146 1035 1228 1112 cujus

99 1128 348 1198 argumentorum
374 1137 497 1179 summa
521 1114 601 1179 redit
628 1113 668 1176 ad
694 1135 726 1178 ν.
747 1118 781 1178 7:
809 1136 982 1178 carmen
1009 1136 1030 1177 ιι
1060 1137 1120 1179 ero
1148 1139 1227 1180 no-

99 1212 251 1278 strum,
283 1198 368 1286 quod
396 1212 495 1264 stante
518 1201 636 1280 vulgari
662 1200 908 1284 interpretatione
932 1198 1021 1261 di'cen
1043 1223 1096 1263 um
1121 1199 1228 1265 fuisset

99 1286 259 1361 carmina
284 1310 319 1351 u.
339 1294 474 1350 nostru:
505 1284 562 1349 sed
580 1286 732 1365 intellige:
754 1284 1016 1371 quodcunque
1036 1286 1142 1373 pepigi
1164 1309 1228 1351 car-

95 1394 186 1454 men3
213 1392 316 1458 neque
327 1371 627 1457 singulorumneque
643 1372 781 1433 libelli
798 1371 904 1434 habito
916 1382 1065 1456 respectu,
1086 1373 1228 1437 universe
1247 1418 1251 1425 -

8 1511 11 1517 .
95 1457 231 1544 dictum]
295 1456 500 1520 Proculdubio
522 1454 641 1543 decepti
666 1456 716 1518 isti
743 1468 829 1535 sunt,
863 1455 948 1542 quod
973 1456 1069 1523 Persii
1088 1456 1227 1521 inentem

36 1562 40 1573 ¹
95 1545 130 1607 in
152 1545 214 1606 ho'c
236 1544 366 1628 prologo
394 1541 565 1606 scribendo.
581 1545 664 1605 male
685 1552 844 1627 caperent:
874 1541 913 1605 de
940 1563 1001 1628 quo
1022 1554 1069 1606 tot
1088 1541 1239 1608 diversae

96 1629 264 1694 sententiae
288 1639 360 1692 sunt
380 1626 534 1713 proditae,
565 1640 639 1713 quot
656 1628 767 1713 reperti
791 1638 862 1709 sunt
882 1629 1030 1692 hactenus
1051 1625 1228 1711 (extiterunt

61 1726 201 1781 dautem
225 1735 321 1800 prope
341 1709 507 1796 innumeri)
526 1715 638 1800 poetae
657 1715 747 1792 hujus
766 1713 955 1799 interpretes.
996 1713 1053 1776 Est
1072 1736 1149 1780 vero
1166 1716 1227 1778 hoc

96 1823 218 1865 carmen
233 1800 361 1886 duplicis
377 1801 559 1880 argumenti,
582 1811 615 1861 ut
629 1809 660 1861 et
677 1811 776 1884 partes
790 1800 870 1861 illius
881 1811 952 1862 sunt
967 1799 1060 1879 duae,
1080 1810 1227 1864 uersuum

94 1882 204 1951 ambae
224 1898 436 1972 septenorum:
468 1886 559 1971 primi
576 1897 695 1969 septem
715 1905 821 1949 versus
847 1885 979 1970 mixtum
1002 1887 1118 1948 habent
1137 1907 1227 1968 argu-

1 2005 3 2010 ·
93 1985 248 2037 mentum:
273 1970 313 2033 de
327 1993 361 2034 se
381 1972 465 2035 enim
475 1972 537 2052 agit
555 1971 647 2057 po‘e’ta
668 1966 943 2054 προηγουμένως,
966 1971 1064 2034 obiter
1086 1993 1162 2037 vero
1186 1970 1225 2036 de

24 2054 26 2059 ’
94 2058 269 2144 aequalibus
294 2057 353 2120 sibi
370 2056 485 2142 poe'tis,
507 2078 585 2141 quos
599 2055 745 2137 traducit3
767 2056 951 2142 posteriores
970 2068 1090 2142 septem
1107 2079 1227 2122 meram

68 2176 70 2183 ·
94 2145 252 2221 continent
270 2143 401 2205 aliorum
418 2143 579 2228 poetarum
597 2142 776 2204 irrisionem.
818 2141 935 2205 Totum
955 2163 1092 2223 cannen,
1114 2144 1226 2219 siver-

94 2235 146 2296 sus
161 2248 321 2304 numeres,
342 2229 484 2308 amajori
494 2239 580 2315 parte
594 2221 810 2307 διασνρνικόν
828 2242 970 2309 censeas3
994 2229 1021 2291 si
1041 2227 1073 2290 id
1095 2241 1226 2336 spectes,

95 2319 181 2397 cujus
199 2313 394 2403 potissimum
416 2335 522 2377 caussa
544 2324 590 2377 est
607 2314 768 2400 scriptum,
796 2313 1009 2397 προσοδιακῷ
1027 2316 1079 2377 sel
1098 2319 1227 2400 ανοθη-

94 2402 223 2488 pususqi
243 2400 345 2480 generi
364 2400 467 2486 potius
492 2400 659 2463 adscribas:
688 2394 870 2479 προσόδων
894 2412 1015 2465 veteres
1038 2403 1226 2485 appellarunt

92 2490 145 2554 rel
158 2481 386 2569 προσοδιακὸν
398 2481 483 2564 ἔπος,
507 2507 629 2548 cannen
641 2506 702 2572 quo
717 2484 990 2563 demoliebantur,
1014 2506 1087 2548 cum
1101 2485 1142 2548 ad
1153 2488 1225 2553 illos

92 2573 233 2646 adibant3
257 2565 525 2655 dubitandarum,
549 2594 610 2656 quo
624 2573 826 2637 offerumenta
845 2583 952 2635 suaet
971 2571 1098 2634 donaria
1110 2574 1224 2637 honori
1259 2622 1266 2633 .

93 2658 223 2723 deorum
236 2660 470 2722 consecrabant:
485 2660 577 2744 plane
592 2657 744 2737 ejusmodi
761 2670 807 2725 est
819 2660 880 2720 hoc
894 2679 1033 2722 carmen:
1054 2680 1125 2735 satas
1139 2661 1230 2723 enim.

23 2742 27 2747 ’
92 2744 206 2810 Satires
219 2744 354 2830 Apollini
365 2743 502 2807 Palatino
523 2747 575 2809 vel
591 2745 657 2807 aliis
672 2745 826 2807 literarum
844 2743 1033 2830 praesidibus
1049 2743 1107 2807 diis
1126 2747 1223 2826 affert,
1244 2793 1247 2797 -

89 2853 155 2897 non
176 2843 320 2916 tanquam
341 2830 480 2915 opimam
498 2831 670 2909 victimam,
693 2829 749 2893 sed
771 2831 867 2896 ueluti
885 2830 1045 2892 donarium
1064 2826 1174 2910 λιτὸν,
1203 2853 1223 2894 a

11 2952 18 2967 ι
90 2939 202 3000 magna
225 2914 351 3002 quidem
369 2917 545 2995 voluntate,
570 2914 628 2979 sed
649 2916 764 2979 viribus
785 2915 916 2979 modicis
941 2918 1131 3001 profectum:
1160 2919 1223 2981 hoc

1 3081 4 3087 ff
44 3010 47 3019 “
89 3006 244 3068 vulteum
269 3003 327 3066 ait:
357 3000 429 3082 ipae
448 3002 695 3088 semipugunus
716 2999 778 3066 Ad
805 3023 907 3066 sacru
933 3012 1056 3065 vatum
1079 3020 1224 3066 carmen

57 3150 59 3157 .
89 3085 200 3178 affero
216 3098 391 3163 nostrum:
406 3089 439 3150 in
452 3088 502 3151 his
516 3091 618 3152 uerbis
631 3088 748 3173 positus
765 3099 810 3150 est
824 3088 1004 3174 praecipuus
1021 3087 1134 3174 poetae
1151 3110 1222 3151 sco-

88 3197 146 3260 pus
163 3177 197 3236 in
219 3172 381 3238 scribendo
400 3176 461 3237 hoc
482 3175 631 3254 carmine:
662 3195 859 3259 quaecunque
882 3176 940 3236 alia
962 3175 1010 3236 his
1030 3173 1221 3259 adtenuantur,

86 3261 226 3324 fimbriae
243 3272 313 3322 sunt
325 3258 542 3344 paludamento
557 3272 693 3323 assutae:
717 3254 820 3342 ἠθικὰ
835 3281 948 3346 nempe
970 3255 1219 3341 παραρτήματα,

105 3348 196 3408 uibus
209 3344 329 3408 Persius
342 3347 453 3430 partim
468 3344 654 3408 modestiam
674 3367 763 3409 suam
778 3346 927 3424 ostendit,
948 3346 1059 3430 partim
1071 3345 1221 3424 judicium

85 3368 126 3493 de
138 3431 227 3494 malis
240 3429 356 3515 politis,
377 3451 507 3515 quorum
524 3450 561 3493 ea
581 3441 762 3517 tempestate
778 3453 908 3511 magnus
928 3442 991 3493 erat
1004 3430 1126 3503 Romae
1146 3454 1222 3517 pro-
1256 3473 1260 3479 -

33 3526 208 3600 ldsslventus.
251 3513 417 3596 Singularis
435 3515 605 3578 modestiae
619 3529 680 3596 est,
708 3516 793 3602 quod
813 3528 905 3596 negat
925 3539 960 3580 se
975 3516 1101 3602 poe'tam
1118 3516 1221 3603 quod-

85 3625 146 3689 que
160 3624 194 3666 se
210 3599 249 3663 ad
263 3612 379 3664 tantam
393 3601 521 3682 gloriam
533 3623 574 3665 ne
596 3603 727 3686 aspirare
739 3601 865 3687 quidem
885 3606 1009 3681 fatetur,
1032 3614 1063 3665 et
1080 3604 1226 3690 praemiat

82 3687 184 3776 poe'tis
205 3686 310 3750 ¹debita
330 3687 397 3750 aliis
419 3707 517 3772 aequo
538 3687 643 3750 animo
668 3689 744 3750 relin
767 3709 855 3752 uere:
893 3688 968 3764 [imo
999 3690 1168 3752 contemnit
1188 3701 1221 3753 et

71 3773 186 3839 'irridet
207 3773 494 3859 aequales-poetas,
525 3773 576 3857 qui
597 3773 711 3859 ubique
733 3711 838 3837 tdusas
860 3775 1022 3837 ambitiose
1045 3776 1218 3862 crepabant,

81 3861 199 3938 subito,
238 3869 385 3944 tanquam
412 3857 545 3937 Ennius,
579 3860 646 3922 sive
673 3861 775 3945 potius
808 3873 928 3946 praeter
957 3863 1219 3946 exspectationem

79 3955 193 4033 poetae
213 3945 285 4007 facti
311 3955 343 4007 et
365 3945 510 4007 clientum
529 3946 644 4008 insanis
660 3945 800 4009 laudibus
823 3948 909 4011 elati:
939 3958 973 4007 ut
995 3947 1218 4011 alienissimum

81 4053 116 4096 se
137 4051 205 4095 esse
227 4051 245 4092 a
265 4033 380 4092 fastosa
408 4032 467 4093 hac
487 4031 713 4110 magnificentia
734 4032 769 4096 P.
791 4033 969 4112 significetl:
998 4055 1063 4096 non
1087 4035 1216 4098 minoris

44 4116 184 4199 diudicii
204 4112 296 4194 illud,
317 4114 402 4200 quod
421 4136 477 4200 pro
498 4117 598 4202 poe’tis
619 4139 654 4180 se
675 4140 739 4180 non
759 4119 873 4181 habere
903 4116 1037 4180 ostendit
1058 4141 1130 4197 eos,
1165 4121 1230 4206 qui*

77 4200 187 4292 populi
206 4199 342 4265 Romani
363 4203 574 4266 aestimatione
592 4204 707 4266 summi
731 4203 765 4265 in
786 4225 825 4266 eo
852 4224 964 4285 genere
985 4208 1195 4270 censebantur.

164 4367 237 4438 Nec
255 4365 352 4457 fonte
371 4366 475 4435 lubra
492 4369 614 4459 prolui
633 4369 840 4454 Cubullinm]
867 4372 941 4438 Jam
967 4372 1101 4440 diximus
1125 4375 1217 4440 mixti
1254 4444 1258 4451 Ι

79 4457 249 4541 ”ml
275 4476 344 4521 ον
364 4467 484 4545 reem
511 4458 604 4523 istam
629 4460 780 4559 usuro:
806 4460 899 4542 uuus
917 4462 1099 4563 mua
1119 4484 1216 4550 qn.

805 4648 815 4671 “,
857 4650 946 4667 .·r·t·
988 4634 1017 4655 '¹'

808 4688 833 4725 ,ι’
904 4666 942 4703 '¹¹1¹'
