2700 4972
303 383 1032 459 a.PERsllsrlT1Rr1.,
1142 426 1203 467 nx
1288 429 1293 455 l

467 706 723 776 SATIRA
764 711 790 775 L

76 890 86 901 “
139 877 174 943 O
206 877 291 943 curas
310 881 490 943 hominum!
535 903 556 943 o
577 883 727 967 quantum
747 884 845 946 estin
866 888 959 950 rebus
980 890 1091 956 inane!
1113 930 1156 943 -
1225 966 1229 975 Ι
1287 882 1290 887 ’

52 983 144 1069 Quia
156 984 253 1075 leget
266 983 381 1051 daeo?
393 1026 433 1038 -
447 987 524 1050 lllin’
545 1000 579 1051 tu
600 989 681 1053 istud
702 990 771 1055 ais?
788 1021 832 1040 ··-
852 987 971 1059 Nemo
983 993 1197 1065 Hercula-

9 1100 15 1181 J
117 1150 139 1193 θ
451 1186 455 1193 ι
704 1096 838 1164 Nemo?
1251 1124 1253 1129 ·

58 1194 100 1265 V
94 1196 131 1265 al
152 1197 241 1277 duo,
272 1195 330 1262 rel
347 1219 458 1265 nemo.
506 1198 622 1287 sllarpe
644 1210 678 1267 et
699 1202 910 1274 miserabile·
955 1208 1087 1292 Quare?

52 1306 101 1373 Ne
119 1308 202 1371 mihi
221 1306 408 1390 Polydamas
430 1321 460 1372 et
481 1307 631 1374 Troiades
652 1311 831 1376 Labeonem

9 1460 30 1519 q.
53 1414 276 1480 Praetulerim?
318 1416 444 1496 Nugae!
478 1437 560 1496 non,
589 1417 616 1480 si
637 1417 711 1504 quid
731 1420 850 1484 turbida
871 1421 974 1489 Roma
1175 1436 1196 1502 5

9 1520 29 1543 ''
53 1522 176 1605 Eleret,
204 1522 350 1604 accedas,
378 1544 570 1609 examenque
590 1526 767 1612 improbum
786 1528 821 1590 in
840 1530 893 1594 illa

24 1714 28 1719 Ι
54 1628 189 1714 Gasliges
210 1632 335 1712 muna,
365 1653 423 1695 uec
442 1643 475 1695 te
495 1632 681 1718 quaesiveris
702 1645 796 1699 extra.

53 1736 132 1801 llam
152 1736 275 1801 Romae
295 1739 364 1826 quis
385 1740 479 1805 non?
523 1741 578 1818 ah,
609 1740 636 1803 si
656 1744 703 1803 fas
727 1740 848 1805 dicere!
892 1745 949 1810 sed
971 1751 1020 1812 fas

54 1842 157 1927 Tunc,
186 1845 319 1909 eumad
340 1846 489 1909 caniciem
510 1857 541 1908 et
560 1858 699 1909 nostrum
720 1847 801 1911 istud
820 1851 927 1923 rivere
946 1854 1031 1919 triste

55 1952 180 2041 depexi,
210 1975 247 2017 ac
269 1954 399 2016 nucibus
419 1952 550 2018 facimus
570 1975 768 2043 quaecunque
788 1959 915 2040 relictis,
1152 1979 1193 2040 10

26 2070 31 2081 '
56 2060 130 2126 Cum
152 2060 288 2149 sapimus
307 2042 448 2148 patruos:
481 2073 570 2143 runc,
588 2073 677 2143 amc,
704 2064 862 2144 ignoscite.
887 2103 928 2117 -
951 2067 1067 2139 Nelos
1087 2055 1127 2136 ’.,

55 2168 134 2251 Quid
155 2171 298 2237 faciam?
340 2169 398 2233 aed
418 2190 490 2233 sum
509 2171 657 2256 petulanti
677 2172 782 2257 splene
803 2174 962 2242 cachinno.

136 2277 304 2342 Scribimus
326 2275 450 2355 inclusi,
476 2298 621 2341 numeros
641 2278 703 2358 illi,
730 2279 782 2342 hic
802 2280 884 2366 pede
903 2284 999 2366 lrlrer,
1079 2340 1089 2377 q

57 2380 174 2450 Grande
196 2385 326 2472 aliquid,
353 2383 438 2472 quod
458 2387 565 2472 pulmo
589 2385 713 2456 animae
730 2389 904 2474 praelargus
922 2395 1054 2460 anhelet.

10 2543 12 2557 .
58 2472 172 2558 Scilicet
190 2496 268 2557 haec
288 2496 404 2580 populo
426 2514 583 2579 pexusque
605 2503 738 2580 togaque
755 2496 871 2559 recenti
1150 2511 1191 2578 15

30 2598 91 2671 2132
109 2603 240 2665 natalitia
261 2600 389 2665 laudem
412 2619 482 2663 cum
503 2599 697 2683 sardonyche
716 2601 805 2666 albus

58 2706 134 2773 Sede
150 2711 232 2792 leges
255 2713 352 2791 celsa,
379 2708 495 2795 liquido
518 2731 589 2772 cum
609 2710 759 2796 plasmate
779 2688 881 2790 guttur

10 2818 38 2931 ὦ
58 2812 166 2881 llolrile
187 2819 342 2899 collueris‚
368 2816 499 2905 palranti
518 2820 631 2881 fractas
652 2798 772 2882 ocellos

10 2933 40 3050 qq
58 2922 127 2987 lleic
144 2947 245 3012 neque
262 2947 351 2990 more
371 2928 472 3013 probo
493 2922 601 2989 rideas
621 2945 722 3010 neque
741 2945 822 2993 voce
841 2947 949 2993 scaeua

57 3026 186 3113 Ingentes
205 3034 356 3121 trepidare
376 3033 481 3113 Titos,
510 3051 580 3094 cum
601 3032 734 3095 carmina
754 3034 895 3100 lumbum
987 3016 990 3021 ’
1146 3051 1189 3112 20

11 3114 40 3217 ’ᾖ
58 3134 176 3219 lauant,
205 3152 238 3203 et
259 3144 392 3205 aemulo
412 3140 589 3226 scalpuntur
608 3140 662 3201 ubi
683 3140 790 3206 i'nlima
810 3164 911 3208 versu.

21 3256 41 3341 q*
59 3242 143 3329 Tun’,
169 3252 289 3329 vetula,
318 3247 459 3312 auriculis
480 3246 587 3310 alienis
607 3246 724 3327 colligis
745 3252 856 3316 escas?

20 3389 38 3432 ·.
59 3352 211 3437 luriculis,
238 3357 348 3443 quibus
369 3366 401 3421 et
421 3350 506 3419 dicas
526 3352 763 3439 comperditus,
793 3358 870 3421 ohe!

60 3458 131 3541 Quid
151 3464 311 3546 didicisse,
338 3440 399 3529 nisi
420 3465 482 3527 hoc
501 3463 689 3524 sementum
714 3475 745 3525 et
765 3485 844 3550 quae
867 3469 965 3529 semel
985 3467 1066 3533 iulus

26 3564 150 3640 'jlnnau
173 3584 233 3653 est,
262 3552 351 3660 rupto
373 3575 476 3653 jecore
496 3571 604 3634 exierit
625 3573 806 3658 caprificus?
1143 3584 1186 3651 25

29 3645 37 3770 Ξ
60 3674 96 3741 dn
121 3682 219 3768 pallor
251 3679 450 3766 seniumque!
495 3699 515 3742 ο
541 3680 664 3748 mores!
708 3703 804 3767 usque
829 3680 950 3747 adeone

31 3772 38 3861 f
59 3784 128 3853 Scire
147 3802 236 3873 tuum
257 3790 334 3853 nihil
356 3800 415 3865 est,
442 3786 554 3850 uisite
575 3787 652 3851 scire
672 3790 734 3854 hoc
756 3788 831 3851 sciat
852 3791 950 3857 aller?
971 3820 1014 3837 -

58 3892 304 3983 sepulchrum
326 3907 377 3962 est
402 3893 516 3985 digito
538 3895 728 3972 monstrari
749 3905 785 3959 et
806 3893 935 3975 dicier,
964 3892 1035 3960 Hic
1055 3901 1135 3962 cst!

15 4025 20 4036 ·
60 3998 134 4069 Ten'
154 4003 368 4071 cirratorum
390 4013 531 4070 canuam
554 4000 689 4069 dictata
703 4002 821 4092 fuisse

62 4168 258 4181 *Qu——

15 4241 40 4343 dd:
112 4289 171 4343 Sat.
188 4288 210 4345 l.
235 4290 269 4345 V.
286 4290 312 4345 2.
329 4290 355 4345 3.
382 4250 441 4344 Uda
458 4288 528 4343 serie
546 4288 740 4345 continuantur.
765 4318 797 4331 -
823 4290 855 4342 V.
871 4290 896 4343 4.
915 4291 1109 4356 Praetulerim,
1134 4312 1183 4347 aa·

17 4369 28 4423 3
55 4372 105 4425 gae.
121 4390 155 4400 -
174 4360 208 4415 V.
226 4363 251 4415 6.
271 4374 420 4414 mammae.
443 4387 475 4400 -
495 4359 525 4412 V.
545 4353 572 4417 8.
589 4361 691 4412 Romae
703 4366 742 4413 erl
755 4357 897 4429 qudam?
914 4378 962 4427 uc,
978 4363 1012 4419 si.
1035 4393 1069 4403 —
1089 4362 1120 4415 V'.
1141 4364 1182 4421 10.

54 4434 75 4477 rt
87 4446 142 4483 aaa.
160 4456 196 4471 -
233 4430 265 4483 V.
285 4430 398 4485 13111.
417 4458 453 4481 -.-
486 4430 521 4481 V.
542 4432 582 4486 17.
600 4433 675 4502 legar
690 4431 769 4484 elisur
787 4431 848 4485 Cas.
867 4431 893 4483 in
912 4440 996 4488 textu
1018 4462 1053 4472 -
1090 4434 1121 4484 V.
1138 4435 1182 4491 24.

18 4508 30 4644 ’,Ι
56 4496 169 4617 deid·
907 4567 971 4642 b*
