2700 4972
49 310 92 449 Γ,
153 360 182 423 4
395 346 398 364 ·
528 322 927 445 rnonuaouuun
1032 400 1035 404 Α

160 526 233 613 pbia
247 528 334 590 locos
353 521 493 588 carminis
508 523 626 605 legibus
647 522 812 587 includere.
855 521 1006 597 Lucilium
1024 518 1092 584 sine
1110 518 1205 584 dubio
1218 519 1291 584 imi-

159 623 238 676 tatus
264 623 310 675 est
333 611 493 691 Horatius3
524 608 645 674 Persius
672 631 747 674 vero
776 609 892 696 primus
916 608 1057 671 omnium
1071 605 1292 670 Romanorum
1340 653 1344 665 .

160 695 292 760 Satiram
306 700 396 776 hujus
408 695 527 778 generis
550 694 679 780 (duplex
693 696 776 758 enim
791 694 863 774 fuit)
886 695 952 756 hac'
968 694 1183 757 observatione
1198 695 1292 773 auxia

162 783 291 845 correxit
303 794 394 867 atque
409 783 442 844 in
460 781 571 844 melius
584 782 730 859 mutavit:
753 781 810 844 etsi
831 780 914 842 enim
929 779 969 842 ad
990 779 1128 866 priorum
1145 778 1295 840 imitatio-
1334 786 1337 793 '

159 890 249 947 nem,
270 870 405 930 maxime
421 878 525 930 autem
547 867 636 929 unius
650 867 786 945 Horatii,
807 877 907 929 totum
923 886 957 928 se
978 875 1223 950 comparaverat,
1244 867 1307 943 jum

75 1012 80 1020 .
109 952 246 1038 (iltdicio
261 966 365 1017 tamen
379 955 491 1039 ubique
503 974 576 1014 usus
595 963 641 1015 est
659 974 733 1032 suo;
754 961 788 1013 ut
807 951 901 1015 etiam
918 951 1042 1013 inferius
1057 972 1165 1014 sumus
1187 953 1294 1014 obser-

82 1108 87 1130 ,
146 1040 266 1104 ‘saturi
301 1039 447 1103 Probavit
460 1037 556 1102 Persii
572 1038 732 1100 consilium
744 1036 919 1102 luvenalis:
942 1036 1068 1121 quinon
1082 1056 1138 1120 per
1151 1047 1293 1114 saturam,

181 1123 245 1187 uod
265 1128 367 1203 ajunt,
396 1123 481 1189 varia
502 1136 679 1204 argumenta
700 1122 812 1184 eodem
831 1123 966 1205 carmine
985 1121 1211 1207 complectitur,
1238 1119 1295 1185 sed

128 1232 132 1239 ’
158 1146 304 1274 iersiano
319 1230 408 1272 more
427 1209 535 1293 cuique
559 1207 675 1271 Satires
695 1206 735 1272 lv
748 1206 805 1272 καὶ
819 1201 948 1272 ἁπλοῦν
965 1202 1188 1288 ὑποκείμενον
1200 1202 1296 1289 γένος

106 1290 133 1369 ,’
159 1276 199 1357 ut¹
214 1296 381 1381 plurimum
402 1291 522 1356 addicit.
565 1294 634 1355 Huc
657 1295 750 1356 etiam
770 1290 1003 1380 pertinet'quod
1022 1290 1212 1355 inl'ersiana
1227 1292 1296 1355 Ho-

76 1393 80 1403 '
159 1381 228 1445 retii
241 1381 412 1443 imitatione
427 1381 675 1458 observabamus,
690 1377 729 1441 de
748 1379 891 1460 gravitate
906 1377 1204 1463 indisputationibus
1215 1400 1297 1441 non-

161 1467 251 1529 nullis
271 1465 447 1528 Stoi'corum
477 1462 665 1551 explicandis
693 1465 798 1527 Persio
824 1474 958 1542 servata,
983 1463 1120 1525 ,Horatio
1143 1465 1297 1545 neglecta3

110 1572 125 1635 ᾗ
162 1555 245 1631 cujus
264 1553 308 1615 rei
328 1552 443 1614 illustre
466 1562 517 1642 est
526 1552 704 1635 exemplum
724 1550 757 1611 in
770 1549 866 1612 Persii
880 1550 982 1635 quinta
1002 1561 1033 1611 et
1052 1546 1173 1611 Horatii
1186 1549 1298 1614 Davo:

101 1896 122 1945 rl

119 1968 121 1973 s
161 1905 240 1972 tate,
268 1915 362 1980 quam
382 1892 498 1956 Satirae

162 1658 202 1700 ex
223 1659 354 1721 quorum
372 1637 541 1699 carminum
565 1636 792 1721 comparatione
810 1636 933 1715 ingenia
954 1633 1110 1719 utriusque
1125 1634 1239 1720 p'oiitae
1251 1633 1299 1696 di-

161 1743 251 1787 versa
280 1734 311 1785 et
333 1721 537 1807 discrepantes
558 1719 647 1783 ideae
670 1742 745 1806 quas
765 1721 904 1783 rhetores
926 1718 1030 1782 dicunt
1049 1719 1166 1805 optime
1187 1731 1300 1805 queant

162 1806 310 1888 dignosci.
353 1806 507 1871 Differunt
543 1816 675 1868 raeterea
693 1807 728 1869 hi
748 1805 861 1892 podtae
878 1807 913 1867 in
932 1807 1045 1868 salibus
1061 1816 1093 1867 et
1109 1805 1161 1868 illa
1173 1805 1299 1870 urbani-

518 1828 680 1955 Bomanae
708 1893 864 1977 propriam
884 1890 1028 1954 diximus.
1076 1889 1299 1955 Necessitatem

162 1980 252 2058 hujus
266 1980 358 2066 partis
376 1979 408 2040 in
420 1979 481 2041 hoc
502 1976 636 2063 po'e'seos
655 1998 765 2059 genere
787 1976 878 2040 docet
890 1976 1026 2057 Persius,
1049 1996 1121 2039 cum
1136 1978 1242 2042 scribit
1261 1976 1300 2041 de

161 2064 292 2127 Horatio
315 2063 352 2142 [L
373 2067 433 2130 116
446 2065 524 2148 sq.]r

253 2164 364 2230 Omne
385 2159 490 2252 noser
514 2162 637 2229 vitium
658 2162 791 2229 ridenti
810 2162 955 2230 Flaccus
980 2165 1091 2230 amico

253 2248 385 2338 Tangit
401 2258 432 2314 et
449 2247 620 2314 admissus
637 2248 763 2314 circum
775 2250 987 2337 praecordio
1002 2249 1109 2331 ludin
1206 2300 1209 2307 .

165 2370 259 2434 etiam
274 2370 435 2455 inquiris,
457 2370 612 2432 eumfacit
625 2351 796 2435 Cornulmn
808 2374 886 2436 haec
907 2372 967 2436 sibi
983 2369 1084 2436 dicere
1096 2350 1151 2450 lv.
1168 2371 1210 2437 15
1224 2370 1301 2456 eqd:

585 2469 762 2538 Pallentes
792 2474 918 2541 radere
939 2494 1050 2537 mores

201 2588 204 2594 «
252 2552 381 2620 Doctus
396 2565 430 2621 et
451 2555 601 2643 ingenuo
622 2557 762 2646 uticam
778 2556 931 2648 defigere
951 2556 1047 2633 lud03

166 2698 259 2765 quare
275 2658 340 2738 nori
355 2685 458 2762 potest
469 2674 600 2740 dubitari
621 2677 724 2765 ipsum
746 2679 780 2741 in
794 2678 899 2743 Satiris
918 2675 1086 2742 scribendis
1106 2675 1139 2740 id
1158 2677 1302 2742 habuisse

166 2762 375 2852 propositum,
404 2773 439 2823 ut
457 2763 608 2826 tristitiam
627 2765 798 2845 argumenti
817 2775 848 2828 et
867 2786 900 2828 re
921 2765 1142 2827 rehensionum
1163 2764 1303 2828 atrocita-

166 2862 231 2913 tem
248 2851 389 2928 jocorum
406 2848 571 2912 festivitate
585 2851 783 2914 exhilararet:
813 2848 871 2914 sed
914 2850 1009 2913 ersius
1032 2849 1098 2912 iem
1117 2859 1184 2910 tum
1202 2850 1237 2912 in
1252 2851 1304 2913 illa

167 2955 224 2999 sua
239 2932 444 2996 adolescentia
459 2934 559 3014 gravis
573 2945 714 3021 totusque
727 2930 769 2998 ad
778 2936 974 3000 severitatem
993 2938 1111 3014 factus,
1132 2933 1305 2999 Xenocrati

167 3040 262 3107 quam
276 3017 426 3105 Menippo
442 3018 586 3100 similior,
609 3016 736 3101 Gratiis,
757 3020 973 3102 meoiudicio,
993 3041 1062 3084 raro
1076 3019 1191 3085 litavit:
1213 3023 1305 3103 longe

168 3106 253 3170 enim
271 3104 330 3167 hac
350 3101 442 3167 laude
460 3114 491 3168 et
512 3107 552 3170 ab
574 3098 702 3169 Heratio
723 3119 882 3194 superatur
900 3119 931 3170 et
950 3122 970 3170 a
987 3105 1153 3170 Juvenale:
1175 3127 1306 3193 quorum

169 3203 295 3277 uterque
316 3190 493 3257 felicissime
514 3202 561 3256 est
585 3203 739 3256 assecutus
785 3191 848 3256 uod
868 3193 969 3258 voluit
988 3204 1093 3256 noster
1121 3212 1179 3255 nec
1198 3194 1306 3279 potuit.

96 3280 99 3285 '
168 3275 329 3340 Excellunt
341 3276 433 3356 igitur
445 3276 531 3339 ineo
544 3277 690 3341 Horatius
712 3289 743 3341 et
761 3216 934 3358 iuvenalis,
957 3279 1014 3342 etsi
1032 3278 1149 3341 ratione
1168 3276 1306 3345 diversa:

169 3360 334 3424 namillius
352 3362 431 3422 sales
446 3356 509 3444 τήν
523 3356 660 3447 ὀχλικὴν
673 3356 864 3449 ἀναγωγίαν
886 3375 935 3445 et,
957 3376 991 3426 ut
1002 3365 1044 3426 ita
1061 3362 1179 3442 dicam,
1200 3367 1308 3451 plebe

170 3450 237 3528 jum
259 3443 373 3531 aliquid
395 3446 460 3508 fere
476 3447 619 3533 sapiunt3
640 3451 850 3529 hujusomnes
864 3450 941 3531 joci,
964 3449 1078 3535 quibus·
1092 3447 1242 3533 abundat,
1263 3452 1307 3517 sic

113 3556 117 3565 ·
171 3543 243 3597 sunt
254 3530 363 3596 urbani
377 3541 407 3593 et
420 3531 508 3611 salsi,
531 3544 565 3594 nt
586 3555 716 3597 acumen
738 3557 830 3623 saepe
850 3547 939 3621 atque
962 3534 1166 3598 eruditionem
1189 3557 1307 3622 praese

75 3922 83 3939 Ι
200 3875 287 3938 abins
303 3871 403 3953 [le

171 3622 270 3681 ferant
293 3628 323 3680 et
341 3617 501 3697 ingenium
520 3620 614 3701 longo
643 3618 836 3685 declamandi
855 3642 912 3685 usu
935 3623 1033 3707 probe
1057 3623 1227 3689 subactum.
1269 3621 1308 3687 In

172 3715 278 3766 nostro
293 3723 370 3767 vero
384 3705 452 3765 loca
467 3725 531 3765 non
542 3726 641 3791 pauca
653 3718 724 3769 sunt
739 3728 817 3793 quae
834 3709 938 3807 palam
958 3705 1123 3770 ostendunt
1142 3728 1213 3771 non
1237 3702 1313 3774 dis-¹

199 3784 332 3852 denisce
348 3785 403 3851 ilii
422 3784 520 3864 'ocoa,
539 3788 600 3854 aad
623 3812 693 3855 nort
714 3792 913 3879 contigisse,
936 3790 1019 3877 quod
1040 3793 1079 3855 de
1094 3791 1309 3861 Demosthene

143 3958 146 3963 .
404 3809 560 3954 iscribit3
587 3880 674 3953 uelut
689 3878 723 3941 in
743 3879 857 3966 prima,
886 3878 940 3942 ubi
960 3878 1071 3942 diserte
1092 3878 1134 3940 ait
1153 3878 1254 3943 ridere
1275 3902 1309 3945 se

174 3960 274 4023 malos
285 3957 410 4046 politas:
432 3959 484 4023 ille
498 3982 573 4025 vero
590 3984 654 4025 non
669 3956 811 4031 cadmo
823 3967 941 4045 solum,
965 3963 1022 4029 sed
1035 3964 1129 4028 etiam
1143 3965 1293 4052 λοιδορεῖ
1297 3986 1311 4028 .·

175 4047 280 4125 jocosa
299 4055 330 4107 et
343 4064 407 4107 non
421 4044 582 4112 invenusta
593 4049 645 4111 illa
655 4071 665 4113 r

227 4220 231 4225 ,
430 4143 532 4214 Nunc
543 4172 614 4216 nou
631 4149 717 4216 cinis
733 4149 793 4216 iile
805 4147 936 4239 poi'toe

262 4226 385 4296 Felix?

180 4346 211 4397 et
232 4353 312 4421 quae
327 4344 510 4421 sequuntur3
529 4334 606 4400 illud
624 4338 760 4409 convitio
779 4337 922 4427 propius:
1020 4377 1024 4387 ·

266 4431 494 4503 Rancidulum
512 4437 682 4527 quiddam
700 4436 805 4547 holda
823 4438 876 4511 da.
888 4460 977 4509 aare
997 4436 1154 4549 mi
