2700 4972
311 354 823 469 aaaaasuaarrsaar
853 359 892 423 v.
1101 365 1177 431 aar
1310 348 1312 353 ’

65 548 83 590 r.
97 524 155 607 Pr,
179 527 232 613 qui
244 536 389 591 unctam
394 522 597 614 fenestram
608 531 660 594 rel
675 526 716 592 ad
729 542 849 594 sacram
860 528 1176 599 moamtudaoomm
1282 540 1301 567 ·'

65 615 128 675 tert
141 615 213 677 oleo
225 612 379 695 ungendi,
397 617 449 679 vel
469 614 509 678 ad
521 614 629 679 sordes
643 615 782 702 ipsorum
803 617 1045 698 semiermes]

123 701 195 764 182.
225 702 417 771 Portaatcr
438 698 579 780 uiolas]
619 698 728 765 Graeci
750 702 913 789 scriptores
938 704 1174 768 celebrationem

65 806 97 846 ,ι
112 786 184 847 festi
205 784 325 851 duabus
345 788 476 851 vocibus
495 786 654 867 designare
677 789 795 866 solent,
817 786 908 871 φωσὶ
926 787 984 853 ual
1007 785 1176 873 assecuci-

65 882 126 942 οισι.
147 873 315 935 luminibus
326 883 357 935 et
368 874 610 937 coronamentis:
632 874 674 935 ita
686 894 783 960 saepe
794 872 880 959 apud
892 872 1032 938 Dionem
1049 888 1079 938 et
1096 877 1174 940 alios

65 957 214 1040 ¹stoi-icos3
243 953 486 1041 οτεφοοοὶματο
504 960 605 1022 innuit
621 958 743 1025 Pauus
762 960 812 1023 his
831 961 953 1035 verbis:
987 965 1176 1027 coronabant

65 1053 140 1104 rtem
153 1054 185 1105 at
198 1064 266 1107 aras
281 1055 312 1107 at
323 1045 484 1107 simulacra
502 1043 633 1108 deorum
655 1056 686 1107 et
707 1048 791 1108 fores
810 1049 998 1133 templorum
1016 1058 1048 1109 et
1065 1051 1174 1127 januas

65 1148 202 1190 >monam
229 1150 318 1193 suas:
344 1150 425 1215 quaa
452 1129 525 1193 ideo
544 1129 732 1193 Tertulliano
763 1130 903 1193 dicuntur
925 1130 1106 1197 laureatae
1129 1152 1173 1195 aa

65 1222 250 1293 namatus,
273 1216 352 1278 libro
364 1218 460 1279 altero
472 1214 512 1277 ad
526 1237 657 1279 uxorem
671 1215 835 1302 capiteVl,
852 1215 910 1280 sed
923 1229 1042 1303 praeter
1053 1221 1174 1281 taumm

65 1320 127 1363 >res
153 1301 248 1364 etiam
277 1301 355 1365 alios
380 1300 568 1365 adhibebant
595 1322 631 1365 ac
659 1303 824 1389 praecipue
849 1304 959 1367 violas.
1015 1303 1174 1389 Juvenalia

65 1382 124 1467 ω’
140 1390 184 1481 φ
202 1382 279 1474 tq·]2
537 1498 542 1507 ,
659 1432 881 1535 Laribusque
904 1433 1065 1528 paternis

144 1516 268 1587 lbera
279 1514 370 1591 dabo
383 1531 487 1611 atque
500 1544 615 1587 omnes
632 1519 748 1587 violae
757 1521 904 1609 jactabo
918 1524 1066 1611 colores..
1172 1554 1182 1573 ν

118 1638 348 1730 Rubrumque
375 1639 543 1729 amplexa
567 1639 725 1705 catinum
748 1638 872 1707 Gauda
899 1652 1002 1708 natat
1022 1640 1170 1731 thynni]

65 1749 102 1791 :m
126 1727 199 1791 dicit
220 1727 261 1792 de
281 1729 447 1808 conviviis,
468 1748 547 1815 quaa
565 1726 617 1791 die
630 1726 764 1793 Herodis
779 1728 949 1793 Herodiani
971 1733 1172 1795 exercebant:

65 1810 148 1879 tuda
170 1812 295 1900 tbyrrai
318 1827 365 1878 est
386 1808 545 1894 οὐραῖον,
575 1812 659 1900 qaod
678 1834 795 1877 nomen
824 1827 856 1877 et
875 1836 971 1896 genus
996 1816 1173 1880 salsamenti

65 1900 251 1964 :Athenaeo
274 1912 306 1963 et
323 1899 424 1963 Plinio
448 1912 480 1963 et
506 1899 574 1963 aliis
599 1901 775 1963 auaonbus
792 1901 865 1963 satis
882 1913 1008 1984 notum;
1039 1924 1110 1964 eum
1130 1902 1172 1963 ait

65 1994 148 2065 uat,
180 1984 314 2049 ostendit
331 2008 373 2049 ex
390 1990 456 2065 jure
476 1986 602 2049 solitum
627 1984 766 2049 comedi:
792 1985 990 2071 quodetiam
1013 1985 1173 2049 catinum
1308 1982 1312 1993 '

65 2073 146 2136 nuit:
167 2093 241 2135 nam
260 2073 295 2153 in
312 2073 412 2134 catino
427 2074 544 2157 pultem
566 2083 620 2134 aut
636 2072 778 2151 junrlenti
795 2071 908 2156 aliquid
921 2070 1058 2135 Romani
1070 2094 1172 2159 pone-

65 2169 113 2237 nt,
134 2157 230 2220 Siculi
246 2178 323 2237 assa,
346 2169 379 2219 ut
392 2158 496 2221 scribit
507 2157 624 2220 Varias
644 2156 815 2243 amplitudo
832 2159 965 2244 appositi
977 2160 1087 2241 thynni
1106 2158 1223 2221 de-465

65 2254 159 2307 natur
177 2264 247 2307 cum
260 2243 402 2330 emphasi
420 2242 519 2308 rerba
535 2239 717 2326 amplexa,
737 2238 802 2305 hbe
820 2255 867 2305 est
887 2246 927 2305 ab
944 2255 1069 2329 atraque
1085 2255 1171 2329 parte
1221 2292 1228 2301 ,

65 2331 121 2392 tini
136 2330 317 2417 prominens
327 2330 459 2392 multum
479 2328 568 2405 [nam'
577 2326 674 2390 cauda
686 2328 795 2409 thynni
808 2349 992 2412 permagna,
1013 2327 1069 2393 sed
1081 2330 1172 2391 vilis-
1211 2406 1214 2411 Ι

65 2438 108 2479 na
128 2417 320 2479 habebantur
335 2437 413 2498 quae
432 2415 462 2477 ei
483 2414 642 2501 proxima,
662 2415 893 2499 probatissima,
919 2434 998 2498 quae
1017 2416 1172 2477 saucibus:

72 2502 154 2566 Plin.
167 2499 229 2579 IX,
246 2499 294 2565 15.
331 2499 382 2564 De
399 2521 485 2564 sacro
504 2522 563 2563 usu
583 2500 695 2580 thynni
714 2510 833 2585 praeter
849 2500 948 2563 schol.
966 2522 998 2565 v.
1013 2499 1087 2579 Pl.];
1110 2521 1171 2562 ru·
1288 2520 1292 2528 ·

65 2606 130 2650 um
146 2585 319 2665 catinum,
344 2597 378 2649 ut
390 2585 474 2671 apud
487 2585 599 2673 podtas
615 2585 727 2648 similia
740 2605 814 2647 vasa
835 2586 967 2670 passim,
988 2584 1172 2671 quia-fictilia

65 2673 252 2750 iniabantur,
274 2674 454 2759 praesertim
494 2692 552 2734 uae
572 2671 688 2734 mensis
708 2671 926 2733 inserebantur.

116 2762 189 2824 183.
215 2753 342 2821 Tumet
363 2754 447 2821 alba
464 2692 592 2841 ddslia
604 2753 707 2835 vino]
728 2752 815 2818 Haec
835 2776 906 2841 para
925 2757 1018 2819 altera
1038 2756 1097 2838 τῆς
1115 2748 1172 2819 ari-

65 2842 195 2927 poetar,
223 2844 352 2909 unum:
375 2843 542 2929 improprie
563 2840 603 2905 de
623 2840 727 2905 fidelia
750 2849 861 2905 tumet
876 2862 933 2926 pro
955 2837 1061 2923 γέμει,
1079 2843 1172 2927 plena
1286 2848 1289 2857 '

65 2944 92 2995 tr
114 2950 190 2993 nam
212 2941 244 2993 et
260 2928 364 2992 inania
379 2940 501 2991 tument
517 2929 621 2991 fictilia
643 2938 676 2991 et
697 2949 716 2989 e
736 2937 858 2990 alamno
880 2926 1051 3012 oenophori
1071 2947 1107 2987 ac
1127 2926 1172 2989 si-

65 3018 113 3080 llia
133 3034 227 3081 vasa:
256 3017 373 3080 utribus
394 3015 568 3102 proprium,
594 3025 630 3076 ut
654 3024 726 3075 tunc
746 3016 864 3092 solum,
891 3032 963 3075 eum
986 3011 1070 3099 pleni
1089 3020 1172 3089 saint,
1307 3008 1310 3015 '

65 3113 177 3167 meant

117 3187 191 3253 184.
211 3170 334 3249 Lobrb
349 3202 464 3248 mom
482 3182 611 3249 tonitru
626 3183 845 3270 recutitaque
868 3177 1017 3245 sabbata
1058 3176 1169 3261 allae]

65 3295 115 3339 rec
138 3270 309 3374 separanda
330 3291 349 3334 a
368 3271 537 3358 prioribus:
562 3292 637 3334 nam
663 3269 704 3335 de
725 3272 792 3334 aliis
814 3269 922 3332 ritibus
943 3266 1006 3348 agit
1043 3265 1171 3329 udaicaa

65 3357 266 3448 perstitionis,
289 3366 324 3421 ur
336 3356 472 3420 Romani
492 3359 709 3443 loquebantur,
750 3358 782 3419 ui
800 3376 864 3417 non
883 3353 958 3417 solis
975 3351 1171 3433 Herodianis

65 3447 81 3509 d
101 3444 247 3509 omnibus
258 3442 384 3507 Judaeis
400 3455 486 3506 amnt
500 3464 690 3507 communes.
730 3379 821 3522 b„De
835 3435 1036 3522 σεβομένοις,
1057 3445 1171 3500 metu-

65 3528 163 3597 aibas
184 3530 206 3593 i.
225 3550 255 3594 e.
283 3530 446 3616 proselytis
471 3529 621 3613 loquitur,
649 3550 715 3591 non
742 3527 783 3597 de
800 3524 995 3590 Herodiania.
1041 3521 1170 3587 Illorum

65 3618 157 3699 atigia
170 3625 332 3702 supersunt
345 3626 376 3678 et
388 3616 421 3677 in
435 3614 597 3702 lapidibus,
617 3635 648 3679 r.
666 3636 692 3678 c.
709 3610 795 3679 Grut.
811 3635 842 3699 p.
854 3616 928 3677 271.
943 3632 975 3673 n.
992 3615 1063 3675 11.a
1083 3610 1170 3673 Aur.

65 3712 130 3767 aar
145 3710 180 3764 et
192 3698 282 3764 Aur.
297 3698 495 3786 Stephanus
510 3705 594 3785 Aur.
608 3696 767 3764 Soterioe
789 3695 897 3762 matri
916 3693 1073 3781 pientiae.¹
1087 3692 1172 3757 reli·

66 3787 127 3853 oni
138 3785 313 3851 ,Iudaicae
329 3785 530 3850 metuenti.“
553 3781 664 3850 Orell.
687 3784 736 3851 Cf.
751 3806 831 3871 quae
842 3781 930 3846 addit
944 3780 1003 3861 Pt]
1047 3776 1171 3841 Labra

65 3894 168 3938 overe
185 3894 293 3937 eoram
312 3885 375 3951 est,
403 3872 456 3959 qui
477 3892 634 3935 murmure
651 3883 683 3935 et
706 3871 816 3934 humili
829 3889 950 3933 susurro
971 3877 1045 3931 vota
1067 3865 1171 3928 conci-

65 3965 167 4040 ebant,
191 3958 352 4045 dequibus
365 3955 464 4022 Satira
477 3956 518 4025 lt
560 3958 669 4021 Horat.
687 3954 728 4021 ds
741 3979 797 4036 eo,
822 3955 876 4042 qui
890 3954 1049 4020 Lavernae
1064 3972 1171 4039 preces

65 4050 159 4111 :iebat
180 4045 256 4126 [imo
270 4043 367 4129 Epist.
378 4043 405 4124 I,
421 4050 471 4124 16,
487 4041 558 4125 dol:
631 4120 634 4125 .

111 4128 237 4195 Labra
248 4150 366 4194 moves
377 4129 519 4217 cupiam
537 4128 616 4210 [imo
631 4126 799 4205 metucns]
819 4120 957 4189 audiri:

79 4239 246 4307 possumus
264 4216 417 4303 accipere,
438 4228 474 4278 ut
486 4216 526 4279 sit
543 4235 673 4279 sensus:
693 4217 867 4298 frequentas
878 4208 1068 4275 ludaeorum
1080 4225 1170 4291 pros-

65 4309 139 4370 cbas
161 4315 192 4367 et
206 4323 267 4365 una
286 4324 357 4365 cum
374 4302 449 4387 ipsis
465 4320 622 4364 murmure
635 4311 711 4365 rota
725 4310 777 4361 tua
796 4299 841 4362 ibi
857 4295 1005 4382 concipis.
1047 4291 1170 4355 Plutar-

65 4415 101 4457 ns
124 4389 229 4455 scribit
246 4389 287 4476 [p.
306 4393 379 4455 169.
396 4386 447 4469 E.]
470 4388 580 4456 solitos
601 4386 747 4449 homines
766 4383 992 4470 superstitiosos
1013 4369 1170 4460 εὔχεσθαι

65 4480 125 4565 Wd
146 4470 337 4562 ΜᾹᾹΨΜ
355 4470 414 4541 ⁸1⁴2
432 4470 547 4559 mdiv
566 4469 748 4557 ὄπιθνμιᾷν
765 4464 984 4621 appropriasse,
1004 4461 1091 4549 quod
1109 4460 1170 4526 ad-
