<?xml version="1.0" encoding="UTF-8"?>
<!DOCTYPE html PUBLIC "-//W3C//DTD XHTML 1.0 Transitional//EN"
    "http://www.w3.org/TR/xhtml1/DTD/xhtml1-transitional.dtd">
<html xmlns="http://www.w3.org/1999/xhtml" xml:lang="en" lang="en">
 <head>
  <title>
</title>
<meta http-equiv="Content-Type" content="text/html;charset=utf-8" />
  <meta name='ocr-system' content='tesseract 3.04.00' />
  <meta name='ocr-capabilities' content='ocr_page ocr_carea ocr_par ocr_line ocrx_word'/>
</head>
<body>
  <div class='ocr_page' id='page_1' title='image "./satirarumliber00persgoog_0170.png"; bbox 0 0 2700 4972; ppageno 0'>
   <div class='ocr_carea' id='block_1_1' title="bbox 361 296 1253 399">
    <p class='ocr_par' dir='ltr' id='par_1_1' title="bbox 361 296 1253 399">
     <span class='ocr_line' id='line_1_1' title="bbox 361 296 1253 399; baseline 0.008 -7"><span class='ocrx_word' id='word_1_1' title='bbox 361 296 958 397; x_wconf 58' lang='lat' dir='ltr'><strong>&gt;corrnsrrssrrirrnc</strong></span> <span class='ocrx_word' id='word_1_2' title='bbox 1072 374 1073 383; x_wconf 13' lang='lat' dir='ltr'><strong>a</strong></span> <span class='ocrx_word' id='word_1_3' title='bbox 1209 336 1253 399; x_wconf 84' lang='lat' dir='ltr'><strong>ro</strong></span> 
     </span>
    </p>
   </div>
   <div class='ocr_carea' id='block_1_2' title="bbox 94 496 1346 4533">
    <p class='ocr_par' dir='ltr' id='par_1_2' title="bbox 96 496 1250 741">
     <span class='ocr_line' id='line_1_2' title="bbox 98 496 1250 593; baseline -0.001 -26"><span class='ocrx_word' id='word_1_4' title='bbox 98 496 249 567; x_wconf 63' lang='lat' dir='ltr'><strong>..Romani</strong></span> <span class='ocrx_word' id='word_1_5' title='bbox 261 497 415 569; x_wconf 81' lang='lat' dir='ltr'><strong>abducere</strong></span> <span class='ocrx_word' id='word_1_6' title='bbox 428 522 446 564; x_wconf 93' lang='lat' dir='ltr'><strong>a</strong></span> <span class='ocrx_word' id='word_1_7' title='bbox 457 501 590 566; x_wconf 79' lang='lat' dir='ltr'><strong>vanitate</strong></span> <span class='ocrx_word' id='word_1_8' title='bbox 601 502 653 565; x_wconf 91' lang='lat' dir='ltr'><strong>illa</strong></span> <span class='ocrx_word' id='word_1_9' title='bbox 666 523 702 565; x_wconf 87' lang='lat' dir='ltr'><strong>ac</strong></span> <span class='ocrx_word' id='word_1_10' title='bbox 719 499 812 579; x_wconf 74' lang='lat' dir='ltr'><strong>ritib,</strong></span> <span class='ocrx_word' id='word_1_11' title='bbox 831 520 912 589; x_wconf 86' lang='lat' dir='ltr'><strong>quae</strong></span> <span class='ocrx_word' id='word_1_12' title='bbox 925 503 1072 567; x_wconf 89' lang='lat' dir='ltr'><strong>hactenus</strong></span> <span class='ocrx_word' id='word_1_13' title='bbox 1084 496 1250 593; x_wconf 77' lang='lat' dir='ltr'><strong>descripsit,</strong></span> 
     </span>
     <span class='ocr_line' id='line_1_3' title="bbox 96 586 1250 741; baseline 0.003 -92"><span class='ocrx_word' id='word_1_14' title='bbox 96 598 138 741; x_wconf 49' lang='lat' dir='ltr'>ff</span> <span class='ocrx_word' id='word_1_15' title='bbox 148 586 294 673; x_wconf 86' lang='lat' dir='ltr'><strong>patritios</strong></span> <span class='ocrx_word' id='word_1_16' title='bbox 310 589 420 649; x_wconf 89' lang='lat' dir='ltr'><strong>saltem</strong></span> <span class='ocrx_word' id='word_1_17' title='bbox 444 598 474 649; x_wconf 89' lang='lat' dir='ltr'><strong>et</strong></span> <span class='ocrx_word' id='word_1_18' title='bbox 488 588 680 653; x_wconf 86' lang='lat' dir='ltr'><strong>nobilissima</strong></span> <span class='ocrx_word' id='word_1_19' title='bbox 696 608 837 675; x_wconf 86' lang='lat' dir='ltr'><strong>quaeque</strong></span> <span class='ocrx_word' id='word_1_20' title='bbox 854 588 978 669; x_wconf 88' lang='lat' dir='ltr'><strong>ingenia</strong></span> <span class='ocrx_word' id='word_1_21' title='bbox 997 588 1036 653; x_wconf 88' lang='lat' dir='ltr'><strong>ab</strong></span> <span class='ocrx_word' id='word_1_22' title='bbox 1055 589 1094 651; x_wconf 89' lang='lat' dir='ltr'><strong>iis</strong></span> <span class='ocrx_word' id='word_1_23' title='bbox 1107 589 1250 653; x_wconf 86' lang='lat' dir='ltr'><strong>institutis</strong></span> 
     </span>
    </p>

    <p class='ocr_par' dir='ltr' id='par_1_3' title="bbox 102 671 1300 1181">
     <span class='ocr_line' id='line_1_4' title="bbox 129 671 1249 760; baseline 0.003 -25"><span class='ocrx_word' id='word_1_24' title='bbox 129 683 271 753; x_wconf 79' lang='lat' dir='ltr'><strong>eterreat,</strong></span> <span class='ocrx_word' id='word_1_25' title='bbox 314 693 373 735; x_wconf 90' lang='lat' dir='ltr'><strong>uae</strong></span> <span class='ocrx_word' id='word_1_26' title='bbox 390 671 468 735; x_wconf 87' lang='lat' dir='ltr'><strong>adeo</strong></span> <span class='ocrx_word' id='word_1_27' title='bbox 483 672 652 755; x_wconf 82' lang='lat' dir='ltr'><strong>foedasint</strong></span> <span class='ocrx_word' id='word_1_28' title='bbox 667 685 698 737; x_wconf 89' lang='lat' dir='ltr'><strong>et</strong></span> <span class='ocrx_word' id='word_1_29' title='bbox 709 673 872 737; x_wconf 80' lang='lat' dir='ltr'>liberaliter</span> <span class='ocrx_word' id='word_1_30' title='bbox 884 673 963 737; x_wconf 89' lang='lat' dir='ltr'><strong>natis</strong></span> <span class='ocrx_word' id='word_1_31' title='bbox 978 672 1172 760; x_wconf 76' lang='lat' dir='ltr'><strong>adunatisque</strong></span> <span class='ocrx_word' id='word_1_32' title='bbox 1184 686 1249 738; x_wconf 91' lang='lat' dir='ltr'><strong>tam</strong></span> 
     </span>
     <span class='ocr_line' id='line_1_5' title="bbox 102 695 1300 845; baseline 0.008 -25"><span class='ocrx_word' id='word_1_33' title='bbox 102 757 246 839; x_wconf 77' lang='lat' dir='ltr'><strong>indigna.</strong></span> <span class='ocrx_word' id='word_1_34' title='bbox 283 695 412 844; x_wconf 58' lang='lat' dir='ltr'><strong>daptare</strong></span> <span class='ocrx_word' id='word_1_35' title='bbox 426 759 509 821; x_wconf 90' lang='lat' dir='ltr'><strong>enim</strong></span> <span class='ocrx_word' id='word_1_36' title='bbox 521 763 638 822; x_wconf 90' lang='lat' dir='ltr'><strong>samam</strong></span> <span class='ocrx_word' id='word_1_37' title='bbox 660 781 700 822; x_wconf 84' lang='lat' dir='ltr'><strong>ex</strong></span> <span class='ocrx_word' id='word_1_38' title='bbox 718 758 881 845; x_wconf 80' lang='lat' dir='ltr'><strong>scriptione</strong></span> <span class='ocrx_word' id='word_1_39' title='bbox 900 759 1118 822; x_wconf 83' lang='lat' dir='ltr'><strong>versiculorum</strong></span> <span class='ocrx_word' id='word_1_40' title='bbox 1132 760 1300 829; x_wconf 80' lang='lat' dir='ltr'><strong>amsi-106</strong></span> 
     </span>
     <span class='ocr_line' id='line_1_6' title="bbox 105 844 1249 931; baseline 0.003 -24"><span class='ocrx_word' id='word_1_41' title='bbox 105 845 232 907; x_wconf 85' lang='lat' dir='ltr'><strong>milium</strong></span> <span class='ocrx_word' id='word_1_42' title='bbox 245 865 397 925; x_wconf 84' lang='lat' dir='ltr'><strong>nugarum</strong></span> <span class='ocrx_word' id='word_1_43' title='bbox 410 847 490 907; x_wconf 89' lang='lat' dir='ltr'><strong>feras</strong></span> <span class='ocrx_word' id='word_1_44' title='bbox 502 857 654 931; x_wconf 89' lang='lat' dir='ltr'><strong>utcunque</strong></span> <span class='ocrx_word' id='word_1_45' title='bbox 667 847 699 907; x_wconf 91' lang='lat' dir='ltr'><strong>in</strong></span> <span class='ocrx_word' id='word_1_46' title='bbox 719 867 773 923; x_wconf 92' lang='lat' dir='ltr'><strong>eo,</strong></span> <span class='ocrx_word' id='word_1_47' title='bbox 796 844 848 929; x_wconf 89' lang='lat' dir='ltr'><strong>qui</strong></span> <span class='ocrx_word' id='word_1_48' title='bbox 863 845 955 907; x_wconf 88' lang='lat' dir='ltr'><strong>aliam</strong></span> <span class='ocrx_word' id='word_1_49' title='bbox 968 846 1118 909; x_wconf 88' lang='lat' dir='ltr'><strong>rationem</strong></span> <span class='ocrx_word' id='word_1_50' title='bbox 1132 848 1249 915; x_wconf 87' lang='lat' dir='ltr'><strong>nullam</strong></span> 
     </span>
     <span class='ocr_line' id='line_1_7' title="bbox 104 928 1248 1016; baseline 0.002 -23"><span class='ocrx_word' id='word_1_51' title='bbox 104 928 184 993; x_wconf 85' lang='lat' dir='ltr'><strong>inire</strong></span> <span class='ocrx_word' id='word_1_52' title='bbox 195 941 315 1016; x_wconf 91' lang='lat' dir='ltr'><strong>potest,</strong></span> <span class='ocrx_word' id='word_1_53' title='bbox 337 952 396 1015; x_wconf 88' lang='lat' dir='ltr'><strong>qua</strong></span> <span class='ocrx_word' id='word_1_54' title='bbox 419 952 453 993; x_wconf 89' lang='lat' dir='ltr'><strong>se</strong></span> <span class='ocrx_word' id='word_1_55' title='bbox 473 933 558 993; x_wconf 87' lang='lat' dir='ltr'><strong>tollat</strong></span> <span class='ocrx_word' id='word_1_56' title='bbox 570 933 667 995; x_wconf 89' lang='lat' dir='ltr'><strong>humo</strong></span> <span class='ocrx_word' id='word_1_57' title='bbox 685 941 715 993; x_wconf 88' lang='lat' dir='ltr'><strong>et</strong></span> <span class='ocrx_word' id='word_1_58' title='bbox 736 931 781 992; x_wconf 91' lang='lat' dir='ltr'><strong>rei</strong></span> <span class='ocrx_word' id='word_1_59' title='bbox 797 930 939 993; x_wconf 79' lang='lat' dir='ltr'><strong>familiari</strong></span> <span class='ocrx_word' id='word_1_60' title='bbox 960 931 1140 1016; x_wconf 79' lang='lat' dir='ltr'><strong>prospiciat:</strong></span> <span class='ocrx_word' id='word_1_61' title='bbox 1161 933 1193 995; x_wconf 91' lang='lat' dir='ltr'><strong>in</strong></span> <span class='ocrx_word' id='word_1_62' title='bbox 1209 955 1248 995; x_wconf 91' lang='lat' dir='ltr'><strong>eo</strong></span> 
     </span>
     <span class='ocr_line' id='line_1_8' title="bbox 103 1013 1249 1104; baseline 0.003 -25"><span class='ocrx_word' id='word_1_63' title='bbox 103 1017 173 1095; x_wconf 80' lang='lat' dir='ltr'><strong>jure</strong></span> <span class='ocrx_word' id='word_1_64' title='bbox 187 1013 306 1095; x_wconf 85' lang='lat' dir='ltr'><strong>rideas,</strong></span> <span class='ocrx_word' id='word_1_65' title='bbox 328 1037 422 1103; x_wconf 87' lang='lat' dir='ltr'><strong>quem</strong></span> <span class='ocrx_word' id='word_1_66' title='bbox 442 1019 558 1081; x_wconf 86' lang='lat' dir='ltr'><strong>natales</strong></span> <span class='ocrx_word' id='word_1_67' title='bbox 579 1029 609 1080; x_wconf 89' lang='lat' dir='ltr'><strong>et</strong></span> <span class='ocrx_word' id='word_1_68' title='bbox 626 1018 726 1087; x_wconf 84' lang='lat' dir='ltr'><strong>avitae</strong></span> <span class='ocrx_word' id='word_1_69' title='bbox 746 1036 821 1103; x_wconf 90' lang='lat' dir='ltr'><strong>opes</strong></span> <span class='ocrx_word' id='word_1_70' title='bbox 843 1014 883 1079; x_wconf 90' lang='lat' dir='ltr'><strong>ad</strong></span> <span class='ocrx_word' id='word_1_71' title='bbox 903 1018 1123 1103; x_wconf 78' lang='lat' dir='ltr'><strong>rempublicam</strong></span> <span class='ocrx_word' id='word_1_72' title='bbox 1142 1039 1249 1104; x_wconf 88' lang='lat' dir='ltr'><strong>capes-</strong></span> 
     </span>
     <span class='ocr_line' id='line_1_9' title="bbox 104 1099 903 1181; baseline 0.001 -17"><span class='ocrx_word' id='word_1_73' title='bbox 104 1099 240 1181; x_wconf 85' lang='lat' dir='ltr'><strong>sendam</strong></span> <span class='ocrx_word' id='word_1_74' title='bbox 252 1113 392 1179; x_wconf 75' lang='lat' dir='ltr'><strong>vocant.¹</strong></span> <span class='ocrx_word' id='word_1_75' title='bbox 900 1160 903 1165; x_wconf 89' lang='lat'>.</span> 
     </span>
    </p>

    <p class='ocr_par' dir='ltr' id='par_1_4' title="bbox 102 1181 1313 1937">
     <span class='ocr_line' id='line_1_10' title="bbox 192 1181 1249 1273; baseline 0 -24"><span class='ocrx_word' id='word_1_76' title='bbox 192 1184 291 1268; x_wconf 85' lang='lat' dir='ltr'><strong>Quos</strong></span> <span class='ocrx_word' id='word_1_77' title='bbox 301 1185 417 1250; x_wconf 85' lang='lat' dir='ltr'><strong>vivere</strong></span> <span class='ocrx_word' id='word_1_78' title='bbox 424 1181 492 1273; x_wconf 84' lang='lat' dir='ltr'><strong>fas</strong></span> <span class='ocrx_word' id='word_1_79' title='bbox 507 1196 559 1249; x_wconf 83' lang='lat' dir='ltr'><strong>est</strong></span> <span class='ocrx_word' id='word_1_80' title='bbox 577 1182 731 1273; x_wconf 85' lang='lat' dir='ltr'><strong>Occipiti</strong></span> <span class='ocrx_word' id='word_1_81' title='bbox 750 1187 881 1267; x_wconf 79' lang='lat' dir='ltr'><strong>coeco]</strong></span> <span class='ocrx_word' id='word_1_82' title='bbox 907 1182 997 1266; x_wconf 88' lang='lat' dir='ltr'><strong>Quos</strong></span> <span class='ocrx_word' id='word_1_83' title='bbox 1018 1186 1168 1267; x_wconf 86' lang='lat' dir='ltr'><strong>natalium</strong></span> <span class='ocrx_word' id='word_1_84' title='bbox 1187 1188 1249 1249; x_wconf 87' lang='lat' dir='ltr'><strong>hu-</strong></span> 
     </span>
     <span class='ocr_line' id='line_1_11' title="bbox 103 1272 1248 1359; baseline 0.002 -24"><span class='ocrx_word' id='word_1_85' title='bbox 103 1272 221 1339; x_wconf 78' lang='lat' dir='ltr'><strong>militas</strong></span> <span class='ocrx_word' id='word_1_86' title='bbox 240 1294 305 1357; x_wconf 84' lang='lat' dir='ltr'><strong>non</strong></span> <span class='ocrx_word' id='word_1_87' title='bbox 323 1273 404 1355; x_wconf 83' lang='lat' dir='ltr'><strong>cogit</strong></span> <span class='ocrx_word' id='word_1_88' title='bbox 422 1295 479 1359; x_wconf 91' lang='lat' dir='ltr'><strong>spe</strong></span> <span class='ocrx_word' id='word_1_89' title='bbox 503 1274 627 1352; x_wconf 87' lang='lat' dir='ltr'><strong>alicujus</strong></span> <span class='ocrx_word' id='word_1_90' title='bbox 652 1272 810 1335; x_wconf 89' lang='lat' dir='ltr'><strong>commodi</strong></span> <span class='ocrx_word' id='word_1_91' title='bbox 827 1274 959 1338; x_wconf 85' lang='lat' dir='ltr'><strong>scribere</strong></span> <span class='ocrx_word' id='word_1_92' title='bbox 977 1294 1012 1335; x_wconf 87' lang='lat' dir='ltr'><strong>ac</strong></span> <span class='ocrx_word' id='word_1_93' title='bbox 1032 1274 1171 1350; x_wconf 69' lang='lat' dir='ltr'><strong>recitare,</strong></span> <span class='ocrx_word' id='word_1_94' title='bbox 1191 1272 1248 1337; x_wconf 87' lang='lat' dir='ltr'><strong>sed</strong></span> 
     </span>
     <span class='ocr_line' id='line_1_12' title="bbox 104 1359 1248 1445; baseline -0.002 -22"><span class='ocrx_word' id='word_1_95' title='bbox 104 1359 176 1423; x_wconf 84' lang='lat' dir='ltr'><strong>licet</strong></span> <span class='ocrx_word' id='word_1_96' title='bbox 186 1362 309 1423; x_wconf 79' lang='lat' dir='ltr'><strong>famam</strong></span> <span class='ocrx_word' id='word_1_97' title='bbox 321 1359 360 1439; x_wconf 84' lang='lat' dir='ltr'><strong>iis</strong></span> <span class='ocrx_word' id='word_1_98' title='bbox 379 1359 492 1429; x_wconf 86' lang='lat' dir='ltr'><strong>artibus</strong></span> <span class='ocrx_word' id='word_1_99' title='bbox 508 1359 677 1445; x_wconf 84' lang='lat' dir='ltr'><strong>quaesitam</strong></span> <span class='ocrx_word' id='word_1_100' title='bbox 699 1371 893 1423; x_wconf 84' lang='lat' dir='ltr'><strong>contemnere</strong></span> <span class='ocrx_word' id='word_1_101' title='bbox 909 1370 940 1423; x_wconf 90' lang='lat' dir='ltr'><strong>et</strong></span> <span class='ocrx_word' id='word_1_102' title='bbox 961 1359 1094 1423; x_wconf 86' lang='lat' dir='ltr'><strong>eximere</strong></span> <span class='ocrx_word' id='word_1_103' title='bbox 1110 1379 1169 1423; x_wconf 78' lang='lat' dir='ltr'><strong>vos</strong></span> <span class='ocrx_word' id='word_1_104' title='bbox 1190 1380 1248 1421; x_wconf 90' lang='lat' dir='ltr'><strong>eo-</strong></span> 
     </span>
     <span class='ocr_line' id='line_1_13' title="bbox 103 1438 1248 1531; baseline -0.002 -22"><span class='ocrx_word' id='word_1_105' title='bbox 103 1464 174 1509; x_wconf 86' lang='lat' dir='ltr'><strong>mm</strong></span> <span class='ocrx_word' id='word_1_106' title='bbox 191 1438 365 1523; x_wconf 72' lang='lat' dir='ltr'><strong>cachinnis,</strong></span> <span class='ocrx_word' id='word_1_107' title='bbox 387 1445 440 1530; x_wconf 82' lang='lat' dir='ltr'><strong>qui</strong></span> <span class='ocrx_word' id='word_1_108' title='bbox 459 1445 588 1509; x_wconf 89' lang='lat' dir='ltr'><strong>miseros</strong></span> <span class='ocrx_word' id='word_1_109' title='bbox 608 1446 781 1508; x_wconf 88' lang='lat' dir='ltr'><strong>recitatores</strong></span> <span class='ocrx_word' id='word_1_110' title='bbox 795 1447 898 1531; x_wconf 86' lang='lat' dir='ltr'><strong>palam</strong></span> <span class='ocrx_word' id='word_1_111' title='bbox 915 1442 1053 1523; x_wconf 83' lang='lat' dir='ltr'><strong>laudant,</strong></span> <span class='ocrx_word' id='word_1_112' title='bbox 1076 1447 1156 1511; x_wconf 84' lang='lat' dir='ltr'><strong>clem</strong></span> <span class='ocrx_word' id='word_1_113' title='bbox 1172 1447 1248 1508; x_wconf 89' lang='lat' dir='ltr'><strong>sub-</strong></span> 
     </span>
     <span class='ocr_line' id='line_1_14' title="bbox 104 1525 1248 1617; baseline -0.003 -22"><span class='ocrx_word' id='word_1_114' title='bbox 104 1541 250 1595; x_wconf 79' lang='lat' dir='ltr'><strong>sannam:</strong></span> <span class='ocrx_word' id='word_1_115' title='bbox 273 1527 389 1597; x_wconf 77' lang='lat' dir='ltr'><strong>vivere</strong></span> <span class='ocrx_word' id='word_1_116' title='bbox 406 1527 550 1615; x_wconf 75' lang='lat' dir='ltr'><strong>occipiti</strong></span> <span class='ocrx_word' id='word_1_117' title='bbox 566 1551 668 1597; x_wconf 84' lang='lat' dir='ltr'><strong>caeco</strong></span> <span class='ocrx_word' id='word_1_118' title='bbox 685 1526 756 1592; x_wconf 84' lang='lat' dir='ltr'><strong>illis</strong></span> <span class='ocrx_word' id='word_1_119' title='bbox 768 1526 850 1614; x_wconf 77' lang='lat' dir='ltr'><strong>jas,</strong></span> <span class='ocrx_word' id='word_1_120' title='bbox 873 1529 925 1617; x_wconf 86' lang='lat' dir='ltr'><strong>qui</strong></span> <span class='ocrx_word' id='word_1_121' title='bbox 941 1531 1019 1595; x_wconf 83' lang='lat' dir='ltr'><strong>nihil</strong></span> <span class='ocrx_word' id='word_1_122' title='bbox 1031 1541 1177 1611; x_wconf 87' lang='lat' dir='ltr'><strong>coguntur</strong></span> <span class='ocrx_word' id='word_1_123' title='bbox 1191 1525 1248 1592; x_wconf 84' lang='lat' dir='ltr'><strong>ad-</strong></span> 
     </span>
     <span class='ocr_line' id='line_1_15' title="bbox 103 1614 1313 1703; baseline -0.003 -24"><span class='ocrx_word' id='word_1_124' title='bbox 103 1617 244 1698; x_wconf 86' lang='lat' dir='ltr'><strong>mittere,</strong></span> <span class='ocrx_word' id='word_1_125' title='bbox 276 1619 361 1697; x_wconf 85' lang='lat' dir='ltr'><strong>cujus</strong></span> <span class='ocrx_word' id='word_1_126' title='bbox 384 1615 477 1697; x_wconf 89' lang='lat' dir='ltr'><strong>gratia</strong></span> <span class='ocrx_word' id='word_1_127' title='bbox 498 1628 603 1703; x_wconf 89' lang='lat' dir='ltr'><strong>optare</strong></span> <span class='ocrx_word' id='word_1_128' title='bbox 624 1615 756 1679; x_wconf 90' lang='lat' dir='ltr'><strong>debeant</strong></span> <span class='ocrx_word' id='word_1_129' title='bbox 775 1616 845 1681; x_wconf 84' lang='lat' dir='ltr'><strong>Jani</strong></span> <span class='ocrx_word' id='word_1_130' title='bbox 866 1618 987 1695; x_wconf 91' lang='lat' dir='ltr'><strong>oculos,</strong></span> <span class='ocrx_word' id='word_1_131' title='bbox 1010 1614 1128 1701; x_wconf 92' lang='lat' dir='ltr'><strong>dequo</strong></span> <span class='ocrx_word' id='word_1_132' title='bbox 1148 1615 1246 1679; x_wconf 92' lang='lat' dir='ltr'><strong>modo</strong></span> <span class='ocrx_word' id='word_1_133' title='bbox 1306 1662 1313 1675; x_wconf 71' lang='grc'>,</span> 
     </span>
     <span class='ocr_line' id='line_1_16' title="bbox 104 1698 1278 1787; baseline -0.002 -22"><span class='ocrx_word' id='word_1_134' title='bbox 104 1700 232 1765; x_wconf 84' lang='lat' dir='ltr'><strong>dictum.</strong></span> <span class='ocrx_word' id='word_1_135' title='bbox 277 1698 367 1779; x_wconf 87' lang='lat' dir='ltr'><strong>[Fas</strong></span> <span class='ocrx_word' id='word_1_136' title='bbox 382 1709 434 1764; x_wconf 82' lang='lat' dir='ltr'><strong>est</strong></span> <span class='ocrx_word' id='word_1_137' title='bbox 452 1702 472 1764; x_wconf 89' lang='lat' dir='ltr'><strong>i.</strong></span> <span class='ocrx_word' id='word_1_138' title='bbox 489 1723 515 1764; x_wconf 90' lang='lat' dir='ltr'><strong>e.</strong></span> <span class='ocrx_word' id='word_1_139' title='bbox 538 1704 648 1787; x_wconf 91' lang='lat' dir='ltr'><strong>quibus</strong></span> <span class='ocrx_word' id='word_1_140' title='bbox 668 1701 851 1782; x_wconf 88' lang='lat' dir='ltr'><strong>denegatum</strong></span> <span class='ocrx_word' id='word_1_141' title='bbox 871 1722 889 1762; x_wconf 95' lang='lat' dir='ltr'><strong>a</strong></span> <span class='ocrx_word' id='word_1_142' title='bbox 908 1712 1052 1763; x_wconf 86' lang='lat' dir='ltr'><strong>natura</strong></span> <span class='ocrx_word' id='word_1_143' title='bbox 1070 1713 1118 1764; x_wconf 85' lang='lat' dir='ltr'><strong>est</strong></span> <span class='ocrx_word' id='word_1_144' title='bbox 1135 1702 1247 1767; x_wconf 71' lang='lat' dir='ltr'><strong>rivere</strong></span> <span class='ocrx_word' id='word_1_145' title='bbox 1276 1726 1278 1741; x_wconf 72' lang='lat'><strong>¹</strong></span> 
     </span>
     <span class='ocr_line' id='line_1_17' title="bbox 102 1783 1303 1937; baseline 0 -88"><span class='ocrx_word' id='word_1_146' title='bbox 102 1788 248 1937; x_wconf 64' lang='lat' dir='ltr'><strong>pecipitio</strong></span> <span class='ocrx_word' id='word_1_147' title='bbox 268 1788 365 1853; x_wconf 89' lang='lat' dir='ltr'><strong>oculis</strong></span> <span class='ocrx_word' id='word_1_148' title='bbox 387 1786 543 1874; x_wconf 79' lang='lat' dir='ltr'><strong>praedit03</strong></span> <span class='ocrx_word' id='word_1_149' title='bbox 568 1789 651 1853; x_wconf 89' lang='lat' dir='ltr'><strong>male</strong></span> <span class='ocrx_word' id='word_1_150' title='bbox 672 1788 778 1869; x_wconf 89' lang='lat' dir='ltr'><strong>igitur,</strong></span> <span class='ocrx_word' id='word_1_151' title='bbox 805 1783 929 1875; x_wconf 83' lang='lat' dir='ltr'><strong>quijus</strong></span> <span class='ocrx_word' id='word_1_152' title='bbox 954 1794 1017 1849; x_wconf 83' lang='lat' dir='ltr'><strong>est.</strong></span> <span class='ocrx_word' id='word_1_153' title='bbox 1060 1785 1159 1866; x_wconf 73' lang='lat' dir='ltr'><strong>Web,</strong></span> <span class='ocrx_word' id='word_1_154' title='bbox 1177 1797 1248 1872; x_wconf 89' lang='lat' dir='ltr'><strong>post</strong></span> <span class='ocrx_word' id='word_1_155' title='bbox 1301 1806 1303 1817; x_wconf 92' lang='grc'><strong><em>·</em></strong></span> 
     </span>
     <span class='ocr_line' id='line_1_18' title="bbox 128 1895 493 1937; baseline 0 -17"><span class='ocrx_word' id='word_1_156' title='bbox 128 1895 189 1937; x_wconf 62' lang='lat' dir='ltr'><strong>ass·</strong></span> <span class='ocrx_word' id='word_1_157' title='bbox 490 1914 493 1920; x_wconf 91' lang='grc'><em>,</em></span> 
     </span>
    </p>

    <p class='ocr_par' dir='ltr' id='par_1_5' title="bbox 98 1874 1286 3161">
     <span class='ocr_line' id='line_1_19' title="bbox 188 1874 1247 2039; baseline -0.003 -15"><span class='ocrx_word' id='word_1_158' title='bbox 188 1874 243 2026; x_wconf 78' lang='lat' dir='ltr'><strong>d2.</strong></span> <span class='ocrx_word' id='word_1_159' title='bbox 272 1955 434 2023; x_wconf 76' lang='lat' dir='ltr'><strong>Poeticae</strong></span> <span class='ocrx_word' id='word_1_160' title='bbox 448 1954 622 2022; x_wconf 85' lang='lat' dir='ltr'><strong>occurrite</strong></span> <span class='ocrx_word' id='word_1_161' title='bbox 639 1957 792 2038; x_wconf 83' lang='lat' dir='ltr'><strong>sannae.]</strong></span> <span class='ocrx_word' id='word_1_162' title='bbox 820 1953 905 2037; x_wconf 88' lang='lat' dir='ltr'><strong>Quid</strong></span> <span class='ocrx_word' id='word_1_163' title='bbox 922 1957 961 2020; x_wconf 88' lang='lat' dir='ltr'><strong>sit</strong></span> <span class='ocrx_word' id='word_1_164' title='bbox 979 1978 1075 2031; x_wconf 81' lang='lat' dir='ltr'><strong>sanna</strong></span> <span class='ocrx_word' id='word_1_165' title='bbox 1086 1960 1151 2039; x_wconf 86' lang='lat' dir='ltr'><strong>jam</strong></span> <span class='ocrx_word' id='word_1_166' title='bbox 1166 1956 1247 2021; x_wconf 86' lang='lat' dir='ltr'><strong>dixi-</strong></span> 
     </span>
     <span class='ocr_line' id='line_1_20' title="bbox 103 2040 1245 2131; baseline -0.003 -22"><span class='ocrx_word' id='word_1_167' title='bbox 103 2040 199 2117; x_wconf 80' lang='lat' dir='ltr'><strong>mus:¹</strong></span> <span class='ocrx_word' id='word_1_168' title='bbox 218 2057 318 2109; x_wconf 91' lang='lat' dir='ltr'><strong>errant</strong></span> <span class='ocrx_word' id='word_1_169' title='bbox 336 2046 387 2131; x_wconf 92' lang='lat' dir='ltr'><strong>qui</strong></span> <span class='ocrx_word' id='word_1_170' title='bbox 404 2042 553 2108; x_wconf 89' lang='lat' dir='ltr'><strong>Graecam</strong></span> <span class='ocrx_word' id='word_1_171' title='bbox 565 2067 678 2108; x_wconf 83' lang='lat' dir='ltr'><strong>vocem</strong></span> <span class='ocrx_word' id='word_1_172' title='bbox 690 2055 813 2129; x_wconf 71' lang='lat' dir='ltr'><strong>putant,</strong></span> <span class='ocrx_word' id='word_1_173' title='bbox 839 2045 915 2107; x_wconf 89' lang='lat' dir='ltr'><strong>olim</strong></span> <span class='ocrx_word' id='word_1_174' title='bbox 935 2045 1110 2109; x_wconf 80' lang='lat' dir='ltr'><strong>observavit</strong></span> <span class='ocrx_word' id='word_1_175' title='bbox 1128 2043 1245 2119; x_wconf 46' lang='lat' dir='ltr'><strong>Aristo,-</strong></span> 
     </span>
     <span class='ocr_line' id='line_1_21' title="bbox 101 2127 1286 2216; baseline 0.001 -23"><span class='ocrx_word' id='word_1_176' title='bbox 101 2132 222 2216; x_wconf 87' lang='lat' dir='ltr'><strong>phanes</strong></span> <span class='ocrx_word' id='word_1_177' title='bbox 239 2131 453 2213; x_wconf 83' lang='lat' dir='ltr'><strong>grammaticus</strong></span> <span class='ocrx_word' id='word_1_178' title='bbox 469 2130 626 2194; x_wconf 83' lang='lat' dir='ltr'><strong>Cratinum</strong></span> <span class='ocrx_word' id='word_1_179' title='bbox 640 2130 792 2193; x_wconf 85' lang='lat' dir='ltr'><strong>cornicum</strong></span> <span class='ocrx_word' id='word_1_180' title='bbox 814 2150 851 2192; x_wconf 85' lang='lat' dir='ltr'><strong>ex</strong></span> <span class='ocrx_word' id='word_1_181' title='bbox 872 2130 1016 2193; x_wconf 87' lang='lat' dir='ltr'><strong>omnibus</strong></span> <span class='ocrx_word' id='word_1_182' title='bbox 1029 2127 1153 2193; x_wconf 87' lang='lat' dir='ltr'><strong>Graecis</strong></span> <span class='ocrx_word' id='word_1_183' title='bbox 1169 2130 1245 2195; x_wconf 90' lang='lat' dir='ltr'><strong>scri-</strong></span> <span class='ocrx_word' id='word_1_184' title='bbox 1285 2128 1286 2135; x_wconf 59' lang='lat'><em>&#39;</em></span> 
     </span>
     <span class='ocr_line' id='line_1_22' title="bbox 122 2211 1245 2302; baseline 0.001 -24"><span class='ocrx_word' id='word_1_185' title='bbox 122 2217 241 2301; x_wconf 80' lang='lat' dir='ltr'><strong>toribus¹</strong></span> <span class='ocrx_word' id='word_1_186' title='bbox 255 2218 381 2292; x_wconf 79' lang='grc' dir='ltr'><strong><em>σάονας</em></strong></span> <span class='ocrx_word' id='word_1_187' title='bbox 394 2238 506 2280; x_wconf 80' lang='lat' dir='ltr'><strong>vocem</strong></span> <span class='ocrx_word' id='word_1_188' title='bbox 521 2216 662 2302; x_wconf 83' lang='lat' dir='ltr'><strong>posuisse</strong></span> <span class='ocrx_word' id='word_1_189' title='bbox 674 2237 729 2301; x_wconf 91' lang='lat' dir='ltr'><strong>pro</strong></span> <span class='ocrx_word' id='word_1_190' title='bbox 745 2212 848 2277; x_wconf 81' lang='lat' dir='ltr'><strong>stulto</strong></span> <span class='ocrx_word' id='word_1_191' title='bbox 865 2211 1020 2301; x_wconf 76' lang='lat' dir='ltr'><strong>[Fragor.</strong></span> <span class='ocrx_word' id='word_1_192' title='bbox 1037 2212 1176 2279; x_wconf 79' lang='lat' dir='ltr'><strong>Cratini</strong></span> <span class='ocrx_word' id='word_1_193' title='bbox 1193 2215 1245 2299; x_wconf 80' lang='lat' dir='ltr'><strong>ed.</strong></span> 
     </span>
     <span class='ocr_line' id='line_1_23' title="bbox 100 2238 1244 2389; baseline -0.003 -22"><span class='ocrx_word' id='word_1_194' title='bbox 100 2238 235 2367; x_wconf 80' lang='lat' dir='ltr'><strong>itunket</strong></span> <span class='ocrx_word' id='word_1_195' title='bbox 251 2325 281 2389; x_wconf 91' lang='lat' dir='ltr'><strong>p.</strong></span> <span class='ocrx_word' id='word_1_196' title='bbox 301 2308 352 2383; x_wconf 76' lang='lat'><strong>94,</strong></span> <span class='ocrx_word' id='word_1_197' title='bbox 373 2303 427 2365; x_wconf 88' lang='lat' dir='ltr'><strong>ubi</strong></span> <span class='ocrx_word' id='word_1_198' title='bbox 442 2313 471 2363; x_wconf 90' lang='lat' dir='ltr'><strong>et</strong></span> <span class='ocrx_word' id='word_1_199' title='bbox 483 2300 634 2365; x_wconf 87' lang='lat' dir='ltr'><strong>Eustatlrii</strong></span> <span class='ocrx_word' id='word_1_200' title='bbox 650 2301 711 2363; x_wconf 92' lang='lat' dir='ltr'><strong>loci</strong></span> <span class='ocrx_word' id='word_1_201' title='bbox 733 2299 893 2381; x_wconf 87' lang='lat' dir='ltr'><strong>indicati.]:</strong></span> <span class='ocrx_word' id='word_1_202' title='bbox 916 2301 1037 2381; x_wconf 85' lang='lat' dir='ltr'><strong>conjicit</strong></span> <span class='ocrx_word' id='word_1_203' title='bbox 1056 2312 1160 2364; x_wconf 88' lang='lat' dir='ltr'><strong>autem</strong></span> <span class='ocrx_word' id='word_1_204' title='bbox 1176 2299 1244 2363; x_wconf 87' lang='lat' dir='ltr'><strong>Eu-</strong></span> 
     </span>
     <span class='ocr_line' id='line_1_24' title="bbox 100 2384 1243 2475; baseline -0.003 -22"><span class='ocrx_word' id='word_1_205' title='bbox 100 2389 231 2455; x_wconf 84' lang='lat' dir='ltr'><strong>stathius</strong></span> <span class='ocrx_word' id='word_1_206' title='bbox 244 2409 264 2451; x_wconf 89' lang='lat' dir='ltr'><strong>a</strong></span> <span class='ocrx_word' id='word_1_207' title='bbox 276 2387 388 2451; x_wconf 83' lang='lat' dir='ltr'><strong>Sennis</strong></span> <span class='ocrx_word' id='word_1_208' title='bbox 401 2389 540 2475; x_wconf 86' lang='lat' dir='ltr'><strong>populis,</strong></span> <span class='ocrx_word' id='word_1_209' title='bbox 563 2409 639 2473; x_wconf 92' lang='lat' dir='ltr'><strong>quos</strong></span> <span class='ocrx_word' id='word_1_210' title='bbox 657 2386 753 2471; x_wconf 89' lang='lat' dir='ltr'><strong>ipsius</strong></span> <span class='ocrx_word' id='word_1_211' title='bbox 771 2397 854 2449; x_wconf 90' lang='lat' dir='ltr'><strong>aetas</strong></span> <span class='ocrx_word' id='word_1_212' title='bbox 873 2389 1005 2473; x_wconf 81' lang='lat' dir='ltr'><strong>vocabat</strong></span> <span class='ocrx_word' id='word_1_213' title='bbox 1019 2384 1160 2473; x_wconf 85' lang='lat' dir='ltr'><strong>Tzanos,</strong></span> <span class='ocrx_word' id='word_1_214' title='bbox 1181 2387 1243 2451; x_wconf 87' lang='lat' dir='ltr'><strong>hoc</strong></span> 
     </span>
     <span class='ocr_line' id='line_1_25' title="bbox 98 2470 1243 2555; baseline -0.002 -18"><span class='ocrx_word' id='word_1_215' title='bbox 98 2494 218 2555; x_wconf 84' lang='lat' dir='ltr'><strong>nornen</strong></span> <span class='ocrx_word' id='word_1_216' title='bbox 239 2472 506 2538; x_wconf 87' lang='lat' dir='ltr'><strong>translatumesse</strong></span> <span class='ocrx_word' id='word_1_217' title='bbox 527 2472 568 2535; x_wconf 91' lang='lat' dir='ltr'><strong>ad</strong></span> <span class='ocrx_word' id='word_1_218' title='bbox 591 2473 845 2553; x_wconf 87' lang='lat' dir='ltr'><strong>significationem</strong></span> <span class='ocrx_word' id='word_1_219' title='bbox 863 2470 1006 2535; x_wconf 87' lang='lat' dir='ltr'><strong>stultitiae</strong></span> <span class='ocrx_word' id='word_1_220' title='bbox 1024 2471 1083 2550; x_wconf 76' lang='lat' dir='ltr'><strong>[cf.</strong></span> <span class='ocrx_word' id='word_1_221' title='bbox 1104 2471 1187 2552; x_wconf 86' lang='lat' dir='ltr'><strong>Pt.];</strong></span> <span class='ocrx_word' id='word_1_222' title='bbox 1208 2484 1243 2535; x_wconf 91' lang='lat' dir='ltr'><strong>ut</strong></span> 
     </span>
     <span class='ocr_line' id='line_1_26' title="bbox 99 2552 1254 2646; baseline -0.001 -23"><span class='ocrx_word' id='word_1_223' title='bbox 99 2554 202 2623; x_wconf 87' lang='lat' dir='ltr'><strong>Latini</strong></span> <span class='ocrx_word' id='word_1_224' title='bbox 222 2561 404 2646; x_wconf 78' lang='lat' dir='ltr'><strong>rupiconem</strong></span> <span class='ocrx_word' id='word_1_225' title='bbox 418 2572 448 2621; x_wconf 91' lang='lat' dir='ltr'><strong>et</strong></span> <span class='ocrx_word' id='word_1_226' title='bbox 468 2570 618 2640; x_wconf 87' lang='lat' dir='ltr'><strong>agrestem</strong></span> <span class='ocrx_word' id='word_1_227' title='bbox 639 2557 779 2621; x_wconf 81' lang='lat' dir='ltr'><strong>dixerunt</strong></span> <span class='ocrx_word' id='word_1_228' title='bbox 801 2554 966 2642; x_wconf 81' lang='lat' dir='ltr'><strong>Opicum,</strong></span> <span class='ocrx_word' id='word_1_229' title='bbox 983 2558 1131 2643; x_wconf 85' lang='lat' dir='ltr'><strong>pinguem</strong></span> <span class='ocrx_word' id='word_1_230' title='bbox 1154 2552 1254 2645; x_wconf 70' lang='grc' dir='ltr'><em>Πηι-ι,</em></span> 
     </span>
     <span class='ocr_line' id='line_1_27' title="bbox 100 2641 1243 2731; baseline 0 -22"><span class='ocrx_word' id='word_1_231' title='bbox 100 2642 218 2717; x_wconf 77' lang='lat' dir='ltr'><strong>trum,</strong></span> <span class='ocrx_word' id='word_1_232' title='bbox 246 2648 374 2709; x_wconf 87' lang='lat' dir='ltr'><strong>stultum</strong></span> <span class='ocrx_word' id='word_1_233' title='bbox 403 2641 665 2708; x_wconf 81' lang='lat' dir='ltr'><strong>Marrucinum.-</strong></span> <span class='ocrx_word' id='word_1_234' title='bbox 684 2666 742 2708; x_wconf 91' lang='lat' dir='ltr'><strong>nos</strong></span> <span class='ocrx_word' id='word_1_235' title='bbox 763 2644 952 2731; x_wconf 89' lang='lat' dir='ltr'><strong>suspicamur</strong></span> <span class='ocrx_word' id='word_1_236' title='bbox 981 2644 1131 2724; x_wconf 85' lang='lat' dir='ltr'><strong>originem</strong></span> <span class='ocrx_word' id='word_1_237' title='bbox 1155 2645 1243 2709; x_wconf 81' lang='lat' dir='ltr'><strong>vocis</strong></span> 
     </span>
     <span class='ocr_line' id='line_1_28' title="bbox 101 2724 1244 2809; baseline 0 -14"><span class='ocrx_word' id='word_1_238' title='bbox 101 2752 169 2795; x_wconf 84' lang='lat' dir='ltr'><strong>esse</strong></span> <span class='ocrx_word' id='word_1_239' title='bbox 183 2734 223 2795; x_wconf 91' lang='lat' dir='ltr'><strong>ab</strong></span> <span class='ocrx_word' id='word_1_240' title='bbox 235 2730 451 2795; x_wconf 82' lang='lat' dir='ltr'><strong>Hebraeorum</strong></span> <span class='ocrx_word' id='word_1_241' title='bbox 473 2733 569 2794; x_wconf 84' lang='lat' dir='ltr'><strong>verbo</strong></span> <span class='ocrx_word' id='word_1_242' title='bbox 589 2739 644 2808; x_wconf 69' lang='lat' dir='ltr'><strong>put</strong></span> <span class='ocrx_word' id='word_1_243' title='bbox 663 2750 806 2794; x_wconf 78' lang='lat' dir='ltr'><strong>acuere:</strong></span> <span class='ocrx_word' id='word_1_244' title='bbox 827 2728 910 2793; x_wconf 91' lang='lat' dir='ltr'><strong>unde</strong></span> <span class='ocrx_word' id='word_1_245' title='bbox 933 2735 973 2809; x_wconf 68' lang='lat' dir='ltr'><strong>tul</strong></span> <span class='ocrx_word' id='word_1_246' title='bbox 992 2724 1076 2793; x_wconf 74' lang='lat' dir='ltr'><strong>dens</strong></span> <span class='ocrx_word' id='word_1_247' title='bbox 1096 2741 1128 2793; x_wconf 84' lang='lat' dir='ltr'><strong>et</strong></span> <span class='ocrx_word' id='word_1_248' title='bbox 1147 2736 1244 2795; x_wconf 65' lang='lat' dir='ltr'><strong>oltra!</strong></span> 
     </span>
     <span class='ocr_line' id='line_1_29' title="bbox 100 2813 1242 2896; baseline 0.001 -17"><span class='ocrx_word' id='word_1_249' title='bbox 100 2813 268 2887; x_wconf 79' lang='lat' dir='ltr'><strong>aculeata</strong></span> <span class='ocrx_word' id='word_1_250' title='bbox 291 2816 421 2893; x_wconf 77' lang='lat' dir='ltr'><strong>oratio,</strong></span> <span class='ocrx_word' id='word_1_251' title='bbox 451 2815 623 2896; x_wconf 89' lang='lat' dir='ltr'><strong>cujusmodi</strong></span> <span class='ocrx_word' id='word_1_252' title='bbox 648 2829 694 2880; x_wconf 89' lang='lat' dir='ltr'><strong>est</strong></span> <span class='ocrx_word' id='word_1_253' title='bbox 713 2837 819 2879; x_wconf 87' lang='lat' dir='ltr'><strong>sanna.</strong></span> <span class='ocrx_word' id='word_1_254' title='bbox 851 2813 960 2879; x_wconf 87' lang='lat' dir='ltr'><strong>Graeci</strong></span> <span class='ocrx_word' id='word_1_255' title='bbox 980 2815 1089 2887; x_wconf 83' lang='lat' dir='ltr'><strong>eadem</strong></span> <span class='ocrx_word' id='word_1_256' title='bbox 1112 2815 1242 2881; x_wconf 88' lang='lat' dir='ltr'><strong>notione</strong></span> 
     </span>
     <span class='ocr_line' id='line_1_30' title="bbox 100 2901 1241 2989; baseline 0 -22"><span class='ocrx_word' id='word_1_257' title='bbox 100 2904 195 2967; x_wconf 84' lang='lat' dir='ltr'><strong>etiam</strong></span> <span class='ocrx_word' id='word_1_258' title='bbox 209 2925 324 2969; x_wconf 84' lang='lat' dir='ltr'><strong>rocem</strong></span> <span class='ocrx_word' id='word_1_259' title='bbox 340 2905 452 2989; x_wconf 79' lang='grc' dir='ltr'><strong><em>μῶκος</em></strong></span> <span class='ocrx_word' id='word_1_260' title='bbox 463 2913 647 2988; x_wconf 85' lang='lat' dir='ltr'><strong>posuerunt:</strong></span> <span class='ocrx_word' id='word_1_261' title='bbox 669 2924 743 2965; x_wconf 92' lang='lat' dir='ltr'><strong>nam</strong></span> <span class='ocrx_word' id='word_1_262' title='bbox 757 2903 873 2985; x_wconf 73' lang='grc' dir='ltr'><strong><em>μῶκον</em></strong></span> <span class='ocrx_word' id='word_1_263' title='bbox 889 2902 932 2965; x_wconf 89' lang='lat' dir='ltr'><strong>ita</strong></span> <span class='ocrx_word' id='word_1_264' title='bbox 947 2901 1054 2967; x_wconf 87' lang='lat' dir='ltr'><strong>delinit</strong></span> <span class='ocrx_word' id='word_1_265' title='bbox 1066 2902 1241 2989; x_wconf 86' lang='lat' dir='ltr'><strong>Simplicius</strong></span> 
     </span>
     <span class='ocr_line' id='line_1_31' title="bbox 99 2981 1240 3077; baseline 0.002 -24"><span class='ocrx_word' id='word_1_266' title='bbox 99 2990 131 3053; x_wconf 87' lang='lat' dir='ltr'><strong>in</strong></span> <span class='ocrx_word' id='word_1_267' title='bbox 141 2988 338 3077; x_wconf 87' lang='lat' dir='ltr'><strong>Epictetum:</strong></span> <span class='ocrx_word' id='word_1_268' title='bbox 360 2982 473 3071; x_wconf 76' lang='grc' dir='ltr'><strong><em>μῶκός</em></strong></span> <span class='ocrx_word' id='word_1_269' title='bbox 487 2983 576 3051; x_wconf 81' lang='grc' dir='ltr'><strong><em>ἐστιν</em></strong></span> <span class='ocrx_word' id='word_1_270' title='bbox 589 2982 607 3050; x_wconf 87' lang='grc' dir='ltr'>ὁ</span> <span class='ocrx_word' id='word_1_271' title='bbox 618 2982 845 3070; x_wconf 76' lang='grc' dir='ltr'><strong><em>μυκτηρισμὸς</em></strong></span> <span class='ocrx_word' id='word_1_272' title='bbox 861 2984 918 3059; x_wconf 80' lang='grc' dir='ltr'><strong>καὶ</strong></span> <span class='ocrx_word' id='word_1_273' title='bbox 932 2981 951 3052; x_wconf 88' lang='grc' dir='ltr'><strong><em>ὁ</em></strong></span> <span class='ocrx_word' id='word_1_274' title='bbox 966 2984 1020 3053; x_wconf 78' lang='lat' dir='ltr'><strong>deri</strong></span> <span class='ocrx_word' id='word_1_275' title='bbox 1041 2992 1146 3055; x_wconf 78' lang='grc' dir='ltr'><strong><em>ποιοῦ</em></strong></span> <span class='ocrx_word' id='word_1_276' title='bbox 1158 2987 1240 3076; x_wconf 77' lang='grc' dir='ltr'><strong><em>σχή-</em></strong></span> 
     </span>
     <span class='ocr_line' id='line_1_32' title="bbox 100 3068 1097 3161; baseline 0.001 -22"><span class='ocrx_word' id='word_1_277' title='bbox 100 3096 204 3161; x_wconf 74' lang='grc' dir='ltr'><strong><em>ματος</em></strong></span> <span class='ocrx_word' id='word_1_278' title='bbox 221 3068 426 3158; x_wconf 73' lang='grc' dir='ltr'><strong><em>εὐκελισμόςε</em></strong></span> <span class='ocrx_word' id='word_1_279' title='bbox 447 3075 539 3159; x_wconf 89' lang='lat' dir='ltr'><strong>plane</strong></span> <span class='ocrx_word' id='word_1_280' title='bbox 554 3094 683 3137; x_wconf 90' lang='lat' dir='ltr'><strong>sannam</strong></span> <span class='ocrx_word' id='word_1_281' title='bbox 696 3075 807 3136; x_wconf 88' lang='lat' dir='ltr'><strong>melius</strong></span> <span class='ocrx_word' id='word_1_282' title='bbox 822 3095 887 3135; x_wconf 90' lang='lat' dir='ltr'><strong>non</strong></span> <span class='ocrx_word' id='word_1_283' title='bbox 901 3085 947 3136; x_wconf 91' lang='lat' dir='ltr'><strong>est</strong></span> <span class='ocrx_word' id='word_1_284' title='bbox 961 3072 1097 3142; x_wconf 87' lang='lat' dir='ltr'><strong>definire.</strong></span> 
     </span>
    </p>

    <p class='ocr_par' dir='ltr' id='par_1_6' title="bbox 96 3156 1291 3582">
     <span class='ocr_line' id='line_1_33' title="bbox 184 3156 1291 3245; baseline 0.003 -20"><span class='ocrx_word' id='word_1_285' title='bbox 184 3165 239 3225; x_wconf 85' lang='lat'><strong>63.</strong></span> <span class='ocrx_word' id='word_1_286' title='bbox 265 3159 348 3235; x_wconf 81' lang='lat' dir='ltr'><strong>Quis</strong></span> <span class='ocrx_word' id='word_1_287' title='bbox 368 3157 492 3245; x_wconf 79' lang='lat' dir='ltr'><strong>populi</strong></span> <span class='ocrx_word' id='word_1_288' title='bbox 514 3179 627 3221; x_wconf 85' lang='lat' dir='ltr'><strong>sermo</strong></span> <span class='ocrx_word' id='word_1_289' title='bbox 650 3158 726 3221; x_wconf 79' lang='lat' dir='ltr'><strong>est?</strong></span> <span class='ocrx_word' id='word_1_290' title='bbox 748 3156 824 3244; x_wconf 83' lang='lat' dir='ltr'><strong>quis</strong></span> <span class='ocrx_word' id='word_1_291' title='bbox 840 3157 961 3222; x_wconf 83' lang='lat' dir='ltr'><strong>enim?</strong></span> <span class='ocrx_word' id='word_1_292' title='bbox 987 3158 1291 3242; x_wconf 74' lang='lat' dir='ltr'><strong>nisicarmina107</strong></span> 
     </span>
     <span class='ocr_line' id='line_1_34' title="bbox 98 3242 1240 3336; baseline 0.004 -27"><span class='ocrx_word' id='word_1_293' title='bbox 98 3243 202 3311; x_wconf 82' lang='lat' dir='ltr'><strong>molli</strong></span> <span class='ocrx_word' id='word_1_294' title='bbox 222 3242 287 3326; x_wconf 77' lang='grc' dir='ltr'><strong>Ν]</strong></span> <span class='ocrx_word' id='word_1_295' title='bbox 304 3247 396 3315; x_wconf 83' lang='lat' dir='ltr'><strong>&#39;Haec</strong></span> <span class='ocrx_word' id='word_1_296' title='bbox 411 3246 497 3308; x_wconf 91' lang='lat' dir='ltr'><strong>tertia</strong></span> <span class='ocrx_word' id='word_1_297' title='bbox 514 3244 629 3308; x_wconf 88' lang='lat' dir='ltr'><strong>Satirae</strong></span> <span class='ocrx_word' id='word_1_298' title='bbox 644 3266 732 3331; x_wconf 88' lang='lat' dir='ltr'><strong>pars,</strong></span> <span class='ocrx_word' id='word_1_299' title='bbox 755 3249 839 3324; x_wconf 89' lang='lat' dir='ltr'><strong>cujus</strong></span> <span class='ocrx_word' id='word_1_300' title='bbox 853 3245 1035 3309; x_wconf 87' lang='lat' dir='ltr'><strong>sententiam</strong></span> <span class='ocrx_word' id='word_1_301' title='bbox 1048 3258 1119 3311; x_wconf 90' lang='lat' dir='ltr'><strong>ante</strong></span> <span class='ocrx_word' id='word_1_302' title='bbox 1140 3271 1240 3336; x_wconf 84' lang='lat' dir='ltr'><strong>expo-</strong></span> 
     </span>
     <span class='ocr_line' id='line_1_35' title="bbox 96 3330 1239 3419; baseline 0.002 -22"><span class='ocrx_word' id='word_1_303' title='bbox 96 3333 232 3397; x_wconf 80' lang='lat' dir='ltr'><strong>suimus:</strong></span> <span class='ocrx_word' id='word_1_304' title='bbox 255 3354 348 3419; x_wconf 91' lang='lat' dir='ltr'><strong>quam</strong></span> <span class='ocrx_word' id='word_1_305' title='bbox 370 3355 442 3409; x_wconf 83' lang='lat' dir='ltr'><strong>uam</strong></span> <span class='ocrx_word' id='word_1_306' title='bbox 453 3352 517 3392; x_wconf 92' lang='lat' dir='ltr'><strong>non</strong></span> <span class='ocrx_word' id='word_1_307' title='bbox 529 3330 700 3417; x_wconf 87' lang='lat' dir='ltr'><strong>displiceat,</strong></span> <span class='ocrx_word' id='word_1_308' title='bbox 723 3331 1239 3417; x_wconf 89' lang='lat' dir='ltr'><strong>siprioribushaecconnectantur,</strong></span> 
     </span>
     <span class='ocr_line' id='line_1_36' title="bbox 98 3355 1239 3501; baseline 0.003 -20"><span class='ocrx_word' id='word_1_309' title='bbox 98 3430 130 3481; x_wconf 89' lang='lat' dir='ltr'><strong>ut</strong></span> <span class='ocrx_word' id='word_1_310' title='bbox 145 3418 264 3482; x_wconf 88' lang='lat' dir='ltr'><strong>sithoc</strong></span> <span class='ocrx_word' id='word_1_311' title='bbox 278 3355 497 3480; x_wconf 77' lang='lat' dir='ltr'><strong>duodecimum</strong></span> <span class='ocrx_word' id='word_1_312' title='bbox 513 3415 613 3498; x_wconf 79' lang='grc' dir='ltr'><strong><em>μέρος</em></strong></span> <span class='ocrx_word' id='word_1_313' title='bbox 628 3417 689 3479; x_wconf 84' lang='grc' dir='ltr'><strong>τοῦ</strong></span> <span class='ocrx_word' id='word_1_314' title='bbox 707 3411 842 3496; x_wconf 81' lang='grc' dir='ltr'><strong><em>πρώτου</em></strong></span> <span class='ocrx_word' id='word_1_315' title='bbox 859 3414 997 3501; x_wconf 68' lang='grc' dir='ltr'><strong><em>μέλοοςτ</em></strong></span> <span class='ocrx_word' id='word_1_316' title='bbox 1018 3440 1108 3499; x_wconf 87' lang='lat' dir='ltr'><strong>narn,</strong></span> <span class='ocrx_word' id='word_1_317' title='bbox 1130 3433 1164 3485; x_wconf 88' lang='lat' dir='ltr'><strong>ut</strong></span> <span class='ocrx_word' id='word_1_318' title='bbox 1181 3444 1239 3488; x_wconf 82' lang='lat' dir='ltr'><strong>ve·</strong></span> 
     </span>
     <span class='ocr_line' id='line_1_37' title="bbox 96 3500 1123 3582; baseline -0.004 -13"><span class='ocrx_word' id='word_1_319' title='bbox 96 3515 176 3569; x_wconf 84' lang='lat' dir='ltr'><strong>teres</strong></span> <span class='ocrx_word' id='word_1_320' title='bbox 193 3504 289 3566; x_wconf 93' lang='lat' dir='ltr'><strong>critici</strong></span> <span class='ocrx_word' id='word_1_321' title='bbox 302 3515 425 3567; x_wconf 89' lang='lat' dir='ltr'><strong>censent</strong></span> <span class='ocrx_word' id='word_1_322' title='bbox 437 3513 533 3581; x_wconf 89' lang='lat' dir='ltr'><strong>recte,</strong></span> <span class='ocrx_word' id='word_1_323' title='bbox 554 3503 639 3582; x_wconf 88' lang='lat' dir='ltr'><strong>jungi</strong></span> <span class='ocrx_word' id='word_1_324' title='bbox 650 3505 727 3565; x_wconf 88' lang='lat' dir='ltr'><strong>haec</strong></span> <span class='ocrx_word' id='word_1_325' title='bbox 741 3500 855 3565; x_wconf 92' lang='lat' dir='ltr'><strong>debent</strong></span> <span class='ocrx_word' id='word_1_326' title='bbox 868 3524 938 3564; x_wconf 88' lang='lat' dir='ltr'><strong>curn</strong></span> <span class='ocrx_word' id='word_1_327' title='bbox 951 3503 1005 3565; x_wconf 89' lang='lat' dir='ltr'><strong>illo</strong></span> <span class='ocrx_word' id='word_1_328' title='bbox 1015 3525 1123 3568; x_wconf 83' lang='lat' dir='ltr'><strong>versu:</strong></span> 
     </span>
    </p>

    <p class='ocr_par' dir='ltr' id='par_1_7' title="bbox 95 3584 1346 3998">
     <span class='ocr_line' id='line_1_38' title="bbox 181 3584 1208 3674; baseline 0 -21"><span class='ocrx_word' id='word_1_329' title='bbox 181 3585 231 3653; x_wconf 82' lang='lat' dir='ltr'><strong>Er</strong></span> <span class='ocrx_word' id='word_1_330' title='bbox 245 3610 384 3664; x_wconf 77' lang='lat' dir='ltr'><strong>verum,</strong></span> <span class='ocrx_word' id='word_1_331' title='bbox 408 3585 540 3674; x_wconf 80' lang='lat' dir='ltr'><strong>inquis,</strong></span> <span class='ocrx_word' id='word_1_332' title='bbox 563 3608 661 3661; x_wconf 82' lang='lat' dir='ltr'><strong>amo;</strong></span> <span class='ocrx_word' id='word_1_333' title='bbox 683 3607 803 3651; x_wconf 79' lang='lat' dir='ltr'><strong>verum</strong></span> <span class='ocrx_word' id='word_1_334' title='bbox 826 3586 915 3651; x_wconf 82' lang='lat' dir='ltr'><strong>milri</strong></span> <span class='ocrx_word' id='word_1_335' title='bbox 935 3584 1042 3651; x_wconf 84' lang='lat' dir='ltr'><strong>dicite</strong></span> <span class='ocrx_word' id='word_1_336' title='bbox 1068 3589 1111 3653; x_wconf 80' lang='lat' dir='ltr'><strong>cle</strong></span> <span class='ocrx_word' id='word_1_337' title='bbox 1134 3611 1208 3668; x_wconf 88' lang='lat' dir='ltr'><strong>me;</strong></span> 
     </span>
     <span class='ocr_line' id='line_1_39' title="bbox 96 3672 1239 3764; baseline 0.002 -25"><span class='ocrx_word' id='word_1_338' title='bbox 96 3674 139 3739; x_wconf 89' lang='lat' dir='ltr'><strong>ibi</strong></span> <span class='ocrx_word' id='word_1_339' title='bbox 156 3672 300 3763; x_wconf 91' lang='lat' dir='ltr'><strong>putidam</strong></span> <span class='ocrx_word' id='word_1_340' title='bbox 310 3673 506 3751; x_wconf 77' lang='grc' dir='ltr'><strong><em>κενοδοξίαν</em></strong></span> <span class='ocrx_word' id='word_1_341' title='bbox 522 3678 666 3754; x_wconf 88' lang='lat' dir='ltr'><strong>arguebat</strong></span> <span class='ocrx_word' id='word_1_342' title='bbox 685 3675 850 3737; x_wconf 89' lang='lat' dir='ltr'><strong>hominum</strong></span> <span class='ocrx_word' id='word_1_343' title='bbox 865 3674 982 3738; x_wconf 89' lang='lat' dir='ltr'><strong>laudari</strong></span> <span class='ocrx_word' id='word_1_344' title='bbox 996 3675 1029 3737; x_wconf 94' lang='lat' dir='ltr'><strong>in</strong></span> <span class='ocrx_word' id='word_1_345' title='bbox 1052 3699 1087 3740; x_wconf 88' lang='lat' dir='ltr'><strong>os</strong></span> <span class='ocrx_word' id='word_1_346' title='bbox 1110 3679 1239 3764; x_wconf 88' lang='lat' dir='ltr'><strong>cupien-</strong></span> 
     </span>
     <span class='ocr_line' id='line_1_40' title="bbox 96 3757 1346 3843; baseline 0.003 -20"><span class='ocrx_word' id='word_1_347' title='bbox 96 3763 191 3840; x_wconf 89' lang='lat' dir='ltr'><strong>tium,</strong></span> <span class='ocrx_word' id='word_1_348' title='bbox 212 3763 284 3823; x_wconf 92' lang='lat' dir='ltr'><strong>heic</strong></span> <span class='ocrx_word' id='word_1_349' title='bbox 297 3760 424 3824; x_wconf 85' lang='lat' dir='ltr'><strong>foedam</strong></span> <span class='ocrx_word' id='word_1_350' title='bbox 437 3760 646 3835; x_wconf 84' lang='lat' dir='ltr'><strong>adulationem</strong></span> <span class='ocrx_word' id='word_1_351' title='bbox 663 3757 804 3823; x_wconf 87' lang='lat' dir='ltr'><strong>describit</strong></span> <span class='ocrx_word' id='word_1_352' title='bbox 819 3757 1018 3829; x_wconf 85' lang='lat' dir='ltr'><strong>Gnathonum</strong></span> <span class='ocrx_word' id='word_1_353' title='bbox 1032 3761 1176 3843; x_wconf 83' lang='lat' dir='ltr'><strong>istorum,</strong></span> <span class='ocrx_word' id='word_1_354' title='bbox 1197 3762 1238 3827; x_wconf 91' lang='lat' dir='ltr'><strong>de</strong></span> <span class='ocrx_word' id='word_1_355' title='bbox 1343 3828 1346 3835; x_wconf 81' lang='grc'>,</span> 
     </span>
     <span class='ocr_line' id='line_1_41' title="bbox 96 3843 1238 3933; baseline 0.001 -22"><span class='ocrx_word' id='word_1_356' title='bbox 96 3848 205 3933; x_wconf 84' lang='lat' dir='ltr'><strong>quibus</strong></span> <span class='ocrx_word' id='word_1_357' title='bbox 216 3859 289 3909; x_wconf 90' lang='lat' dir='ltr'><strong>ante</strong></span> <span class='ocrx_word' id='word_1_358' title='bbox 303 3859 349 3911; x_wconf 90' lang='lat' dir='ltr'><strong>est</strong></span> <span class='ocrx_word' id='word_1_359' title='bbox 362 3846 486 3909; x_wconf 88' lang='lat' dir='ltr'><strong>dictum.</strong></span> <span class='ocrx_word' id='word_1_360' title='bbox 532 3843 632 3926; x_wconf 82' lang='lat' dir='ltr'><strong>[Quis</strong></span> <span class='ocrx_word' id='word_1_361' title='bbox 649 3843 774 3931; x_wconf 82' lang='lat' dir='ltr'><strong>populi</strong></span> <span class='ocrx_word' id='word_1_362' title='bbox 789 3858 904 3910; x_wconf 76' lang='lat' dir='ltr'><strong>serino</strong></span> <span class='ocrx_word' id='word_1_363' title='bbox 920 3853 973 3907; x_wconf 84' lang='lat' dir='ltr'><strong>est</strong></span> <span class='ocrx_word' id='word_1_364' title='bbox 988 3859 1059 3911; x_wconf 90' lang='lat' dir='ltr'><strong>sunt</strong></span> <span class='ocrx_word' id='word_1_365' title='bbox 1074 3851 1168 3913; x_wconf 86' lang='lat' dir='ltr'><strong>rerba</strong></span> <span class='ocrx_word' id='word_1_366' title='bbox 1180 3847 1238 3912; x_wconf 87' lang='lat' dir='ltr'><strong>ad-</strong></span> 
     </span>
     <span class='ocr_line' id='line_1_42' title="bbox 95 3954 229 3998; baseline -0.045 -1"><span class='ocrx_word' id='word_1_367' title='bbox 95 3954 229 3998; x_wconf 76' lang='lat' dir='ltr'><strong>versam.</strong></span> 
     </span>
    </p>

    <p class='ocr_par' dir='ltr' id='par_1_8' title="bbox 94 3935 1301 4533">
     <span class='ocr_line' id='line_1_43' title="bbox 182 3935 1237 4102; baseline 0.004 -23"><span class='ocrx_word' id='word_1_368' title='bbox 182 3935 273 4099; x_wconf 82' lang='lat' dir='ltr'><strong>Qriis</strong></span> <span class='ocrx_word' id='word_1_369' title='bbox 295 4013 431 4096; x_wconf 73' lang='lat' dir='ltr'><strong>enimi]</strong></span> <span class='ocrx_word' id='word_1_370' title='bbox 453 4009 723 4099; x_wconf 76' lang='lat' dir='ltr'><strong>&#39;Eppnriuor&#39;iura</strong></span> <span class='ocrx_word' id='word_1_371' title='bbox 744 4014 875 4095; x_wconf 88' lang='lat' dir='ltr'><strong>dictum,</strong></span> <span class='ocrx_word' id='word_1_372' title='bbox 897 4016 984 4102; x_wconf 86' lang='lat' dir='ltr'><strong>quasi</strong></span> <span class='ocrx_word' id='word_1_373' title='bbox 1003 4019 1075 4081; x_wconf 85' lang='lat' dir='ltr'><strong>urbs</strong></span> <span class='ocrx_word' id='word_1_374' title='bbox 1095 4020 1237 4085; x_wconf 87' lang='lat' dir='ltr'><strong>universa</strong></span> 
     </span>
     <span class='ocr_line' id='line_1_44' title="bbox 95 4101 1239 4189; baseline 0.001 -23"><span class='ocrx_word' id='word_1_375' title='bbox 95 4102 300 4169; x_wconf 85' lang='lat' dir='ltr'><strong>admiratione</strong></span> <span class='ocrx_word' id='word_1_376' title='bbox 310 4104 423 4189; x_wconf 89' lang='lat' dir='ltr'><strong>percita</strong></span> <span class='ocrx_word' id='word_1_377' title='bbox 437 4101 515 4164; x_wconf 88' lang='lat' dir='ltr'><strong>adeo</strong></span> <span class='ocrx_word' id='word_1_378' title='bbox 529 4103 603 4163; x_wconf 93' lang='lat' dir='ltr'><strong>boni</strong></span> <span class='ocrx_word' id='word_1_379' title='bbox 614 4101 725 4189; x_wconf 75' lang='lat' dir='ltr'><strong>politae</strong></span> <span class='ocrx_word' id='word_1_380' title='bbox 739 4102 821 4164; x_wconf 89' lang='lat' dir='ltr'><strong>aliud</strong></span> <span class='ocrx_word' id='word_1_381' title='bbox 832 4102 910 4163; x_wconf 90' lang='lat' dir='ltr'><strong>nibil</strong></span> <span class='ocrx_word' id='word_1_382' title='bbox 920 4104 1094 4188; x_wconf 81' lang='lat' dir='ltr'><strong>loqueretur</strong></span> <span class='ocrx_word' id='word_1_383' title='bbox 1100 4105 1161 4169; x_wconf 91' lang='lat' dir='ltr'><strong>nisi</strong></span> <span class='ocrx_word' id='word_1_384' title='bbox 1169 4106 1239 4167; x_wconf 81' lang='lat' dir='ltr'><strong>lau-</strong></span> 
     </span>
     <span class='ocr_line' id='line_1_45' title="bbox 96 4187 1238 4276; baseline 0.001 -24"><span class='ocrx_word' id='word_1_385' title='bbox 96 4189 149 4255; x_wconf 88' lang='lat' dir='ltr'><strong>des</strong></span> <span class='ocrx_word' id='word_1_386' title='bbox 160 4194 228 4271; x_wconf 84' lang='lat' dir='ltr'><strong>ejus</strong></span> <span class='ocrx_word' id='word_1_387' title='bbox 243 4201 275 4252; x_wconf 86' lang='lat' dir='ltr'><strong>et</strong></span> <span class='ocrx_word' id='word_1_388' title='bbox 288 4189 444 4269; x_wconf 76' lang='lat' dir='ltr'><strong>encomia,</strong></span> <span class='ocrx_word' id='word_1_389' title='bbox 459 4187 591 4251; x_wconf 92' lang='lat' dir='ltr'><strong>similem</strong></span> <span class='ocrx_word' id='word_1_390' title='bbox 604 4187 777 4274; x_wconf 89' lang='lat' dir='ltr'><strong>emphasim</strong></span> <span class='ocrx_word' id='word_1_391' title='bbox 785 4190 1024 4255; x_wconf 80' lang='lat' dir='ltr'><strong>observabamus</strong></span> <span class='ocrx_word' id='word_1_392' title='bbox 1039 4189 1120 4276; x_wconf 87' lang='lat' dir='ltr'><strong>apud</strong></span> <span class='ocrx_word' id='word_1_393' title='bbox 1129 4188 1238 4257; x_wconf 79' lang='lat' dir='ltr'><strong>Theo.-</strong></span> 
     </span>
     <span class='ocr_line' id='line_1_46' title="bbox 94 4270 1301 4363; baseline 0 -22"><span class='ocrx_word' id='word_1_394' title='bbox 94 4278 256 4363; x_wconf 87' lang='lat' dir='ltr'><strong>phrastum</strong></span> <span class='ocrx_word' id='word_1_395' title='bbox 267 4276 302 4337; x_wconf 91' lang='lat' dir='ltr'><strong>in</strong></span> <span class='ocrx_word' id='word_1_396' title='bbox 313 4276 409 4343; x_wconf 82' lang='lat' dir='ltr'><strong>verbo</strong></span> <span class='ocrx_word' id='word_1_397' title='bbox 425 4275 661 4356; x_wconf 76' lang='grc' dir='ltr'><strong><em>κατενεχθῆναι</em></strong></span> <span class='ocrx_word' id='word_1_398' title='bbox 673 4275 732 4337; x_wconf 91' lang='lat' dir='ltr'><strong>isto</strong></span> <span class='ocrx_word' id='word_1_399' title='bbox 746 4276 816 4336; x_wconf 93' lang='lat' dir='ltr'><strong>loco</strong></span> <span class='ocrx_word' id='word_1_400' title='bbox 831 4295 871 4337; x_wconf 84' lang='lat' dir='ltr'><strong>ex</strong></span> <span class='ocrx_word' id='word_1_401' title='bbox 881 4270 1082 4361; x_wconf 81' lang='lat' dir='ltr'><strong>descriptione</strong></span> <span class='ocrx_word' id='word_1_402' title='bbox 1094 4274 1301 4358; x_wconf 68' lang='lat' dir='ltr'><strong>adulam-(il)¹</strong></span> 
     </span>
     <span class='ocr_line' id='line_1_47' title="bbox 95 4354 1237 4466; baseline -0.002 -39"><span class='ocrx_word' id='word_1_403' title='bbox 95 4364 133 4427; x_wconf 88' lang='lat' dir='ltr'><strong>ris</strong></span> <span class='ocrx_word' id='word_1_404' title='bbox 165 4368 211 4440; x_wconf 89' lang='lat' dir='ltr'><strong>[c.</strong></span> <span class='ocrx_word' id='word_1_405' title='bbox 235 4366 274 4440; x_wconf 80' lang='lat'><strong>3,</strong></span> <span class='ocrx_word' id='word_1_406' title='bbox 294 4362 348 4423; x_wconf 90' lang='lat' dir='ltr'><strong>ubi</strong></span> <span class='ocrx_word' id='word_1_407' title='bbox 370 4360 491 4424; x_wconf 89' lang='lat' dir='ltr'><strong>Comm.</strong></span> <span class='ocrx_word' id='word_1_408' title='bbox 516 4381 548 4446; x_wconf 87' lang='lat' dir='ltr'><strong>p.</strong></span> <span class='ocrx_word' id='word_1_409' title='bbox 575 4359 676 4439; x_wconf 83' lang='lat'><strong>114.]:</strong></span> <span class='ocrx_word' id='word_1_410' title='bbox 705 4354 898 4443; x_wconf 74' lang='grc' dir='ltr'><strong><em>ηὐδοκίμοις</em></strong></span> <span class='ocrx_word' id='word_1_411' title='bbox 937 4354 997 4435; x_wconf 76' lang='grc' dir='ltr'><strong>θὲς</strong></span> <span class='ocrx_word' id='word_1_412' title='bbox 1015 4356 1053 4425; x_wconf 79' lang='grc' dir='ltr'><strong>ἐν</strong></span> <span class='ocrx_word' id='word_1_413' title='bbox 1073 4362 1115 4445; x_wconf 80' lang='grc' dir='ltr'><strong>τῇ</strong></span> <span class='ocrx_word' id='word_1_414' title='bbox 1136 4361 1237 4466; x_wconf 71' lang='lat' dir='ltr'><strong>ocop&#39;·</strong></span> 
     </span>
     <span class='ocr_line' id='line_1_48' title="bbox 95 4380 1279 4533; baseline -0.003 -17"><span class='ocrx_word' id='word_1_415' title='bbox 95 4441 261 4515; x_wconf 68' lang='grc' dir='ltr'><strong>πλειόνων</strong></span> <span class='ocrx_word' id='word_1_416' title='bbox 271 4440 338 4530; x_wconf 66' lang='lat' dir='ltr'><strong>ylio</strong></span> <span class='ocrx_word' id='word_1_417' title='bbox 350 4440 374 4530; x_wconf 75' lang='grc' dir='ltr'><em>ἢ</em></span> <span class='ocrx_word' id='word_1_418' title='bbox 387 4441 567 4527; x_wconf 74' lang='grc' dir='ltr'><strong><em>τριάκοντα</em></strong></span> <span class='ocrx_word' id='word_1_419' title='bbox 581 4437 773 4528; x_wconf 71' lang='grc' dir='ltr'><strong>ἀνθρώπων</strong></span> <span class='ocrx_word' id='word_1_420' title='bbox 792 4380 993 4533; x_wconf 50' lang='lat' dir='ltr'><strong>satagitur</strong></span> <span class='ocrx_word' id='word_1_421' title='bbox 1011 4441 1068 4511; x_wconf 74' lang='lat' dir='ltr'><strong>eal</strong></span> <span class='ocrx_word' id='word_1_422' title='bbox 1080 4442 1258 4531; x_wconf 69' lang='grc' dir='ltr'><strong>ἔμπεσον-</strong></span> <span class='ocrx_word' id='word_1_423' title='bbox 1277 4452 1279 4457; x_wconf 83' lang='grc'><strong>’</strong></span> 
     </span>
    </p>
   </div>
   <div class='ocr_carea' id='block_1_3' title="bbox 0 0 1354 4972">
    <p class='ocr_par' dir='ltr' id='par_1_9' title="bbox 0 0 1354 4972">
     <span class='ocr_line' id='line_1_49' title="bbox 0 0 1354 4972; baseline 0 2"><span class='ocrx_word' id='word_1_424' title='bbox 0 0 1354 4972; x_wconf 95' lang='lat' dir='ltr'><strong> </strong></span> 
     </span>
    </p>
   </div>
  </div>
 </body>
</html>
