2700 4972
474 335 795 407 sthRel.

77 506 216 571 liliamdat
236 511 374 587 junctura
396 528 528 589 ungues3
563 509 620 572 scit
639 508 765 575 tendere
786 524 922 578 versum.

77 616 141 679 llon
163 610 249 679 secus
270 635 306 676 ac
328 614 356 676 si
375 617 466 677 oculo
487 617 638 680 rubricam
660 616 767 698 dirigat
790 641 867 702 uno;

76 724 143 787 Sive
164 742 242 807 opus
262 722 295 784 in
316 742 435 800 mores,
465 722 499 784 in
519 726 642 803 luxum,
667 725 701 787 in
725 726 853 812 prandia
876 751 1003 811 regum.

39 852 45 927 s
76 829 177 893 Dicere
196 851 250 925 res
270 828 400 910 grandes
421 843 526 894 nostro
549 830 601 894 dat
621 830 712 895 Musa
733 833 855 935 politae.
893 854 899 879 ¹
1060 826 1065 835 ’

28 936 43 1017 ,’
148 936 230 1001 Ecce
251 936 348 1001 modo
370 938 481 1002 heroas
502 960 610 1003 seusus
631 940 739 1004 afferre
760 941 903 1009 videmus

28 1036 41 1084 ἵ
75 1045 178 1126 llugari
198 1046 307 1109 solitos
330 1042 461 1125 Graece,
489 1068 547 1109 nec
567 1069 686 1134 ponere
702 1050 813 1113 ‘lucum

28 1146 36 1263 'p'
75 1152 198 1217 Artifices
220 1175 278 1218 nec
299 1175 351 1216 rus
372 1165 509 1216 saturum
529 1153 673 1230 laudare,
702 1155 757 1220 ubi
778 1159 886 1223 corbes

28 1268 33 1307 t
74 1256 106 1321 Et
123 1264 210 1323 focus
232 1271 264 1323 et
282 1259 369 1346 porci
390 1271 421 1322 et
441 1263 564 1326 fumosa
585 1260 691 1325 Palilia
711 1265 824 1345 foeno;

38 1402 41 1407 ·
72 1366 150 1431 Unde
170 1366 289 1432 Remus
309 1368 456 1453 sulcoque
477 1378 577 1432 terens
599 1366 746 1459 dentalia,
778 1367 921 1453 Quincti,

39 1500 43 1517 ἰ
71 1472 169 1555 Quum
186 1474 306 1562 trepida
327 1486 397 1538 ante
418 1477 516 1539 boves
536 1476 726 1539 Dictatorem
746 1476 845 1551 induit
866 1460 959 1561 uxor,
1086 1470 1089 1475 ¹

34 1588 38 1595 '
67 1582 100 1647 Et
120 1595 171 1646 tua
192 1594 289 1647 matra
312 1581 441 1645 domum
461 1582 550 1645 lictor
570 1583 646 1644 tulit.
688 1581 788 1664 Euge,
818 1585 928 1671 poita!
1028 1572 1030 1577 ⁵

28 1670 38 1758 l
66 1691 115 1755 Est
134 1714 232 1771 nunc,
260 1689 381 1753 Brisaei
401 1710 494 1775 quem
515 1711 650 1753 venosus
671 1690 749 1752 liber
769 1690 855 1771 Acci,
939 1723 944 1738 ·

25 1788 35 1883 ξ
65 1796 136 1862 Sunt
156 1819 234 1884 quos
255 1795 465 1883 Pacuviusque
488 1808 519 1858 et
539 1816 702 1859 verrucosa
724 1796 860 1869 moretur

63 1904 205 1992 Antiope,
233 1905 387 1968 aerumnis
409 1926 462 1967 cor
483 1902 675 1967 luctificabile
696 1905 781 1971 fulta.

16 2043 21 2055 ·
61 2013 123 2076 Hos
148 2013 252 2098 pueris
272 2012 408 2076 monitus
428 2024 529 2101 patres
548 2010 711 2076 infundere
730 2012 838 2097 lippos

10 2108 25 2207 ἶν’·
61 2120 138 2186 cum
157 2120 284 2200 videas,
313 2114 487 2207 quaerisne,
518 2118 602 2181 unde
622 2108 699 2183 haec
720 2131 839 2202 sartago
860 2122 1005 2209 loquendi

10 2210 22 2261 ἦ
58 2228 185 2294 Venerit
204 2229 239 2291 in
259 2229 404 2309 linguas?
445 2227 530 2290 unde
550 2226 628 2290 istuc
650 2224 797 2308 dedecus,
824 2229 939 2318 inquo

18 2398 23 2412 ,
57 2337 220 2402 Trossulus
243 2338 357 2427 exultat
374 2335 432 2400 tibi
450 2355 506 2424 per
526 2335 670 2397 subsellia
691 2337 813 2402 laevis?

56 2444 146 2509 llilne
165 2442 263 2531 pudet
283 2440 373 2528 capiti
393 2463 458 2505 non
477 2464 570 2529 posse
591 2444 724 2528 pericula
746 2464 823 2506 cano

56 2552 187 2634 Pellere,
215 2551 288 2640 quin
307 2547 449 2637 tepidum
469 2550 531 2613 hoc
553 2563 640 2637 optes
662 2550 782 2632 audire,
805 2549 1055 2620 DECENTER?

17 2708 20 2713 .
137 2657 200 2721 Fur
222 2648 271 2737 es,
301 2657 342 2720 ait
363 2654 471 2721 Pedio.
515 2656 632 2737 Pedius¹
650 2658 749 2744 quid?
793 2659 916 2725 crimina
938 2662 1013 2726 rasis
1152 2666 1193 2727 85

56 2767 158 2831 librat
174 2766 208 2828 in
229 2764 401 2830 antithetis:
438 2764 542 2829 doctas
564 2768 703 2855 posuisse
723 2767 834 2848 figuras

55 2872 220 2937 Laudatur:
247 2873 364 2937 bellum
384 2873 463 2935 hoc!
497 2873 567 2936 Hoc
587 2875 727 2940 bellum?
772 2895 829 2954 an,
851 2872 1001 2955 Romule,
1025 2876 1137 2943 caves?
1220 2939 1223 2946 .

54 2962 285 3048 Men'moveat
305 2981 418 3069 quippe
442 2991 486 3061 et,
514 2993 614 3045 cantet
634 2982 662 3047 si
682 2984 862 3062 naufragus,
891 3003 992 3045 assem

53 3090 257 3157 Protulerim?
301 3101 420 3169 cantas,
448 3110 518 3151 cum
541 3091 634 3151 fracta
655 3100 686 3152 te
706 3088 739 3151 in
759 3092 845 3152 nabe
864 3089 978 3175 pictum

53 3198 101 3263 Ex
119 3202 250 3263 humero
272 3196 404 3284 portes?
446 3217 569 3274 verum,
595 3219 653 3259 nec
674 3208 764 3259 nocte
781 3209 919 3284 paratum
1119 3194 1121 3203 ’
1150 3202 1192 3264 90

52 3306 202 3387 Plorabit,
230 3306 283 3394 qui
303 3327 356 3367 me
376 3307 461 3369 volet
480 3305 656 3369 incurvasse
676 3307 808 3390 querela.
1018 3306 1021 3310 ’

136 3412 209 3479 Sed
226 3409 382 3477 numeris
397 3407 501 3474 decor
516 3421 587 3492 ecc,
616 3422 651 3476 et
665 3412 838 3500 junctura
860 3407 986 3474 addita
1009 3408 1127 3476 crudis

16 3546 19 3553 ·
57 3520 230 3589 Claudere
254 3519 305 3584 sic
328 3514 455 3583 didicit
476 3538 638 3584 versum:
668 3506 961 3607 Berecyntius
981 3517 1124 3597 Attis,

53 3630 116 3696 Et:
142 3629 217 3721 qui
240 3624 489 3695 caeruleum
511 3624 753 3692 dirimebat
774 3625 926 3694 Nerea
945 3624 1148 3713 delplrin3
1240 3690 1245 3701 ,

15 3744 19 3755 ’
53 3736 125 3805 Sic.-
157 3747 331 3802 costam
352 3733 483 3824 longo
505 3731 794 3800 subduximus
815 3732 1112 3822 Apennino.'-
1147 3735 1190 3801 95
1243 3776 1246 3785 ·

14 3899 18 3917 .
51 3847 145 3911 Arna
167 3868 292 3925 vruuur,
316 3865 422 3908 nonne
443 3844 504 3907 hoc
525 3865 707 3930 spumosum
728 3855 759 3907 et
780 3844 890 3907 cortice
911 3843 1035 3930 pingui,

52 3952 89 4016 Ut
107 3956 224 4017 ramale
243 3965 333 4019 vetus
353 3949 532 4041 praegrandi
554 3953 664 4015 subere
686 3951 833 4018 coctum?
852 3983 896 3996 -

11 4048 18 4095 t
53 4056 231 4141 Quidnam
252 4057 363 4150 igitur
384 4067 541 4122 teneram
563 4067 598 4121 et
617 4057 702 4124 lasa
723 4054 857 4124 cervice
879 4053 1094 4147 legendum?

116 4315 152 4371 v.
167 4318 212 4371 cc.
231 4314 360 4374 ocimu.
384 4347 418 4356 -
454 4317 487 4388 v.
503 4319 547 4372 7s.
569 4317 668 4389 eante
692 4349 725 4359 -
762 4320 795 4372 v.
813 4319 856 4373 rs.
871 4298 999 4387 ‘rncaopa
1025 4344 1057 4356 -
1095 4316 1126 4368 v.
1145 4317 1188 4370 ar.

52 4385 306 4523 wffl-Axinii.
330 4389 395 4519 Post
412 4388 499 4481 nudis
516 4386 659 4444 distinctio.
676 4419 711 4429 —
736 4387 769 4442 V.
783 4388 828 4445 93.
852 4403 955 4442 uenam
972 4387 1081 4453 didicit,
1108 4386 1189 4439 Berc-
