2700 4972
272 283 363 405 ¹su
392 336 567 407 rausa
593 336 820 407 strtnsn
849 335 917 405 111.
1119 341 1191 421 ru,

68 509 116 572 ius
130 506 362 573 observandum
376 521 509 574 osteum
523 505 783 587 incontinentem,
802 506 844 572 de
866 526 929 594 quo
944 504 1065 572 Penius
1081 507 1184 596 ioqui-¹

68 616 91 673 r,
114 616 182 656 non
196 597 287 679 piane
300 595 433 658 atridem
457 616 525 659 esse
540 616 611 657 cum
629 616 685 675 eo,
707 595 748 657 de
767 615 830 679 quo
843 594 1036 657 Aristoteles:
1057 595 1181 676 nemis,

68 703 75 741 t
95 702 163 765 quo
181 682 399 767 philosophus,
420 683 501 744 inter
517 682 660 744 virtutem
680 702 715 743 ac
738 679 848 744 vitium
868 680 910 742 ita
933 689 1035 758 nutat,
1056 690 1091 741 ut
1109 701 1180 765 spes

68 766 173 851 ipersit
187 787 281 852 posse
293 788 365 830 etun
375 768 500 830 transire
514 766 555 828 ad
568 769 712 829 meliora:
734 760 773 829 td
785 760 851 849 γὰρ
868 760 957 844 idos,
970 765 1075 849 inquit,
1090 759 1180 850 ἀλίφ

68 859 109 918 rei
122 845 335 930 inconditam
355 863 387 915 at
405 852 525 916 Persius
546 852 585 914 de
604 874 643 914 eo
664 852 771 930 sentit,
793 853 847 938 qui
863 851 896 913 in
910 851 964 913 ilia
984 851 1181 915 fluctuatione

68 938 237 999 insonuerit
249 949 280 999 et
296 938 329 999 in
345 938 427 1001 vitiis
443 937 666 1024 perduraverit:
689 936 772 1023 quod
787 957 883 1018 genus
900 935 1066 998 hominum
1084 939 1179 1000 altero

68 1026 126 1101 ejus
150 1044 220 1085 esse
240 1023 334 1085 etiam
353 1024 457 1086 literae
482 1042 585 1086 sacrae
609 1023 821 1109 pronuntient3
849 1020 889 1084 de
912 1022 963 1085 his
985 1018 1121 1086 Gelonus
1145 1023 1179 1085 in

68 1108 98 1171 1.
114 1107 157 1170 de
172 1129 230 1171 usu
245 1110 393 1193 partium:
415 1103 571 1184 τούτους,
592 1113 647 1188 uit,
671 1106 836 1173 ἐίεοῖσθαα
845 1102 1015 1191 προσήκοι.
1140 1154 1146 1161 -

124 1207 200 1272 Sed
213 1218 326 1295 stupet
344 1206 401 1272 irio
423 1208 541 1291 vitio]
570 1208 719 1297 Stupere
739 1211 854 1275 Latinis
872 1221 919 1274 est
941 1204 1179 1293 ἀναισαηαείνα

69 1304 249 1382 temperans
263 1292 347 1359 vitio
361 1301 492 1383 stupet,
513 1297 547 1359 id
564 1308 610 1361 est
622 1299 664 1359 ita
681 1318 699 1359 a
713 1298 794 1361 titiis
808 1295 1039 1383 possideati„ut
1053 1294 1094 1358 de
1106 1297 1228 1362 vir-251

68 1392 99 1443 te
112 1400 157 1443 ne
170 1383 282 1462 cogitet
299 1380 442 1468 quidemr
464 1394 511 1446 est
525 1384 609 1445 enim
625 1378 787 1448 ἀκολασία
799 1385 838 1446 iis
854 1381 971 1446 morbis
986 1381 1104 1461 similis,
1146 1381 1179 1444 ui

68 1476 164 1529 n'sum
184 1467 287 1530 morbi
305 1466 461 1532 adimuntr
482 1480 642 1555 propterea
665 1480 695 1531 et
715 1468 892 1532 insanabilis
909 1478 964 1533 est.
1007 1466 1091 1547 Lege
1105 1400 1179 1530 idu-

67 1552 133 1615 triti
147 1553 286 1615 libellum
292 1576 305 1629 ‚·
323 1574 384 1639 quo
398 1556 525 1641 morbos
540 1550 635 1616 anirni
649 1564 680 1616 et
695 1555 830 1640 eorporis
851 1553 929 1615 inter
948 1572 983 1616 se
1007 1561 1177 1655 comporot3

67 1640 223 1701 ιοῑιααίαιη
241 1639 276 1700 fit
294 1639 326 1700 in
346 1661 400 1717 eo,
423 1658 515 1724 quem
536 1640 776 1702 incontinentem
794 1642 1000 1716 vocabamus,
1028 1648 1110 1700 etin
1128 1658 1177 1716 eo,

67 1742 129 1786 tem
144 1723 240 1786 Stoici
254 1725 463 1810 proficientem
476 1726 543 1786 sive
555 1720 774 1807 procedentem
790 1733 821 1784 et
834 1717 1076 1801 προκόπτοντα.
1226 1727 1229 1735 ’

119 1798 241 1890 itioris
261 1822 409 1888 increvit
428 1820 582 1909 opimum
604 1821 778 1911 Pingue]
807 1807 996 1925 ‘Enuzdcdrp
1016 1815 1178 1975 οἱκαρίία
1263 1823 1267 1831 ’

67 1904 214 1977 ίτοῦκαί
228 1904 430 1993 ἀναίσθητος
450 1904 589 1989 ἐγένετο.
627 1908 785 1992 Pinguedo
801 1928 926 1972 sensum
945 1908 1028 1972 adnn
1040 1921 1069 1973 t:
1091 1909 1177 1973 idem

67 2002 123 2079 ittrr
138 1995 211 2059 dicit
224 2017 259 2059 uc
273 1993 524 2101 praecedentibus
540 1996 659 2060 verbis:
683 2000 799 2080 stupet
812 1989 907 2058 vitio.
937 1992 1027 2058 Philo
1040 1992 1177 2060 Judaeus

67 2106 91 2147 to
105 2078 198 2147 dixit:
223 2078 259 2144 αί
294 2077 392 2152 donni
404 2074 568 2158 ἀπραξίαν
586 2077 784 2165 ἐνεποίησαν
797 2084 870 2156 ταῖς
885 2075 1068 2165 αἰσθήσεσι.
1112 2080 1176 2144 Δα-

67 2170 139 2233 n'i'us
164 2164 260 2253 Epist.
271 2102 347 2246 Z'Il,
363 2166 435 2246 21]:
453 2164 600 2253 Ignorat
614 2164 687 2230 alio
703 2162 910 2230 menoobeca
921 2160 1064 2235 viscere.
1091 2164 1174 2229 Pin-

67 2250 117 2335 ία,
175 2248 329 2337 παχύτης.
372 2250 410 2315 ln
425 2248 585 2315 Gataiectis
604 2250 644 2341 [p.
663 2252 733 2319 144.
754 2252 803 2317 edi
815 2248 952 2333 Bromi:
978 2246 1173 2316 Scholasti-
1196 2328 1199 2332 ι

68 2334 268 2405 rum-natio
291 2334 435 2399 madens
459 2335 588 2425 pingui
594 2359 603 2414 ;
625 2338 679 2401 ubi
696 2339 744 2486 f]
768 2335 923 2425 opimum
938 2334 1071 2489 pingue
1091 2340 1173 2403 valet

67 2418 183 2509 rguedo
198 2424 334 2510 pinguis:
356 2423 514 2509 quomodo
528 2444 620 2511 saepe
634 2442 693 2510 apu
730 2422 949 2511 Hippocratem
962 2432 992 2487 et
1031 2425 1171 2490 aientun:
1295 2457 1298 2463 ¹

67 2530 132 2665 {we
153 2502 353 2677 {²1⁰}va
383 2507 573 2589 [,‚ciensum
600 2507 735 2599 pingue
768 2528 817 2599 ap.
849 2508 939 2595 Virg.
968 2504 1081 2592 Georg.
1112 2506 1170 2591 ΠΙ,

67 2619 68 2629 t
110 2600 120 2630 6

76 2718 97 2753 ’-
114 2700 166 2765 33.
192 2692 297 2763 Caret
320 2693 454 2784 culpa]
487 2694 568 2763 Cur?
600 2694 671 2783 quia
693 2688 803 2773 odinis
825 2690 912 2761 ἓκοίν
934 2693 1084 2782 πονηρὰς
1100 2686 1172 2765 odo

67 2805 121 2849 mv
133 2778 266 2867 μάκαρ,
286 2795 319 2847 ut
333 2797 379 2849 est
398 2778 479 2871 apud
494 2784 724 2870 philosophum
766 2780 872 2869 Itaque
892 2785 963 2847 fatis
982 2780 1175 2871 imputabant

66 2870 296 2959 temperantiam
327 2868 424 2957 qualis
454 2868 524 2934 heic
548 2868 730 2951 intelligitur.
797 2866 955 2933 iuvenalis
982 2866 1174 2935 insecundo

72 2956 212 3043 tnui
892 3036 898 3049 .

821 3058 939 3103 verius
961 3058 1044 3129 ergo

116 3118 168 3190 Et
188 3123 304 3213 magis
322 3122 471 3224 ingenue
494 3120 733 3189 Peribomius.-
753 3119 843 3187 lrunc
865 3143 931 3213 ego
945 3116 1044 3209 fatte

115 3208 277 3296 imputo,
302 3233 360 3296 qui
383 3208 481 3275 vultu
502 3206 661 3274 morbum
683 3208 879 3296 incessuque
892 3206 1054 3297 [πιείρας

114 3291 255 3361 Horum
276 3294 487 3383 simplicitas
509 3294 739 3369 miserabilia
764 3293 818 3358 liis
833 3290 941 3380 furor·
962 3292 1035 3383 ipse

113 3376 195 3447 Dar
218 3381 381 3447 veniam:
401 3379 465 3445 ced
483 3380 622 3467 pejores
645 3376 705 3469 qui
725 3376 818 3445 tolio
838 3378 952 3446 verbis

111 3462 279 3547 Herculis
302 3464 470 3533 invadunt
492 3465 590 3533 etde
613 3464 740 3534 virtute
762 3463 871 3533 locuti

113 3548 277 3633 [clunem
299 3552 462 3643 agitant]
662 3538 669 3557 “

66 3655 197 3733 ursinum
208 3657 281 3718 huic
302 3669 349 3720 est
364 3655 441 3720 iilud
456 3656 585 3721 Domini
601 3656 676 3720 Jesu
692 3655 805 3721 in'IX.
826 3654 955 3721 ioannis
975 3653 1023 3732 [v.
1039 3650 1118 3732 41]:
1142 3650 1171 3716 ti

66 3738 146 3823 ρίοὶ
159 3728 231 3823 ἦτε,
253 3735 317 3808 otia
334 3738 376 3805 ἀν
390 3740 486 3825 rixare
505 3740 688 3823 cipapriavr
714 3741 918 3807 et.diensndri
932 3738 1005 3805 iliud
1023 3737 1169 3820 [ponaer.

66 3827 113 3909 OJ:
139 3821 160 3893 ὁ
176 3823 280 3909 μηδὲν
294 3823 388 3904 clodo
402 3825 505 3910 nodio
518 3822 753 3910 ἐξαμαρτάνοι
776 3839 821 3906 et,
843 3823 1035 3912 quodmodo
1051 3844 1091 3886 ex
1106 3820 1170 3887 Ga

67 3936 89 3976 o
106 3912 333 3992 afferebamus,
357 3915 623 3978 commiseratione
639 3915 802 3977 hominurn
816 3935 884 3979 esse
899 3914 975 3977 istos
989 3910 1108 3990 dignos.
1168 3918 1221 3975 252

105 4010 237 4081 Nescit
258 4013 345 4103 quid
364 4013 514 4102 perdat]
537 4017 675 4080 Omnino
697 4017 787 4100 pauci
806 4017 970 4078 hominum
983 4015 1081 4078 edunt
1095 4009 1168 4128 rpuid

66 4102 158 4180 edent,
177 4124 248 4164 cum
262 4104 373 4166 viante
386 4103 487 4165 relicta
503 4103 612 4166 vitium
626 4113 801 4186 sequuntur.
839 4101 1030 4166 Jarnbiiclius
1048 4099 1080 4160 in
1090 4097 1168 4161 tro-

66 4190 151 4275 ptico
165 4187 205 4251 do
219 4190 312 4251 simili
325 4189 488 4251 hominum
504 4210 617 4269 genere
632 4189 779 4272 loquens:
800 4175 905 4259 edroi,
927 4186 1035 4273 inquit,
1049 4174 1238 4270 torosi-(nr)

66 4304 69 4324 >
85 4275 215 4357 μάίλον
229 4271 313 4339 είσίν
329 4272 425 4348 οἴους
439 4268 503 4339 οὐκ
518 4273 664 4350 οίοναακ,
687 4269 740 4337 ὅτι
762 4265 836 4357 οὐχί
854 4271 996 4338 οίονται·
1018 4265 1168 4351 circonci-

69 4355 273 4529 yldogppicv
289 4353 436 4438 ἀδικίας,
460 4353 482 4425 ὃ
503 4359 555 4425 dri
573 4354 691 4444 ἥκιστα
712 4353 854 4443 ἀγνοεῖν.
898 4360 981 4440 Lege
1004 4356 1170 4421 Philonem
