2700 4972
109 566 217 611 servos
243 542 402 623 inritat.“]
432 548 576 607 cantore
601 538 722 605 ocima
738 561 869 607 vernae
897 539 1021 628 pbiitice
1050 541 1165 609 dictum
1190 568 1236 633 pro

48 692 50 697 .
110 632 212 717 dicere
233 643 324 717 atque
345 630 484 711 ingerere
504 631 628 705 servulo
651 629 814 714 opprobria
831 638 863 689 et
875 650 928 708 ea,
955 650 1037 713 quae
1055 633 1155 695 solent
1177 654 1237 695 ean-

109 719 182 797 tari,
204 738 275 779 cum
289 716 391 811 ocima
408 726 563 813 seruntur:
594 716 655 777 hoc
676 727 723 810 est
742 712 922 777 maledicta:
944 713 1135 811 Pliniuslib.
1152 716 1235 783 XIX.
1268 745 1272 815 ιΙ

108 796 1234 974 ittlltnltl‘itit}ittll²ltatttrttlltltssssttt
1267 842 1272 963 ⁴5

107 984 264 1053 veterum,
286 974 336 1035 cui
351 973 467 1037 similes
481 971 562 1058 apud
574 970 708 1034 Plinium
724 984 754 1033 et
767 982 905 1034 auctores
917 971 963 1033 rei
978 973 1111 1036 rusticae
1121 977 1232 1037 multae:

68 1076 72 1087 ’
106 1080 207 1147 neque
224 1061 322 1141 magis
334 1042 488 1136 mirabile,
529 1057 592 1120 uod
605 1060 656 1121 vel
669 1058 826 1139 cyminum
840 1059 892 1121 vel
909 1057 1047 1121 ocimum
1060 1058 1231 1123 maledicen-

107 1158 154 1209 tes
166 1156 317 1223 sererent,
338 1164 432 1229 quam
443 1080 527 1229 quod
540 1164 625 1206 sacra
643 1142 796 1227 quaedam
813 1141 984 1206 maled'ctis
1004 1156 1036 1206 et
1056 1148 1231 1209 execratione
1269 1142 1272 1205 l

37 1238 40 1243 “
108 1232 309 1309 celebrarent,
328 1241 362 1291 ut
381 1231 425 1291 ait
438 1229 629 1307 Lactantius,
646 1230 724 1291 libro
741 1226 766 1306 I,
789 1248 854 1313 cap.
869 1166 965 1291 xiil.
986 1228 1172 1311 [Ingeniose
1188 1254 1231 1295 ex-

107 1318 238 1397 cogitata
257 1316 478 1401 interpretatio,
516 1311 572 1378 sed
594 1313 796 1383 cantaverit
816 1315 868 1375 hic
889 1314 968 1376 nihil
985 1316 1048 1377 nisi
1071 1338 1164 1403 usque
1181 1319 1230 1379 cla·

35 1460 38 1465 .
105 1402 237 1465 marerit
249 1413 285 1464 et·
297 1401 525 1464 emorientibus
539 1398 823 1480 commendaverit]
859 1397 1008 1462 Ocimum
1020 1421 1097 1465 vero
1109 1404 1229 1483 herbam,

6 1522 9 1528 ·
106 1508 200 1573 quam
218 1498 250 1549 et
263 1486 432 1570 βασίλειον
450 1484 560 1549 Graeci
576 1476 717 1548 dixerunt
731 1486 845 1570 (eaque
860 1486 1026 1586 appellatio
1036 1485 1076 1549 in
1088 1486 1229 1551 idiotismo

105 1585 210 1636 nostro
224 1574 360 1651 mansit),
371 1574 467 1634 ¹multi
480 1582 620 1635 veterum
634 1582 706 1635 sunt
717 1572 900 1649 abominati,
921 1572 1087 1673 praecipue
1100 1570 1229 1675 Gbryn'p-

107 1656 737 1823 retractarem
751 1654 1228 1832 assertura

107 1827 179 1908 [XI,
193 1850 218 1893 c.
234 1828 315 1909 284:
335 1831 431 1893 herba
443 1840 491 1891 est
499 1828 603 1892 odoris
615 1829 708 1906 acris,
731 1764 771 1891 de
786 1849 845 1923 qua
865 1829 960 1891 etiam
970 1826 1069 1893 hodie
1081 1829 1228 1901 medinen-
1270 1902 1272 1911 Ι

104 1917 154 1977 lae
168 1914 279 1977 similia
293 1917 440 1977 blaterant
454 1915 509 1985 iis,
529 1935 609 2001 quae
622 1914 727 1995 nugati
740 1925 874 1991 veteres,
896 1910 937 1977 de
949 1913 1228 1995 gemtionem
1267 1936 1272 1970 t

105 2000 234 2085 pionum
255 2009 286 2062 et
300 2001 405 2063 nescio
418 2000 528 2101 quibus
550 2000 670 2063 sabulis.
712 1998 848 2061 Extitere
860 1998 1013 2063 memoria
1034 2012 1159 2089 patrm
1172 2000 1228 2087 qui·
1269 2024 1272 2035 ·

53 2084 187 2159 easdam
202 2084 312 2148 eruditi
324 2084 455 2165 medici,
475 2086 529 2171 qui
542 2087 622 2147 hanc
634 2086 764 2147 herbam
777 2106 843 2147 non
862 2086 1016 2164 ocimum,
1037 2083 1097 2149 sed
1109 2084 1228 2151 natm
1266 2092 1272 2178 j

104 2168 279 2233 vocandam
298 2169 519 2234 contenderent
536 2167 627 2251 παρὰ
652 2165 692 2234 td
711 2165 815 2248 ὄζειν,
844 2182 969 2257 propter
990 2168 1097 2235 odoris
1114 2172 1228 2235 acrimo-
1267 2180 1272 2194 '

104 2257 208 2320 niam:
229 2277 308 2343 quae
320 2256 512 2343 praeceptio,
540 2258 597 2320 etsi
616 2259 720 2318 locum
736 2258 852 2319 habere
870 2278 935 2318 non
951 2268 1070 2341 potest,
1092 2262 1228 2321 confutate

94 2342 281 2405 ¹auctoritate
295 2352 343 2405 tot
358 2339 545 2406 Graecorum
563 2353 595 2403 et
608 2342 787 2404 Latinorum
802 2342 986 2427 scriptorum
1006 2353 1085 2427 quot
1102 2354 1173 2406 sunt
1187 2342 1230 2429 qui

103 2429 536 2512 ejusplantaememinerun13
556 2439 712 2514 praeterea
729 2424 917 2491 Graecomm
936 2427 1078 2509 Lexicis,
1100 2450 1177 2517 quae
1190 2448 1230 2493 rr-
1270 2482 1272 2515 ÷

103 2512 180 2574 roris
194 2512 402 2598 suspicionem
416 2534 543 2576 ornnem
557 2524 717 2577 amovent:
737 2512 860 2577 videtur
872 2524 976 2575 tamen
992 2535 1060 2575 non
1072 2536 1177 2579 recens
1187 2534 1231 2577 nr·

103 2608 153 2661 ta:
181 2618 255 2659 nam
279 2596 312 2659 in
336 2598 551 2662 ¹vetustissimis
570 2599 759 2662 membranis
787 2598 916 2663 Puteani
936 2598 994 2679 ·[et
1017 2600 1052 2662 in
1081 2598 1231 2665 Acbuinlrii

1 2735 2 2746 ,
103 2730 123 2762 „
131 2680 223 2746 codd.
238 2682 374 2746 maxima
410 2685 511 2763 arte“]
533 2706 590 2770 pro
603 2682 719 2747 ocima
740 2686 831 2771 plane
845 2685 991 2771 scriptum
1013 2682 1129 2751 azimo
1143 2686 1231 2749 olien-

103 2766 225 2835 dimusr
255 2704 415 2855 quomodd
435 2770 467 2832 in
490 2770 574 2835 libris
598 2770 807 2848 medicorum,
835 2771 889 2856 qui
911 2782 983 2833 ante
1004 2782 1127 2835 renatus
1143 2774 1231 2835 litem
1270 2777 1272 2790 '

125 2853 252 2929 rorimis
266 2855 397 2921 saecubs
409 2854 590 2941 seripserunt
608 2867 660 2918 aut
672 2856 807 2919 Arabum
822 2857 917 2921 libros
938 2868 1118 2938 verterunt,¹
1128 2858 1231 2923 rcirnm

5 2936 8 2943 '
102 2875 165 3021 iegi
180 2939 311 3041 passim
355 2935 519 3005 Ocimum
537 2953 641 3004 autem
662 2963 717 3027 per
730 2938 761 3019 i,
782 2963 848 3004 non
867 2946 925 3027 per
938 2960 983 3027 y,
1002 2944 1086 3005 hanc
1106 2946 1230 3031 plantent

102 3034 264 3089 nommant
277 3022 465 3090 Graecorum
480 3039 511 3091 et
524 3027 703 3090 Latinorum
716 3025 851 3106 codices,
872 3038 907 3089 ut
918 3039 966 3091 est
979 3048 999 3089 a
1013 3028 1106 3093 nobis
1124 3026 1231 3093 studio·
1269 3030 1272 3057 ¹

102 3130 139 3174 se
153 3113 368 3176 observatum:
390 3134 482 3199 quam
495 3116 598 3193 longe
606 3112 719 3176 distent
737 3132 896 3196 ocymum
916 3110 1042 3177 Catonis
1063 3126 1095 3177 et
1111 3116 1231 3179 aliorum

102 3194 199 3283 [quod
214 3208 262 3259 eet
273 3199 379 3283 pabuli
397 3201 504 3279 genus]
520 3201 559 3261 ab
575 3201 638 3261 hoc
654 3200 774 3276 ocimu,
795 3220 859 3261 non
882 3210 930 3262 est
949 3201 1042 3277 hujus
1062 3200 1127 3263 loci
1200 3200 1230 3263 li·

103 3302 189 3346 caret
210 3292 329 3345 unum
347 3282 448 3347 dicam
469 3284 606 3347 ocimum
627 3306 697 3348 esse
718 3282 909 3347 Dioscoridis
929 3295 960 3345 et
976 3284 1085 3365 Plinii,
1107 3308 1149 3373 qu
1203 3286 1231 3349 in

101 3364 238 3429 secundo
251 3367 332 3431 libro
344 3368 453 3432 thoart
466 3370 609 3456 principis
629 3368 807 3433 describitur
827 3370 1065 3457 nominaturque
1087 3368 1232 3461 bazorug

101 3452 153 3515 rel
169 3446 344 3543 badorog,
361 3466 395 3515 ut
409 3456 461 3517 alii
472 3457 691 3540 pronunciant:
714 3466 745 3518 at
761 3454 845 3539 quod
860 3467 972 3520 vocant
986 3458 1233 3545 garyophillalrm

102 3538 257 3613 ocimum,
277 3538 312 3601 in
323 3538 436 3603 eodem
448 3539 600 3604 Avisenae
613 3543 691 3604 libro
728 3538 1023 3629 belengeselrmibi
1036 3542 1157 3624 dicitur,
1169 3566 1232 3621 non,

102 3634 136 3686 ut
150 3623 245 3687 habet
264 3620 475 3705 Bellunensis,
495 3562 751 3711 fdammildi,
778 3648 880 3711 neque
897 3628 991 3703 item,
1012 3638 1049 3689 ut
1068 3627 1146 3693 Sera
1167 3628 1234 3693 'onir

100 3705 262 3795 interpies,
290 3707 569 3800 berengemiacbt
604 3710 725 3777 duobus
749 3712 853 3777 modis
871 3713 987 3776 Arabes
1006 3715 1100 3794 hujus
1194 3726 1235 3777 tar

101 3816 216 3857 nomen
253 3796 438 3862 efferebantr
475 3795 819 3887 phelengemiscbki,
852 3810 883 3860 et
906 3796 1234 3888 pherengemraeb'ir',

101 3902 230 3983 quanm
248 3903 287 3969 ap
328 3884 487 3949 llationum
505 3886 589 3973 prior
613 3883 695 3972 apud
718 3886 885 3950 dvisenam
908 3885 1117 3967 restituenda,
1140 3898 1235 3975 poste·

99 3988 163 4029 nor
175 3966 255 4053 apud
300 3970 494 4056 erapionem:
524 3969 588 4035 let
610 3993 628 4035 r
649 3973 682 4034 in
699 3973 844 4035 omnibus
865 3971 976 4051 linguis
997 3973 1090 4035 facile
1110 3974 1234 4039 invitent

102 4064 342 4135 commutentur3
362 4056 459 4119 luisse
474 4068 577 4121 autem
590 4069 748 4143 utramque
761 4057 959 4143 scriptionem
965 4056 1117 4122 Arabibus
1128 4058 1160 4122 in
1175 4078 1233 4137 usu,

48 4154 101 4215 ³37
109 4136 220 4201 diserte
233 4140 375 4204 observat
387 4141 482 4205 Arabs
495 4154 609 4221 auctor,
622 4145 675 4228 qui
681 4142 837 4207 medicum
848 4142 985 4205 Lexicon
998 4145 1139 4230 scripsit,
1159 4140 1234 4231 quod

100 4224 132 4287 in
148 4225 340 4288 illustrissimi
352 4225 500 4290 Electoris
514 4227 643 4292 Palatini
653 4229 908 4309 Heidelbergensi
927 4229 1117 4293 bibliotheca
1138 4250 1233 4295 serre
1253 4226 1256 4237 '

98 4322 156 4376 tur.
199 4309 230 4374 ls
247 4311 325 4375 liber
344 4313 522 4377 utilissimus
538 4315 629 4377 luerit
647 4314 688 4377 ad
706 4313 900 4395 corrigendas
918 4313 1051 4378 mendas
1066 4317 1150 4397 illas,
1171 4314 1231 4403 qui·

98 4398 157 4460 bus
168 4394 296 4461 Ambio
314 4396 408 4461 editio
423 4398 580 4463 ¹Avisenae
599 4410 631 4463 et
644 4420 753 4464 omnes
771 4400 906 4472 Arabum
921 4396 1104 4485 interpretes
1124 4402 1231 4487 passim

97 4492 231 4564 scatent3
251 4504 310 4547 nec
322 4504 420 4571 pauca
432 4484 466 4547 in
481 4504 520 4548 eo
540 4506 653 4567 genere
669 4488 761 4551 nobis
775 4489 954 4566 observata,
979 4508 1053 4551 cum
1071 4486 1231 4575 superiori·

13 334 16 338 ’
110 378 177 441 ero
497 368 904 466 conuaursarus
