2700 4972
199 1173 537 1325 1666661
589 1179 678 1270 uu
729 1176 1203 1314 coaeterum.

595 1428 804 1444 -Ο-μιι--ν-

220 1624 325 1714 Ad'p.
347 1627 378 1691 3.
419 1620 641 1710 ,Ρ6666661616
660 1625 722 1688 hoc
749 1622 957 1688 Horatii'non
982 1623 1119 1711 pertinet
1143 1620 1184 1687 ed
1208 1620 1254 1686 St-

135 1713 221 1793 tiras,
256 1732 384 1799 quarum
410 1731 528 1773 nomen
554 1709 668 1774 indicat
698 1711 789 1781 variis
818 1733 883 1775 eas,
898 1711 1169 1797 praeceptionibus
1194 1731 1256 1773 cor·

136 1800 245 1863 stare.“
289 1792 395 1860 Huet.
418 1793 525 1882 (quem
567 1808 652 1859 ostea
671 1796 849 1877 significabo
870 1796 926 1859 litt.
948 1790 1011 1880 H.)

222 1883 270 1947 Ad
290 1906 321 1969 p.
343 1887 375 1947 7.
400 1880 440 1944 ad
461 1880 505 1965 *).
579 1904 621 1944 on
648 1883 796 1969 persuasit
823 1881 935 1946 Noster
956 1881 1115 1963 Scaligero
1138 1879 1178 1947 de
1195 1878 1256 1944 Pet-

7 1998 15 2017 *
79 2050 82 2057 ,
137 1972 176 2037 sii
196 1969 392 2056 praestantia:
415 1988 488 2030 nam
509 1967 640 2048 legimus
661 1968 694 2030 in
722 1964 975 2056 Scaligeranie‚
1005 1965 1066 2031 Ed.
1090 1975 1140 2047 2,
1160 1988 1192 2053 p.
1208 1965 1256 2031 45:

138 2054 198 2123 Au
205 2055 313 2120 Perae
326 2053 367 2118 de
379 2048 573 2130 casaubon,
583 2051 622 2117 la
634 2051 753 2117 saulce
770 2063 854 2117 vaut
868 2052 985 2117 micuit
1000 2066 1074 2139 que·
1082 2051 1116 2117 le
1125 2051 1257 2138 poiuou

224 2140 271 2206 Ad
347 2138 397 2218 14,
419 2137 460 2201 ad
490 2137 572 2201 Prol.
593 2161 625 2203 v.
650 2145 678 2206 1.
721 2136 841 2203 Eadem
869 2149 916 2203 est
942 2140 1097 2203 sententia
1125 2132 1172 2202 H.
1188 2134 1257 2199 'reri-

137 2230 238 2305 bentis
260 2164 311 2290 adP
321 2228 352 2288 h.
373 2228 412 2289 l.:
435 2225 514 2304 „Hic
533 2225 625 2287 nimis
647 2236 768 2306 argutus
789 2224 910 2289 videtur
931 2224 1143 2290 Casaubonus.
1184 2218 1258 2288 Attut

138 2327 186 2380 est
206 2334 242 2376 se
262 2309 440 2399 proluere,
463 2309 543 2372 aliud
574 2307 677 2374 labra
696 2306 865 2398 proluere.
920 2307 959 2374 Id
985 2313 1054 2376 vult
1075 2308 1163 2374 haud
1184 2308 1258 2373 dubie

135 2399 187 2480 Ρ.,
223 2421 269 2517 66ιι
289 2401 410 2460 fontem
442 2393 635 2461 caballinum
661 2419 703 2460 ne
735 2397 866 2462 summis
897 2394 1023 2485 quidem
1060 2398 1156 2462 labris
1179 2394 1258 2477 degu-
1329 2451 1331 2457 .

140 2497 247 2550 staese.
293 2506 297 2512 ’

224 2567 280 2631 Ad
303 2589 335 2653 p.
358 2564 409 2631 15.
451 2564 546 2631 acute
573 2560 619 2629 H.
662 2566 722 2647 „At
751 2589 823 2630 cum
845 2590 880 2632 se
908 2565 948 2630 de
969 2566 1083 2633 rimere
1106 2568 1205 2632 ¹vellet
1221 2562 1259 2641 Ρ,

139 2658 259 2719 fontem
281 2649 468 2737 contemtim¹
487 2651 647 2716 nominare
667 2675 731 2715 non
754 2652 869 2718 debuit.
950 2654 1026 2717 tmia
1056 2674 1132 2736 ergo
1153 2652 1204 2715 bic
1224 2658 1261 2715 tet
1306 2657 1307 2662 ’

139 2740 316 2807 'casauboni
335 2736 535 2821 ananau

226 2827 260 2891 Ρ.
287 2829 338 2904 26,
359 2825 411 2888 lin.
436 2828 466 2888 6.
498 2822 578 2888 Dete
602 2820 767 2888 virtutem
786 2824 872 2889 uncis
891 2822 1054 2890 inclusum.
1099 2819 1261 2889 bariesub-

140 2911 214 2977 inde
236 2909 339 2977 laudd.
361 2908 446 2973 addit
467 2905 533 2973 H.:
558 2908 736 2996 „Philippus
757 2910 790 2972 in
813 2909 904 2977 Anth.
922 2910 982 2999 [ep.
1002 2913 1080 2993 6916
1106 2900 1263 2976 Ταῦταδὶ

141 2993 236 3065 πάντ’
258 2994 382 3074 ἐδίδαξε
404 2990 505 3079 πικρή
525 2994 713 3079 πάντολμος
735 2988 872 3080 ἀνάγκη.

93 3106 96 3111 ·
228 3082 398 3169 adpre.
439 3076 1262 3168 FranciacuaGuyetuainnotamsui·

90 3164 119 3199 “’
141 3169 281 3237 bendum
334 3179 531 3254 inposuerat:
575 3165 728 3231 Cantare
756 3164 974 3256 Pegaseium
1001 3166 1115 3233 melos
1145 3162 1262 3233 ereda&

142 3255 239 3338 Quod
267 3191 423 3333 dedimus,
458 3253 554 3316 etiam
581 3252 751 3317 Brunckiue
781 3275 837 3341 pro
864 3254 953 3317 unice
982 3269 1059 3321 vero·
1088 3246 1263 3334 habitunt

140 3343 288 3409 Analecta
308 3339 346 3402 Τ.
363 3338 403 3418 Π,
424 3360 455 3440 p.
476 3343 528 3403 26.
747 3344 750 3349 ’

226 3426 261 3490 Ρ.
289 3424 331 3493 34
352 3423 455 3488 medra
471 3446 545 3487 corr.
564 3417 712 3507 ἀγαπᾶτε
733 3435 764 3488 et
775 3427 878 3512 paullo
898 3435 971 3513 post
991 3425 1026 3488 in
1044 3423 1176 3491 Nicetae
1192 3427 1262 3488 tou:

143 3516 280 3598 πρᾶγμα
302 3508 339 3577 δὲ
359 3505 404 3593 μὴ
426 3498 463 3595 ᾖ
489 3501 565 3574 οἶόν
591 3504 699 3592 ὄνομα
721 3506 784 3594 μὲν
803 3514 871 3576 ui:

228 3598 264 3662 P.
287 3604 338 3676 36,
358 3597 411 3658 lin.
434 3600 485 3665 17.
509 3618 585 3662 corr.
606 3615 737 3659 verum.

230 3684 267 3747 P.
289 3688 340 3762 37,
361 3682 416 3746 lin.
435 3687 467 3749 6.
490 3704 564 3746 corr.
587 3688 719 3745 errant.

230 3769 378 3834 6361.
402 3773 431 3832 1.
453 3789 528 3830 corr.
552 3765 661 3831 Attio.

229 3855 265 3918 Ρ.
286 3857 339 3919 42.
365 3852 431 3917 Sat.
452 3858 479 3933 1,
501 3859 532 3921 8.
574 3852 612 3917 In
646 3848 878 3940 scutigem'
905 3872 1030 3938 quoque
1059 3843 1265 3940 exemplant

143 3941 270 4008 invenio
290 3938 486 4026 adscriptum.

230 4025 266 4091 P.
281 4024 323 4091 48
345 4024 429 4089 med.
455 4047 529 4090 corr.
554 4021 705 4090 Omeieii
724 4032 758 4088 et
778 4019 957 4112 Sontagii,
979 4043 1039 4109 pro
1062 4018 1171 4089 Gont.
1208 4020 1269 4087 Post

144 4113 194 4179 ad.
207 4118 292 4200 toga
321 4106 453 4173 recenti
475 4108 539 4176 H..
570 4112 630 4192 „Ut
654 4113 721 4190 ille,
752 4133 845 4195 quem
872 4112 952 4173 salse
980 4108 1104 4174 deridet
1126 4107 1268 4176 Domitius

60 4248 64 4253 .
112 4196 115 4201 ’
143 4199 217 4281 Afer
237 4196 321 4317 ppud
341 4194 581 4277 Quintilianum,
604 4196 658 4282 qui
679 4195 787 4259 eratin
802 4192 915 4259 caussis
936 4195 1067 4277 agendis
1089 4198 1208 4286 optime
1224 4213 1269 4259 ve·

143 4285 262 4351 stitus!
924 4282 929 4291 ‘

88 4340 138 4403 “-
199 4366 542 4435 ·P.5o.auv.17.
587 4362 688 4427 etiam
716 4359 758 4427 G.
791 4366 825 4445 (i.
848 4386 876 4430 e.
898 4360 1056 4447 euyetuu
1085 4368 1119 4431 a.
1149 4388 1206 4433 suo
1231 4384 1270 4429 a

149 4454 277 4519 correxit
296 4448 422 4543 Leges.
1010 4456 1013 4461 '
