2700 4972
153 340 178 382 x
513 282 914 389 rrsr'rrrro

155 504 253 565 genus
272 488 393 570 obstan·
406 487 506 573 posita
523 487 564 551 ad
582 492 684 555 vulne
706 500 840 573 lentim,
869 514 934 557 non
953 509 1099 579 personas
1116 491 1292 555 rusinae.

154 574 193 633 At
205 583 326 655 rursus,
346 573 374 637 si
389 575 572 638 sententiam
585 588 775 661 spectemus,
803 578 870 664 quis
884 600 1023 665 unquam
1036 576 1113 641 dixit
1128 578 1181 641 vel
1196 574 1293 639 fando

154 656 272 722 audiuit
282 680 424 722 mensem
433 662 521 723 ullibi
535 664 673 742 gentium
685 663 862 751 quindecim
873 675 994 727 tantum
1009 674 1147 727 constare
1160 660 1294 727 diebus?

153 745 214 807 Hic
229 744 318 807 Pater
333 766 403 807 cum
416 746 509 809 aliam
521 748 702 831 lectionem,
727 746 807 835 quai
826 771 954 814 omnem
974 748 1185 813 difficultatem
1201 750 1294 811 tolle-

153 834 222 910 bat,
245 829 327 915 apud
340 827 541 909 Stobneum,
563 855 604 897 ex
623 856 684 921 quc
699 840 796 900 multa
809 838 926 924 passim
944 837 979 899 in
997 834 1123 938 optimis
1140 833 1295 921 scriptori-

32 924 38 937 '
152 918 212 979 bus
224 918 336 1003 partim
353 918 470 980 restitui
484 919 596 1005 partim
613 922 748 1009 suppleri
761 940 855 987 nemo
871 922 986 1001 nescit,
1014 930 1197 985 mvemssets
1224 938 1295 983 eam

151 1002 205 1063 ille
228 1004 393 1067 lectionem
413 1005 646 1090 praeferendam
672 1006 807 1071 credidit
856 1008 943 1071 Haec
965 1018 1037 1073 sunt
1057 1008 1123 1087 ejus
1142 1006 1239 1071 verba
1260 1004 1295 1065 in

152 1086 241 1151 Notis
257 1088 674 1170 adDiogenemrLaertium:
1160 1086 1163 1093 ’
1299 1136 1302 1141 -

240 1174 364 1252 Παῖδες
384 1171 585 1259 τριήκοντα]
635 1180 734 1267 Ergo
755 1198 890 1243 menses
910 1175 974 1241 tuo
996 1196 1082 1241 aevo
1105 1194 1150 1239 sss
1174 1168 1296 1239 diebus

152 1259 359 1324 constabant
374 1258 494 1324 decem
517 1269 553 1324 et
575 1260 742 1349 quinque:
774 1272 824 1326 tot
847 1262 941 1329 enim
967 1283 985 1324 e
1028 1256 1209 1327 ciuot'doe
1227 1258 1296 1323 tri-

149 1343 258 1433 ginta
272 1340 376 1433 filios
396 1344 526 1434 (nempe
546 1349 574 1411 si
593 1350 635 1411 ita
653 1350 820 1432 intelligas,
842 1362 875 1413 'ut
891 1352 964 1437 quin
988 1351 1068 1411 ecim
1080 1350 1185 1429 nigrae
1196 1345 1297 1409 nocti-

106 1464 110 1471 =
154 1436 213 1497 bus
225 1444 257 1497 et
269 1433 444 1519 quindecim
458 1436 547 1497 albae
559 1432 686 1511 diebus,
707 1458 785 1523 quos
796 1449 924 1515 vocant,
941 1430 1079 1500 ciuilibus
1091 1433 1295 1514 assignentur:

152 1519 237 1603 quod
250 1522 345 1585 verba
359 1521 489 1584 suadere
503 1519 670 1603 videntur).
713 1520 827 1609 Logia
851 1527 1033 1608 corruptos
1047 1523 1142 1583 enim
1161 1516 1219 1581 liic
1240 1516 1297 1580 lo·

154 1624 216 1669 cus
234 1614 287 1669 est
305 1614 340 1668 et
360 1604 564 1695 legendum,
586 1599 722 1689 Koripus
746 1602 924 1692 ἐξὴκονται
961 1606 1079 1695 itaque
1101 1603 1197 1689 apud
1217 1602 1297 1667 Sto-

40 1704 46 1719 ·
154 1688 281 1755 bosom
301 1691 442 1777 legitor.
485 1689 697 1773 AtSus'dos,
727 1694 789 1780 qui
807 1692 897 1757 hunc
914 1689 1087 1779 Diogenis
1102 1689 1216 1755 locum
1232 1688 1296 1753 cte-

154 1775 315 1864 scripss't,
337 1777 443 1843 babet
458 1775 533 1864 ipso
546 1797 677 1866 quoque
692 1777 891 1864 rosq'sovsus
935 1779 1005 1841 nod
1019 1775 1084 1842 elsi
1091 1772 1189 1862 ferri
1198 1797 1295 1862 posse

153 1861 310 1935 videtur,
340 1874 486 1951 propter
510 1861 595 1943 itta,
633 1862 788 1950 διάνδιχα
810 1858 897 1941 sirloc
914 1797 1077 1949 ίἐχουσαιι
1114 1872 1233 1929 tomen
1251 1860 1296 1927 il-

88 1992 93 2005 ·
153 1948 230 2014 lom
247 1949 430 2015 lectionem
443 1949 562 2038 magis
576 1951 707 2039 probo,
731 1951 835 2015 immo
853 1947 967 2015 solam
979 1946 1098 2037 probo.

239 2035 471 2124 Egoquidem,
500 2038 527 2099 si
548 2039 615 2121 qrris
636 2062 689 2103 me
710 2050 816 2119 roget,
846 2049 988 2101 neutram
1006 2036 1173 2101 lectionem
1190 2054 1297 2100 veram

69 2166 76 2187 .
152 2123 345 2209 suspicabar}
367 2123 422 2187 sed
440 2122 595 2208 scripsisse
610 2123 794 2188 Cleobulum
811 2146 874 2186 non
890 2122 943 2193 ui.
973 2120 1031 2187 sed
1047 2110 1072 2207 ᾗ
1089 2108 1132 2207 (ᾖ
1153 2119 1231 2205 μὲν,
1253 2140 1297 2184 ex

152 2228 226 2273 unu
243 2217 366 2295 parte:
388 2197 411 2293 ᾖ
432 2207 484 2286 di,
507 2228 550 2270 ex
564 2205 712 2291 altero),
734 2210 817 2296 quod
832 2230 932 2273 errore
948 2220 1101 2271 mumtum
1113 2208 1197 2271 sitin
1216 2204 1253 2270 ul
1267 2217 1297 2268 et

153 2294 244 2366 inde,
265 2295 350 2381 quod
368 2294 499 2359 absurda
512 2297 564 2358 vel
576 2299 726 2367 sententia
739 2299 791 2359 vel
803 2297 899 2359 oratio
912 2294 1080 2373 uideretur,
1100 2293 1296 2357 substitutum

154 2386 195 2446 ab
216 2382 283 2445 aliis
309 2382 441 2464 Κοῦραι
468 2375 647 2462 ἑξήκονται
680 2380 736 2445 sed
756 2382 1002 2462 ingeniosissima
1022 2380 1082 2445 viri
1100 2379 1297 2465 praestantis-

153 2468 242 2547 simi,
262 2463 408 2533 Joonnis
427 2463 583 2546 Sordent,
604 2469 809 2554 interpretatio
823 2466 903 2531 adeo
921 2466 1047 2545 arridet,
1074 2477 1110 2527 ut
1125 2484 1223 2551 prope
1244 2484 1297 2526 me

155 2557 346 2633 coniecturae
363 2555 527 2640 poeniteat
570 2554 699 2618 Putabat
712 2555 765 2617 ille
778 2548 816 2617 τὸ
839 2554 874 2617 ul
890 2551 952 2635 μὲν
969 2565 1000 2617 et
1014 2550 1051 2615 nl
1063 2546 1100 2615 di
1114 2550 1155 2613 ad
1170 2548 1298 2615 easdem

153 2662 317 2727 personas,
346 2640 458 2726 partim
479 2640 563 2703 albas
585 2642 696 2727 partim
716 2642 833 2721 nigras,
863 2660 957 2725 posse
977 2638 1097 2701 referris
1119 2634 1194 2723 q..d.
1216 2622 1297 2699 Hae

153 2734 275 2789 atatem
288 2723 390 2789 albos
405 2732 505 2787 sunt.-
525 2734 561 2787 st
573 2724 719 2788 eosdem
731 2746 850 2788 roratas
864 2723 1012 2812 nigros:
1031 2724 1075 2787 ita
1086 2717 1124 2788 τὸ
1137 2708 1217 2785 usius
1228 2742 1298 2785 ma-

153 2813 201 2894 gis
213 2814 420 2899 emphaticum
432 2813 538 2891 fuerit,
560 2826 590 2876 et
602 2814 742 2892 aenigma
757 2813 860 2897 ipsum
874 2812 973 2893 magis
988 2809 1244 2890 aenigmaticum,
1263 2806 1296 2869 id

155 2910 203 2963 est
214 2902 307 2979 longe
321 2899 447 2961 acutius.
490 2898 576 2961 Unus
595 2910 699 2961 tamen
720 2908 784 2961 erat
803 2899 975 2983 scrupulus,
1002 2895 1086 2980 quod
1109 2894 1148 2957 de
1168 2916 1225 2957 usu
1244 2893 1297 2956 tali

50 3013 55 3023 ·
154 2986 369 3073 particularum
392 2978 411 3049 ὁ
431 2982 494 3065 μὲν
514 2995 545 3048 et
566 2978 585 3048 ὁ
608 2982 644 3049 δὲ
668 2983 709 3046 ad
736 2982 863 3046 easdem
887 3003 1034 3068 personas
1053 2982 1215 3048 relatarum
1232 3001 1297 3041 non

154 3075 330 3135 constabat:
353 3072 465 3151 cogitet
476 3070 595 3133 Lector.
639 3068 703 3133 Sed
722 3068 865 3155 quicquid
877 3070 968 3147 hujus
986 3068 1042 3145 sit,
1063 3067 1154 3153 quid,
1172 3087 1297 3151 quaeso,

154 3159 190 3220 in
208 3158 312 3221 verbis
330 3158 440 3242 patris,
466 3155 550 3243 quod
571 3158 624 3221 vel
641 3154 822 3241 iniquissimi
842 3166 872 3216 et
891 3152 1173 3216 maledicentissimi
1193 3173 1298 3237 carpe-

152 3244 285 3320 rent*)?
328 3245 382 3322 Ar,
412 3245 496 3306 bone
517 3241 622 3307 Deus!
648 3264 724 3328 quas
744 3242 796 3303 hic
819 3240 990 3321 tragoedias
1016 3240 1126 3301 excitat
1147 3239 1297 3303 illarius?

153 3341 208 3392 aut
221 3328 338 3416 potius,
365 3351 442 3414 quos
458 3327 547 3393 ludos
559 3330 654 3395 facit?
674 3324 853 3392 Inlaelicem
866 3328 999 3411 aliquem
1015 3322 1055 3387 de
1074 3344 1164 3387 scena
1179 3324 1299 3385 morlo-

155 3436 230 3478 nem
247 3416 298 3478 vel
310 3415 538 3498 pantomimum
552 3414 657 3478 videre
666 3424 698 3478 te
710 3425 814 3499 putes,
837 3413 888 3497 qui
902 3411 993 3477 variis
1005 3412 1140 3473 motibus
1157 3412 1188 3472 et
1204 3412 1299 3489 gesti-

156 3501 358 3564 culationibus
376 3502 471 3563 risum
483 3502 536 3566 vel
550 3503 589 3562 ab
609 3500 712 3564 invitis
727 3510 905 3583 extorquere
921 3495 1093 3559 contendat
1135 3495 1175 3557 Et
1192 3504 1299 3559 tamen

155 3589 224 3672 ipse
243 3586 302 3651 sibi
319 3585 437 3673 plaudit
455 3585 582 3648 inlaelix
602 3596 633 3647 et
653 3585 776 3647 facetias
794 3604 865 3646 suas
879 3583 984 3646 lectori
998 3581 1108 3661 ingerit
1123 3594 1153 3645 et
1168 3583 1299 3666 imputat

156 3685 203 3752 ct,
225 3674 257 3736 io
270 3672 385 3761 paean!
417 3670 478 3755 (vir
493 3671 607 3752 gratim
626 3669 667 3733 ad
689 3668 845 3732 fastidium
870 3690 967 3754 usque
986 3669 1103 3729 accinit.
1147 3666 1212 3731 Sed
1230 3668 1298 3751 quis

159 3780 242 3822 error
257 3771 362 3821 tamen
378 3754 604 3821 Cosanbom'?
628 3757 695 3842 quis
710 3760 811 3841 lapsus
823 3756 875 3819 ille
886 3765 1005 3831 tantus,
1026 3765 1111 3815 tanto
1126 3755 1211 3817 hiatu
1248 3774 1298 3815 er-

156 3844 336 3910 sonandus?
372 3844 493 3929 Nempe
513 3845 665 3925 ignoravit
685 3862 797 3907 vocem
819 3862 959 3921 graecam
984 3838 1088 3903 naida
1114 3862 1178 3901 non
1193 3774 1300 3925 fiilos

155 3942 291 4009 tantum,
318 3928 428 3994 sedet
447 3926 545 4016 silias
562 3930 731 4011 significare
752 3941 782 3990 et
807 3927 879 3989 ideo
901 3928 1067 3989 lectionem
1089 3924 1299 3990 Stobaeanam

107 4042 111 4051 ·
157 4018 306 4102 praetulit.
350 4016 381 4080 Ο
403 4018 555 4079 frontem!
600 4014 680 4093 Quis
706 4036 771 4077 non
793 4015 905 4099 pariter
932 4012 1012 4074 dicat
1040 4012 1197 4091 ignorasse
1223 4034 1299 4077 eum

155 4098 334 4186 τριήκοντα
347 4103 516 4186 significare
531 4100 677 4189 triginta
692 4113 722 4163 et
740 4099 813 4163 ideo
836 4098 876 4163 de
899 4094 1098 4183 quindecim
1123 4098 1297 4181 cogitasse?

156 4188 269 4253 Postea
282 4210 357 4255 vero
374 4190 479 4254 nescio
491 4186 564 4274 quid
579 4188 638 4252 sibi
650 4188 751 4268 lingit,
780 4188 866 4271 quasi
886 4186 971 4249 diem
989 4182 1066 4262 dici,
1096 4186 1149 4271 qui
1163 4184 1297 4272 spatium

226 4464 255 4533 ⁸)
272 4464 326 4519 iaco
347 4464 460 4543 dilutius
479 4462 518 4517 De
537 4463 621 4517 Mens.
640 4462 734 4543 'l'emp
752 4460 786 4515 O.
802 4458 862 4514 XV.
880 4474 909 4529 p·
929 4458 988 4515 193.
1007 4462 1036 4512 st
1052 4456 1111 4515 194.

368 4758 397 4818 J
