2700 4972
22 248 135 317 ‚ran
293 295 296 299 ,
356 292 360 296 .
436 184 861 311 conunurrmns
925 301 928 308 ,
994 198 1021 251 s
1093 194 1173 277 ‘t'

72 416 114 480 ait
129 413 295 478 cuinam?
316 415 401 500 quasi
415 414 599 512 stupefactus
612 413 748 477 novitate
762 415 854 494 hujus
866 412 1130 496 interrogationis:
1153 439 1203 481 ex-

72 503 144 588 cipit
171 523 246 566 vero
269 500 389 563 Persius
414 498 580 564 curnam?
608 497 660 562 vio
683 495 811 579 Staio?
839 500 926 585 quasi
952 498 1049 566 dicatr
1081 504 1203 587 quaeris,

73 588 122 649 cui
134 588 296 649 hominum
308 586 421 650 Jovem
439 606 582 648 censeam
606 583 854 671 anteponendum
868 585 999 663 justitiae
1017 593 1051 651 et
1073 589 1205 673 aequita-

22 673 114 755 (9t)tis
129 672 226 752 ergo?
246 693 373 758 possem
386 670 486 734 dicere
502 693 542 733 ex
560 671 703 733 universo
717 691 827 751 genere
848 671 985 753 humano
1004 674 1127 735 nullum
1143 695 1205 737 esan
1249 684 1254 723 ῖ

23 759 234 821 189h0mine1n
257 779 328 819 cum
347 756 428 821 Jove
452 754 692 842 comparandum
699 777 707 832 3
735 754 791 818 sed
815 757 877 823 hoc
903 778 967 819 non
990 755 1080 843 iiico:
1110 780 1205 844 neque
1247 768 1251 773 '

72 845 156 907 enim
170 865 293 923 summo
306 847 370 923 jure
382 848 485 905 tecum
499 862 589 922 agere
606 843 695 922 volo;
716 840 792 903 illud
809 838 894 923 dico,
916 841 1000 928 quud
1018 864 1133 925 negare
1147 866 1205 909 non

70 941 173 1016 potes,
195 928 308 993 Jouem
328 926 412 990 Staio
432 930 542 991 saltem
563 939 725 1013 praestare.

161 1007 202 1078 V
197 1016 227 1076 ie
245 1007 365 1076 Staio?
387 1033 432 1074 em
451 1011 584 1075 scilicet
605 1011 741 1089 haeres,
764 1009 850 1093 Quis
863 1009 984 1096 potior
989 1011 1108 1101 Juderr
1120 1034 1207 1100 pue-

72 1096 162 1162 risve
185 1096 261 1185 quis
281 1098 397 1186 ceptior
415 1096 545 1178 urbini]
574 1097 623 1159 Ex
642 1098 768 1161 historia
788 1099 988 1162 famosissimi
1004 1101 1088 1164 illius
1108 1101 1208 1182 judicii

70 1185 210 1265 Juniani,
231 1206 324 1270 quam
336 1186 456 1247 narrant
474 1184 519 1247 Μ.
533 1182 650 1246 Tullius
670 1185 702 1245 in
716 1183 846 1246 Verrem
866 1183 919 1264 [IL
934 1185 989 1266 32]
1010 1208 1046 1250 ac
1066 1208 1124 1272 pro
1140 1187 1210 1251 Clu·

71 1272 154 1334 entio
175 1271 215 1352 [c.
235 1276 257 1337 7
276 1282 308 1333 et
326 1269 380 1349 24]
406 1281 437 1333 ct
457 1269 605 1333 Asconius
626 1266 814 1361 Paediar'rus²
843 1282 1000 1334 mutuatus
1012 1283 1071 1335 -est
1090 1271 1209 1337 Persius

44 1355 147 1445 'Staii
167 1378 301 1437 nomep:
335 1358 436 1418 nullus
459 1357 542 1418 enim
569 1375 704 1440 unquam
730 1355 783 1417 illo
804 1356 922 1442 turpior
946 1367 999 1437 aut
1027 1358 1211 1507 inpuinatior

69 1441 205 1520 judicum
213 1442 272 1503 fuit
291 1463 466 1505 consessus:
489 1461 583 1504 exeo
605 1461 734 1521 numero
760 1443 882 1503 fuerunt
898 1442 942 1503 illi
959 1453 1037 1522 tres,
1059 1445 1210 1522 moieno,

24 1565 27 1581 ·
71 1523 180 1606 Gutta,
208 1525 343 1606 Bulbus,
371 1548 448 1612 quos
476 1526 566 1588 toties
592 1527 724 1606 exagitat
752 1525 875 1607 Cicero3
906 1526 940 1589 in
966 1528 1100 1614 antiquis
1117 1528 1212 1594 Penii

70 1613 195 1676 scholiis
213 1634 372 1699 perperam
391 1614 536 1696 scriptum
550 1608 664 1673 Albus
683 1633 739 1696 pro
753 1609 905 1675 Bulbus:
926 1634 999 1675 nam
1020 1614 1054 1675 in
1069 1615 1212 1680 universa

68 1698 121 1760 illa
133 1699 259 1761 historia
282 1718 321 1760 eo
341 1699 468 1759 nomine
483 1699 585 1759 nullus
609 1699 788 1778 celebratur3
820 1696 933 1761 Albius
953 1711 1058 1762 autem
1076 1700 1145 1786 ipse
1168 1711 1213 1765 eet

46 1778 101 1847 Ὀ
125 1784 277 1869 pianicus3
308 1782 347 1845 de
369 1782 453 1846 Staio
474 1785 540 1846 sive
561 1780 610 1861 [C.
631 1781 729 1862 Aelio]
753 1781 896 1863 Staieno,
925 1784 977 1868 qui
993 1786 1029 1847 in
1047 1806 1086 1848 ea
1106 1806 1212 1850 caussa

68 1805 163 1948 juiex
175 1869 256 1931 sedit
268 1879 299 1931 et
317 1891 387 1930 cum
405 1869 529 1931 caeteris
543 1867 669 1930 foedam
682 1867 938 1932 nundinationem
950 1871 1096 1953 exercuit,
1115 1874 1212 1939 mutu

1 1973 3 1980 “
49 1955 114 2025 Μ.
128 1954 246 2018 Tullius
274 1954 404 2040 [praeter
419 1975 511 2040 supra
528 1952 609 2017 laud.
628 1952 714 2016 Brut.
736 1957 800 2035 68].

154 2079 207 2139 20.
229 2071 288 2136 Aa
305 2072 437 2138 scilicet
450 2062 585 2145 haereo,
603 2070 690 2154 Quis
701 2071 819 2160 potior
828 2069 940 2157 judex
953 2070 1118 2160 puerisve
1133 2074 1211 2163 'quir

68 2157 185 2245 aptior
200 2156 328 2241 orbat]
351 2161 437 2223 Haec
454 2161 497 2222 ita
511 2182 574 2221 uno
592 2160 697 2245 spiritu
719 2158 922 2223 continuanda
942 2163 1062 2223 sublata
1081 2162 1226 2235 interro-¹

69 2246 199 2326 gationis
220 2257 312 2324 nota,
335 2268 413 2332 quae
435 2249 529 2327 vulgo
550 2247 673 2331 ponitur
692 2257 764 2331 post
784 2244 930 2308 haeres:
952 2247 1084 2326 scilicet,
1105 2248 1211 2334 inquit,

69 2330 206 2393 dubitare
220 2332 328 2415 aliquis
341 2344 452 2418 potest,
474 2334 534 2394 hoc
548 2343 594 2394 est
606 2331 733 2393 omnino
745 2331 883 2394 dubitare
897 2354 991 2396 nemo
1004 2343 1118 2419 potest,
1139 2330 1212 2420 quin

67 2418 178 2480 melior
200 2418 240 2478 sit
260 2421 377 2480 futurus
395 2416 489 2496 judex
501 2417 620 2505 Jupiter
639 2438 731 2501 quam
747 2417 858 2479 Staius.
976 2436 979 2443 ·

157 2498 323 2567 Puerieve
338 2501 414 2589 quis
430 2523 453 2564 a
479 2500 545 2565 tior
560 2497 687 2582 urbici]
714 2500 852 2589 Respicit
864 2502 917 2565 itta
942 2513 1013 2565 aute
1030 2504 1151 2588 posita:
1195 2498 1198 2503 ’

176 2602 178 2607 ’
314 2652 317 2658 ,
353 2523 573 2674 pupiliumve
591 2585 746 2666 utinum,
771 2608 872 2675 quem
881 2585 1070 2674 proximus
1087 2586 1213 2655 uterer

218 2670 390 2757 Impellit,
416 2694 627 2760 expungam.

153 2780 207 2840 21.
229 2770 307 2837 Hoc
329 2773 454 2862 igitur,
479 2783 604 2864 quotu
626 2769 722 2838 Jovie
744 2796 865 2840 aurem
880 2772 1063 2865 impellere
1089 2785 1211 2858 tentae,

68 2856 139 2926 Dic
161 2859 311 2946 agedum
336 2860 460 2944 Staio]
492 2862 610 2926 Seneca
630 2862 758 2947 epistola
772 2861 828 2926 X:
859 2858 967 2926 Nune
991 2874 1127 2948 quauta
1149 2861 1213 2927 de·

18 2950 41 3005 ,“
67 2945 201 3027 mentiri
218 2957 268 3010 ent
288 2946 495 3013 homiuum?
542 2942 764 3031 Turpissima
778 2957 860 3012 roto
880 2943 949 3011 dits
965 2945 1213 3029 insusurrant:

44 3044 46 3051 '
67 3028 99 3093 ri
125 3030 201 3117 quin
221 3030 412 3097 admoverit
436 3054 577 3104 aurem,
600 3031 845 3114 conticescent3
866 3042 900 3096 et
924 3032 1016 3120 quod
1037 3035 1128 3099 scire
1150 3033 1230 3099 ho-'

19 3115 197 3187 19ominem
211 3118 350 3198 nolunt,
372 3119 456 3184 Deo
472 3127 631 3183 narrant.

153 3244 204 3306 22.
226 3237 301 3304 Pro
315 3237 476 3326 Jupiter!
498 3260 517 3300 o
538 3235 640 3313 Irene,
663 3232 812 3318 clamet]
836 3237 1127 3325 Voxldetestantis,
1148 3263 1211 3329 pre

67 3319 231 3408 Jupiter!
257 3327 373 3411 passim
391 3325 475 3414 apud
501 3326 650 3402 comicos5
672 3325 747 3388 item
774 3345 792 3386 ο
814 3321 900 3388 bone
917 3322 1059 3410 Jupiter
1077 3328 1211 3394 Lucilius

26 3463 32 3477 Ι
68 3408 253 3557 prmengmte
267 3411 405 3498 Josepho
420 3410 575 3492 scaligero
590 3409 672 3499 apud
689 3409 827 3474 Nonium
850 3411 891 3489 [r.
916 3408 1102 3505 Dominus,
1124 3412 1211 3496 eVI,

98 3502 142 3562 .7
193 3517 292 3562 uun:

261 3498 273 3577 1
510 3578 571 3667 qui
584 3589 635 3658 te,
656 3577 741 3644 bone
755 3577 936 3668 Juppiter,
959 3579 1084 3670 inquit,

41 3692 44 3702 ¹
155 3663 319 3744 Mutivit,
342 3688 421 3730 cum
437 3664 613 3743 coenabit,
637 3662 816 3729 dominum
830 3661 915 3746 fore
931 3664 1085 3732 Croeso?

154 3759 206 3820 23.
227 3747 410 3838 Iuppiter!
434 3760 473 3815 ot
489 3773 564 3814 eece
580 3773 648 3815 nou
666 3750 796 3815 clamet
811 3750 858 3816 Ju
876 3751 974 3837 piter
986 3753 1099 3842 epsePJ
1126 3756 1212 3821 Haec

66 3836 177 3925 placita
191 3836 359 3918 distinctio,
381 3851 415 3901 ut
431 3840 532 3925 priore
545 3843 616 3902 loco
629 3835 766 3923 Jupiter
785 3840 824 3903 sit
866 3836 933 3922 ρθὴ
948 3844 1088 3923 πτῶσις,
1107 3854 1212 3930 poste-

66 3925 146 3988 riore
161 3920 313 4009 arment:
336 3947 393 3988 nec
411 3924 567 4011 displiceat
582 3926 673 3989 scribi
691 3947 761 3988 cum
778 3926 900 3989 Pithoei
912 3927 997 3991 libris
1016 3924 1066 3990 od
1083 3951 1140 4016 pro
1154 3936 1211 4002 ot,·

66 4011 100 4073 in
125 4010 254 4158 antiqpltis
272 4022 376 4075 tamen
399 4011 586 4075 membranis
613 4013 714 4098 paullo
741 4013 826 4075 aliter
856 4024 1022 4100 conceptus
1049 4027 1095 4078 est
1117 4019 1211 4094 locus,

66 4097 130 4159 hoc
153 4118 207 4160 mo
232 4119 268 4160 o:

465 4202 531 4267 pro
548 4177 703 4267 Jupiter,
727 4202 746 4242 o
773 4178 868 4262 boue,
896 4179 1026 4246 clamet

153 4264 337 4353 Juppiterr
359 4273 397 4328 nt
411 4286 485 4328 cese
505 4286 574 4330 non
596 4264 725 4330 clamet
738 4263 899 4353 Juppiter
922 4266 1025 4356 ipse?

1 4403 2 4410 ,
69 4348 170 4433 [Bene
185 4353 228 4418 ita
245 4352 431 4416 recentiores
443 4350 566 4434 crines]
