2700 4972
175 316 242 383 nu
401 264 404 283 ’
545 310 951 383 couunurmros

262 480 320 549 De
330 491 438 572 geute
449 481 867 575 ¹hircosacenturionum]
895 485 947 551 De
965 509 1097 551 numero
1118 508 1246 569 comm,
1265 486 1309 575 qui

178 572 276 635 cultus
296 574 436 650 neglectu
460 573 588 653 gloriam
604 572 742 639 riromm
763 572 889 636 fortium
908 584 939 637 et
958 575 1138 637 militasimn
1156 576 1307 655 affectant3

177 653 396 725 centuriones
408 659 540 744 appellat
550 659 635 723 uiros
646 659 807 739 militarem
828 653 1004 722 hircorum
1014 667 1164 746 gentem
1178 660 1306 723 nauriunt

177 742 316 805 illuviem
330 755 483 807 eorum-at
497 739 690 825 δυσχέρειαν
700 754 828 822 natans,
849 745 1000 828 quoniam
1030 746 1062 827 ui
1077 745 1301 825 centurionatus,

137 862 150 891 ,·
166 827 344 905 tribunatus
362 840 399 892 et·
406 829 485 893 ahos
494 829 638 891 militares
648 831 734 891 locos
750 831 939 910 ambiebant,
960 829 1003 892 ita
1048 852 1143 895 omae
1159 832 1298 899 vivebant

174 911 334 979 iuvenalis
354 913 451 979 Satira
461 912 546 978 xlv
567 914 640 993 [193
655 912 750 998 sqq.]:
1134 962 1138 969 .

497 1018 499 1027 ·
693 997 803 1063 vitem
818 1020 922 1087 posce
941 995 1081 1076 liberto,-

262 1078 335 1145 Sect
347 1091 452 1168 caput
466 1080 636 1147 intactum
651 1079 739 1148 duro
759 1105 927 1171 naresque
945 1083 1082 1171 pilosas

260 1165 415 1233 Adaotet
430 1177 465 1231 et
502 1167 628 1233 rondes
644 1168 791 1235 miretur
807 1167 956 1235 Laelius
969 1169 1087 1233 aias„
1119 1216 1140 1241 ,-

157 1250 260 1317 idem
295 1253 365 1317 otta
386 1255 459 1318 alibi
474 1189 532 1337 iil,
549 1255 619 1336 111:
1242 1332 1246 1337 Ι

148 1356 151 1360 ’
260 1276 417 1424 dispice
434 1337 591 1425 membra
609 1336 796 1426 quidemst
813 1335 924 1405 durae
939 1359 1007 1426 per
1026 1336 1179 1411 brachiu
1192 1350 1275 1407 seru

259 1422 475 1491 Promittant
494 1424 649 1489 atrocem
668 1423 837 1489 animum.

174 1530 217 1575 ex
234 1510 283 1575 his
305 1522 446 1659 apparet,
461 1534 521 1574 cur
542 1509 718 1575 hircorum
744 1518 890 1598 gentem
914 1510 1149 1596 istosappellet
1172 1508 1287 1575 Penius

147 1648 150 1653 .
174 1615 250 1659 nam
265 1618 337 1677 gran
360 1619 393 1660 es
406 1599 468 1661 alas
482 1598 591 1661 hircus.
602 1600 681 1661 solet
694 1598 848 1678 comitari,
868 1608 903 1659 ut
926 1607 957 1661 et
975 1597 1077 1659 omnis
1087 1596 1288 1661 imbalnitieiet

63 1735 69 1749 .
173 1673 336 1758 ἀλουσίας
353 1703 457 1747 comes
469 1704 590 1768 semper
603 1695 666 1747 erat
680 1681 849 1747 δυσυδίαε
868 1703 966 1767 neque
980 1681 1120 1761 restringi
1143 1680 1286 1745 debetror

174 1761 315 1831 iurooau
328 1767 367 1831 ad
383 1769 460 1833 birci
474 1770 635 1844 foetorem,
659 1790 836 1854 rermnpro
850 1768 960 1853 quovis
980 1767 1040 1828 alio
1061 1766 1160 1829 odore
1178 1779 1248 1831 tetro
1259 1788 1287 1829 er
1317 1776 1322 1791 ¹

60 1926 66 1945 x
174 1872 212 1915 ea
239 1875 332 1939 quam
358 1853 491 1916 diximus
521 1875 628 1917 caussa
652 1856 792 1937 γενικῶς
820 1851 1030 1938 accipiendum
1037 1873 1048 1929 ;
1082 1849 1128 1915 sic
1151 1846 1287 1934 γρᾰσυαα

175 1933 285 2001 Graeci
300 1937 403 2001 dicunt
419 1960 570 2001 non-eum
583 1941 699 2019 solum,
720 1941 773 2024 qui
787 1933 931 2021 paciaco,
952 1936 987 1998 id
999 1948 1046 1999 est
1059 1936 1198 2013 hircum,
1217 1940 1286 2015 oleat,

173 2021 231 2086 sed
245 2024 385 2109 quemvis
403 2022 561 2107 δυσχερῆ,
582 2034 617 2086 ut
631 2026 762 2111 appellat
775 2024 1005 2109 Theophrastus
1025 2020 1057 2084 in
1070 2020 1286 2097 characteribus,

89 2130 92 2143 ·
173 2108 229 2170 ubi
241 2112 328 2195 plura
347 2107 388 2171 de
400 2110 449 2191 his
467 2109 641 2195 scripsimus
665 2111 708 2194 [p.
724 2109 787 2175 314
802 2122 833 2171 et
843 2109 930 2187 325].
973 2106 1190 2181 Simillime‚in
1205 2108 1287 2195 quinta

173 2213 280 2258 osores
294 2195 416 2281 philoso
438 2195 510 2259 hiae
520 2205 613 2260 vocat
624 2190 799 2260 varicosos
815 2191 1145 2273 ceatur·iorres;[189].
1326 2240 1329 2269 :

121 2287 176 2345 296
260 2283 311 2345 78.
328 2284 380 2346 79.
410 2217 513 2360 guod
528 2276 644 2365 sapio,
666 2278 753 2341 satia
776 2289 829 2342 est
850 2277 952 2357 mila}
981 2279 1024 2358 [at
1047 2277 1138 2341 codd.
1163 2286 1288 2365 quotquot
1319 2282 1329 2343 t

172 2364 318 2433 novimus
332 2385 456 2428 omnes:
480 2362 521 2445 Q.
545 2363 631 2428 satis
653 2374 720 2444 est,
742 2365 841 2452 sapio
856 2386 920 2444 αα,
941 2364 1026 2450 quod
1043 2365 1157 2429 melius
1175 2384 1288 2435 emen
1327 2366 1330 2371 ’

171 2449 306 2513 tionibus
322 2451 415 2513 etiam
433 2451 523 2516 evicit
536 2452 677 2530 Weber]
700 2470 767 2515 noa
790 2471 862 2536 ego
878 2470 960 2513 curo
974 2448 1062 2513 Esse
1085 2446 1178 2534 quod
1197 2448 1289 2535 Attu-

171 2531 264 2598 silas
286 2533 549 2620 aerumnosique
573 2533 738 2616 Solones]
771 2537 840 2598 Hae
858 2548 928 2598 sunt
947 2557 1041 2600 voces
1068 2536 1153 2615 vulgi
1171 2534 1288 2599 Rornau

171 2618 291 2707 Sperne
303 2642 407 2684 mores
420 2623 556 2684 exoticos
577 2633 608 2684 ct
618 2622 849 2685 transmarinam
863 2622 1060 2707 sapientiam
1084 2621 1153 2684 cire
1162 2618 1288 2695 ,Roman

169 2726 264 2769 nemo
283 2706 361 2771 vivit
379 2707 412 2768 in
433 2707 507 2770 orbe
530 2709 657 2787 melius3
680 2704 878 2770 aerumnosi
901 2719 1004 2769 autem
1021 2702 1166 2769 Solones
1185 2717 1289 2793 propter

167 2790 324 2855 indefessa
338 2793 621 2878 philosophantium
634 2792 733 2856 studia
745 2806 776 2855 et
791 2794 947 2857 continuas
960 2793 1089 2871 vigilias,
1099 2813 1176 2859 ¹nou
1186 2803 1289 2879 propter

169 2878 296 2939 exilium
310 2889 341 2939 et
350 2878 409 2939 alia
423 2880 513 2957 mala,
535 2899 613 2962 quae
629 2881 704 2941 olim
718 2900 825 2964 passus
838 2877 924 2944 Solo.
968 2876 1029 2955 [De
1044 2876 1220 2957 Arcesila
1234 2898 1289 2941 me·

169 2960 240 3025 diae
263 2974 386 3025 auctore
403 2962 604 3044 Academiae,
630 2985 659 3028 a.
687 2967 753 3029 fere
779 2963 842 3029 244
870 2985 897 3026 a.
925 2960 959 3029 C.
983 2962 1114 3043 denato,
1142 2985 1174 3029 v.
1202 2958 1288 3025 laudd

167 3068 219 3112 a.
243 3049 288 3112 Pb

186 3070 207 3134 p
254 3047 307 3201 80].
328 3128 472 3220 obstipo
493 3132 631 3221 capite]
659 3134 802 3198 decorate
814 3133 873 3203 ¹hic
892 3134 996 3198 irrisor
1020 3146 1142 3215 gestum
1164 3132 1290 3221 exprimit

108 3222 111 3229 ’
167 3220 304 3283 hominis
328 3220 519 3285 meditantis:
546 3219 679 3306 stipare
709 3232 755 3284 est
778 3219 940 3300 στείβειυ.Ι
967 3221 1089 3305 proprie
1109 3223 1238 3285 verbum
1254 3230 1291 3281 est

167 3308 336 3385 fullonum,
359 3307 411 3390 qui
430 3306 546 3393 pedum
558 3307 750 3369 mutitatione
771 3327 890 3391 pannos
909 3304 1097 3369 condenseat
1111 3306 1291 3371 etiirmiorra

168 3391 304 3453 efficiunt
310 3414 319 3466 3
344 3390 417 3453 inde
432 3404 523 3478 caput
534 3395 704 3476 obstipum,
729 3395 813 3471 cujus
830 3392 931 3454 cervix
948 3391 1046 3470 rigida
1067 3403 1114 3455 est
1127 3404 1160 3455 et
1177 3392 1292 3475 obstipa,

165 3487 202 3538 ut
217 3478 348 3561 loquitur
362 3475 527 3540 Suetonius
536 3479 570 3539 in
581 3478 705 3540 Tiberio
718 3477 756 3556 [c.
774 3475 844 3555 68]:
863 3478 906 3538 ita
929 3488 1032 3539 autern
1047 3476 1195 3539 incedunt
1208 3474 1290 3559 rigido

166 3572 258 3646 atque
269 3562 401 3626 immoto
414 3564 494 3627 colio
508 3565 617 3649 partim
632 3564 756 3648 superbi
774 3563 935 3641 homines,
957 3574 990 3623 ut
1011 3584 1050 3625 eo
1069 3564 1140 3625 loco
1156 3562 1291 3637 Tiberius,

188 3648 277 3709 artim
290 3648 410 3711 attoniti
422 3650 474 3712 vel
489 3649 541 3735 qui
553 3651 609 3712 toti
627 3660 698 3710 suut
715 3650 749 3709 in
766 3648 890 3727 alicujus
908 3649 954 3711 rei
975 3660 1095 3709 contem
1119 3650 1242 3729 ladano,
1268 3656 1293 3709 ut

165 3668 236 3797 heic
250 3744 381 3797 notatur.
406 3732 501 3815 [urdo
512 3733 673 3799 Heindorf.
689 3732 730 3794 ad
744 3734 851 3796 Horat.
867 3732 929 3797 Sat.
944 3732 985 3810 ll,
1003 3735 1032 3811 5,
1047 3670 1118 3811 {izi

252 3816 303 3881 Et
313 3812 471 3907 figerem
489 3818 620 3885 lumine
640 3820 797 3897 terram]
822 3818 939 3882 Oculos
962 3819 1122 3882 demittere
1146 3818 1294 3881 modestae

101 3918 210 3992 ,(131)υο
224 3902 380 3969 studiosae
395 3906 560 3987 juventutis
578 3906 716 3986 signum:
744 3905 787 3966 ita
810 3906 893 3967 enim
920 3927 937 3966 a
957 3903 1146 3990 paedagogis
1167 3905 1293 3967 institue-

165 3992 285 4055 bantur.
332 3990 526 4055 Plutarchus:
552 3988 632 4067 τοὺς
657 3989 778 4065 παῖδας
801 3987 1019 4055 διδάσκουσιν
1041 3990 1076 4054 oi
1097 3986 1292 4072 uastarunt

164 4069 411 4154 assentante
431 4081 504 4153 ταῖς
531 4073 623 4154 ὁδοῖς
642 4080 847 4155 περιπατεῖυε
876 4076 955 4138 adeo
975 4070 1119 4162 quidem,
1152 4089 1185 4139 ut
1203 4099 1242 4139 ne
1259 4070 1290 4137 ad

142 4176 145 4181 '
163 4159 340 4227 salutandos
362 4161 487 4248 quidem
506 4165 616 4227 obvios
636 4175 727 4249 caput
747 4163 807 4225 illis
826 4165 972 4242 surrigere
991 4164 1105 4227 liceret.
1151 4164 1290 4225 Lurianu

163 4248 326 4311 Arnoribus
339 4246 379 4329 [§.
394 4246 452 4328 44]
466 4248 505 4311 de
520 4250 642 4334 ephebo
666 4270 736 4311 cum
756 4269 826 4311 cura
846 4246 974 4311 educato
992 4250 1023 4309 Ιο
1044 4270 1137 4314 ucns:
1159 4242 1225 4314 siud
1244 4248 1290 4328 eis

162 4325 318 4415 πατρῴας
333 4328 440 4409 ἑστίας
460 4328 617 4417 ἐξέρχεται
637 4329 894 4415 autumaveris
909 4329 965 4397 καὶ
977 4270 1105 4418 μηδένα
1117 4336 1189 4399 eois
1199 4329 1290 4401 ἅπαν·

163 4438 299 4485 eamus
319 4413 352 4499 ἐξ
376 4414 532 4487 ἐναντίου
555 4415 791 4507 αοοσβδέυαυε
820 4421 873 4508 qui
897 4430 1000 4485 autem
1018 4421 1163 4487 attentius
1185 4414 1289 4507 aliqud
