2700 4972
290 386 911 458 ‚ADPERSHSATIRAML
1054 358 1058 372 '
1162 340 1206 460 si

155 554 209 623 Et
221 554 399 644 plorabile
419 558 452 623 si
473 557 557 646 quid
577 557 744 650 aliquoi]
774 559 961 627 Claudianus
978 546 1022 626 iii
1031 558 1214 651 Eutropium

68 641 105 722 ss,
128 648 194 710 261
217 645 304 819 aql
337 701 338 704 Ἴ
405 726 582 818 aerbisque
604 739 702 793 sonat
715 727 891 817 plorabile
917 732 1085 820 quiddam

156 810 268 889 ¹Ultra
289 812 475 901 nequitiam
497 814 628 887 fractis.
652 814 712 896 [Cf.
736 816 843 882 Horat.
864 816 921 904 Ep.
936 817 962 901 l,
977 825 1005 900 1,
1022 825 1081 885 67:
1105 818 1212 887 locri·
1332 894 1335 899 ,

175 910 179 914 “
239 912 337 962 m‘osa
354 909 520 984 poemata
543 899 658 987 Papi]
1231 940 1233 945 s

67 998 213 1089 Eliqaai
234 1002 412 1064 translatum
440 1024 457 1064 a
486 1005 617 1065 metallis
647 1015 677 1064 et
697 1003 730 1067 id
752 1026 848 1084 genus
868 1008 976 1087 relius,
1007 1028 1085 1092 quae
1106 1017 1212 1072 natura
1246 1070 1254 1079 ,

14 1142 24 1169 .·
67 1086 124 1177 sua
144 1100 325 1174 compactae
348 1100 419 1150 sunt
442 1099 472 1150 et
491 1086 600 1168 durae3
624 1110 695 1151 cum
716 1090 874 1176 liquantur,
895 1095 1078 1156 mollescunt
1099 1104 1129 1154 et
1145 1116 1213 1156 cor·
1309 1159 1312 1163 ,

66 1173 1211 1339 titillabit{tlt-’nsitm,itttltttttltllltb

67 1344 127 1411 40:
156 1343 354 1409 Translatum
375 1356 422 1421 est
450 1343 469 1407 a
491 1367 580 1408 sacco
602 1305 654 1408 vel
676 1350 744 1409 colo
766 1349 900 1411 vinario:
930 1310 968 1413 eo
997 1310 1081 1412 edim
1102 1314 1211 1413 vinum

10 1412 21 1511 i
66 1430 280 1495 transinissum
302 1428 475 1493 defaecatur
503 1443 534 1493 et
553 1431 575 1493 li
596 1430 704 1494 uidum
724 1431 859 1496 redditur
888 1432 931 1510 (v.
954 1433 994 1496 ad
1017 1434 1089 1516 17);'
1115 1457 1210 1500 voces
1244 1502 1247 1507 ,

20 1550 23 1555 -
65 1514 156 1597 igitur
177 1516 275 1581 veluti
294 1518 439 1603 percolat.
470 1513 559 1602 Casp.
612 1519 724 1597 orthius
745 1517 823 1583 adv.
846 1518 992 1599 XXXV,
1012 1524 1032 1584 3
1055 1520 1095 1593 ad
1115 1524 1211 1584 verba

22 1614 25 1621 '
65 1604 158 1665 refert
177 1613 309 1665 uenuste
329 1602 408 1680 ficta,
430 1603 529 1687 qualia
552 1605 752 1682 emasculare,
775 1607 907 1682 evirare,
931 1605 1117 1691 elimpidare,
1140 1629 1210 1669 eru-
1295 1624 1299 1633 ‘

10 1686 32 1757 μ’
66 1708 136 1766 gare
158 1698 229 1777 cett.
256 1685 323 1767 Pl]
361 1685 425 1771 Sed
445 1688 529 1751 varie
559 1689 619 1749 hoc
646 1691 776 1757 verbum
805 1692 937 1778 capitur:
964 1690 1130 1775 aliquando
1153 1715 1208 1776 pro

65 1774 216 1858 liquorem
239 1773 418 1869 exprimere,
436 1784 476 1873 ut,
494 1770 574 1859 apud
597 1770 634 1835 Β.
660 1772 858 1922 Cyprianumz
893 1775 935 1874 ele
956 1799 1041 1874 saiqo
1064 1776 1210 1874 dririssi·
1257 1854 1260 1867 ι

67 1880 120 1921 ino
141 1856 255 1947 oleiim
278 1856 444 1955 eliquare:
467 1857 552 1920 idem
573 1859 659 1922 ahbi:
684 1883 871 1947 eiqaamas
886 1885 923 1924 in
936 1859 1031 1924 valiis
1050 1859 1209 1925 dnlcedi—
1237 1916 1243 1939 ,

65 1966 142 2007 neni
165 1942 361 2016 claritatis,
383 1954 420 2007 at
443 1942 586 2007 liaereat
600 1943 727 2029 palato
749 1957 867 2010 nostro
889 1956 920 2010 et
940 1945 1124 2010 visceribus
1148 1969 1233 2010 sa-··

57 2051 128 2115 por
154 2027 347 2095 dilectionis
376 2028 505 2110 infusas
512 2054 525 2107 ,·
555 2029 708 2092 interdum
757 2053 974 2118 repurgare
1000 2044 1031 2094 et
1057 2031 1208 2118 liquidum

62 2112 207 2179 reddere:
230 2113 350 2178 Seneca
371 2110 498 2193 Quaest.
518 2126 615 2180 natur.
637 2054 755 2180 libili
776 2116 813 2196 [c.
826 2123 882 2192 26]
907 2117 945 2180 de
960 2116 1208 2202 quodamsonte:
1258 2184 1261 2189 ,
1302 2117 1317 2179 J

58 2197 171 2285 foeda¹
191 2197 363 2289 quaedam
386 2198 540 2264 turbidas
563 2223 603 2263 ex
625 2197 745 2264 intimo
757 2200 893 2286 fundit,
917 2201 1024 2266 donec
1043 2201 1207 2267 liberatas
1296 2267 1298 2271 .

99 2285 107 2299 '
349 2295 362 2348 t
411 2285 494 2348 unde
519 2297 550 2348 et
569 2308 624 2372 pro
648 2309 813 2386 exponere
835 2289 991 2374 accipitur:
1021 2288 1205 2369 Augustinus
1274 2342 1277 2347 ,

61 2284 291 2435 ebqaatprffie
314 2308 381 2374 es,·

10 2440 18 2453 .
62 2374 149 2469 epist.
284 2368 384 2469 :Sed
399 2371 500 2458 prins
522 2393 605 2457 opas
627 2381 674 2436 est
694 2371 853 2461 eliquare,
878 2371 1045 2461 quomodo
1067 2386 1205 2439 senteri-

10 2520 12 2525 .
57 2468 150 2523 tiam
171 2466 273 2547 taem
293 2457 468 2543 recipiam.

146 2576 202 2645 85.
224 2577 275 2641 Ei
299 2578 379 2658 [lege
402 2600 422 2640 e
443 2577 533 2641 codd.
551 2591 581 2642 et
602 2600 747 2659 gramm:
768 2577 832 2655 Ae]
864 2589 980 2644 tenero
1001 2577 1206 2665 sapplantat
1327 2607 1332 2612 ·

58 2661 171 2729 verba
185 2662 335 2749 palata]
368 2664 494 2726 Vocem'
510 2668 678 2728 naturalem
705 2688 740 2728 ac
767 2668 926 2730 robustam
947 2677 1010 2728 arte
1030 2667 1140 2745 trangit
1158 2687 1213 2743 ¹ac
1254 2706 1258 2717 ι

61 2749 243 2836 corrumpit:
274 2752 442 2835 palaestrae
476 2753 571 2814 verba
598 2763 670 2815 sunt
700 2749 945 2836 supplantare,
982 2749 1208 2825 subnervare.
1320 2784 1326 2799 x

58 2829 305 2913 ὑποσκελίζειν,
327 2834 527 2914 aaronitae:
550 2857 627 2921 quae
641 2849 769 2900 venuste
783 2835 824 2898 ad
844 2859 881 2899 ea
893 2834 1090 2916 significanda
1106 2847 1205 2899 trans-

58 2925 214 2998 iemntur,
242 2941 321 3007 quas
341 2943 407 2984 non
427 2942 561 2985 exsere
581 2923 691 2985 virtute
712 2925 805 2984 fiunt:
836 2919 947 2985 verba
974 2919 1204 3005 supplantare
1324 2948 1326 2953 ·

52 3005 254 3092 palato-est
273 3027 339 3089 non
363 3009 441 3069 bene
462 3028 520 3069 nec
541 3010 632 3091 plene
653 3008 855 3091 pronuntiare,
877 3006 933 3070 scd
947 3009 1079 3069 molliter
1099 3008 1201 3092 palato
1284 3026 1287 3031 ’

58 3090 206 3157 illidere:¹¹
219 3091 254 3153 in
273 3090 436 3154 formanda
447 3114 535 3156 ‘voce
555 3094 691 3178 palatum
714 3105 760 3155 est
779 3093 867 3177 quasi
885 3087 1015 3176 ήχεῖονε
1047 3103 1078 3151 at
1098 3091 1220 3174 plectri·

57 3181 128 3241 loco
151 3188 201 3241 cst
221 3170 240 3239 ὁ
262 3172 456 3259 γαργαρεὼν
477 3177 561 3262 (gar
587 3176 670 3239 alio:
690 3177 746 3240 sed
768 3200 807 3239 an
830 3177 952 3262 lingna
967 3177 1078 3263 polius,
1101 3188 1134 3236 ut
1149 3174 1202 3239 ci·
1272 3195 1274 3201 ’

59 3285 130 3327 cero
153 3263 206 3325 alii
227 3262 321 3341 uei),
343 3263 536 3347 utexplicat'
583 3266 698 3327 alenus.
734 3264 776 3342 [v.
798 3262 889 3327 Foes.
912 3263 1032 3327 Oecon.
1054 3261 1201 3348 Hippp.

59 3348 126 3429 83.]
164 3283 310 3411 Sidonius
335 3347 515 3432 Apollinaris
542 3350 620 3411 libro
641 3348 702 3412 IX.
731 3349 792 3434 [ep.
814 3350 857 3428 7.]
888 3346 1043 3412 diversum
1073 3350 1111 3429 ab
1140 3349 1202 3410 hoc

57 3436 171 3498 vitium
190 3433 445 3520 pronuntiationis
474 3446 575 3508 notat,
605 3456 675 3495 cum
699 3434 756 3498 ait:
789 3432 980 3501 orationem
1008 3430 1199 3496 salebrosas
1214 3449 1250 3504 85

51 3541 205 3605 passam
212 3517 394 3605 jarw'taras
404 3540 472 3604 per
485 3541 660 3584 cameram
671 3518 793 3602 palati
810 3516 1006 3582 aoliitatam
1020 3515 1196 3581 balhiiiire.

59 3606 111 3684 [V.
133 3604 218 3669 Non.
238 3625 264 3669 s.
286 3625 332 3683 v.,-
348 3601 374 3675 I,
400 3604 460 3669 157
477 3601 589 3687 Gom,
611 3604 746 3671 Turneb.
767 3607 789 3668 l.
811 3607 832 3668 1.
855 3617 886 3667 et
903 3604 962 3667 alia
981 3624 1029 3689 ap.
1044 3603 1099 3682 Pl,
1122 3624 1201 3688 quae

56 3693 90 3753 in
110 3686 287 3756 Neronem
308 3689 552 3771 conveniebant]

146 3813 199 3875 36.
221 3805 511 3891 Assensereairi.]
534 3807 597 3890 Qui
612 3806 710 3894 ῥῆσιν
720 3806 832 3895 politae
853 3806 1021 3886 recitabat,
1034 3803 1109 3869 illud
1126 3828 1200 3888 age-
1251 3859 1256 3867 .

56 3902 121 3977 bat,
155 3906 189 3957 ut
215 3896 322 3957 mollia
353 3897 486 3957 carmina
511 3896 645 3958 molliter
678 3897 904 3980 pronuntiaret3
941 3892 1067 3955 laudant
1093 3894 1201 3979 reliqui
1246 3924 1250 3931 ²

56 3980 236 4069 utrumque,
259 3992 289 4042 et
309 4002 422 4043 vocem
443 3994 473 4044 et
495 4002 634 4058 carmen,
668 3992 756 4066 atque
777 3981 821 4042 illi
842 3981 992 4041 tliiasotae
1013 4000 1070 4040 suo
1094 3982 1201 4042 assen-

55 4072 172 4133 tiuntur
198 4060 437 4152 pulcherrimum
462 4088 530 4130 esse
561 4088 683 4129 carmen
711 4064 795 4152 quod
822 4065 971 4128 recitavit:
1003 4063 1200 4126 effunduntur

55 4157 146 4238 igitur
166 4172 277 4215 omnes
298 4154 455 4238 paullatim
477 4154 510 4214 in
538 4152 668 4214 auctoris
697 4163 761 4213 tam
788 4154 942 4213 bonorum
964 4171 1117 4214 versuum·
1130 4153 1197 4210 lau-

56 4242 233 4319 dationem
255 4236 338 4324 quod
360 4238 387 4299 si
408 4237 543 4301 virorum
565 4238 704 4320 gravium
725 4236 756 4299 id
777 4236 925 4316 judicium
947 4247 1048 4315 esset,
1064 4256 1130 4297 non
1150 4245 1199 4296 te-

55 4328 184 4392 meraria
204 4345 269 4405 voit
290 4325 372 4385 male
394 4343 555 4403 sanorum,
583 4345 708 4411 prorsus
734 4324 810 4385 felix
830 4323 941 4385 talibus
962 4310 1111 4393 succidiis
1135 4330 1200 4395 erat
1303 4328 1307 4335 '

55 4414 146 4501 polita
166 4406 479 4494 ille'praedicandus:
507 4431 605 4488 nunc,
633 4409 704 4495 quia
722 4411 773 4471 'ab
794 4406 946 4470 illaudatis
966 4408 1033 4469 laus
1052 4404 1104 4469 illa
1120 4422 1199 4480 pro·
1257 4480 1260 4485 Ι

55 4501 207 4576 ficiscitur,
229 4494 309 4558 salse
320 4492 440 4558 Persius
461 4516 516 4559 eos
528 4493 657 4559 deridet.
682 4494 776 4568 [Pass.
789 4488 1112 4580 paronam-judiciii
1263 4494 1310 4549 “..

99 4582 216 4639 wia.
233 4578 333 4632 cina.
346 4577 462 4632 adi’err.
492 4590 495 4595 '
579 4650 582 4655 ι
963 4577 987 4641 5
1039 4610 1043 4617 .
1087 4626 1090 4631 ⁸
