2700 4972
462 369 802 477 sarteas.
1018 318 1202 461 ”xm

56 542 211 633 Indulge
231 541 360 632 genior
387 541 728 631 carpemus-dulcia.-
755 552 913 608 nostrum
932 556 1002 624 est,
1120 604 1122 609 .

57 653 164 736 Quod
182 651 292 718 vivis:
320 648 408 714 cinis
432 660 467 713 et
485 670 607 714 manee
626 660 662 713 et
671 649 806 736 jahala
816 649 897 740 fies.
988 722 992 729 ,

58 758 152 827 Vive
167 780 302 824 memor
319 757 399 835 leti‚·
414 754 517 846 fugit
532 757 639 836 liora,
661 757 741 837 soc,
763 758 857 846 quid
871 759 1002 847 loquor,
1024 759 1176 834 indessl.
1189 792 1197 817 ·-

147 868 197 932 un
217 848 292 954 qna
313 866 402 946 agis?
446 864 558 951 aupes
577 867 611 928 n
632 865 787 932 diversum
807 868 955 934 sensas
973 871 1087 937 namo:
1156 890 1162 903 r

54 978 220 1042 Hunccine
234 998 281 1038 -an
301 976 383 1035 hunc
404 975 563 1057 sequeris?
605 978 716 1039 subeas
737 976 869 1040 alternus
889 988 1011 1064 oportet
1140 985 1201 1049 155

54 1084 190 1170 Ancipiti
211 1081 361 1168 obsequio
384 1078 545 1164 dominos,
575 1086 706 1146 alternus
729 1083 862 1146 oberres.
1069 1076 1072 1085 ’

55 1191 124 1256 Nec
142 1202 192 1270 tu,
216 1212 287 1253 cum
309 1188 460 1253 obstiteris
483 1191 581 1252 semel
601 1189 783 1275 instantique
804 1191 923 1271 negaris

54 1297 167 1361 Parere
188 1297 336 1382 imperio,
364 1294 465 1381 Rapi
480 1295 564 1382 jam
584 1293 742 1373 vincula,
767 1295 866 1359 dicas:

54 1405 138 1469 Nam
161 1414 194 1466 et
210 1380 323 1467 luctatu¹
341 1405 424 1467 canis
445 1399 563 1466 nodum
583 1404 709 1489 abripit:
741 1415 874 1466 attamen
894 1407 954 1482 illi,

53 1512 137 1578 Cum
152 1512 250 1592 fugit,
278 1513 398 1574 acollo
419 1513 546 1574 trahitur
566 1532 635 1596 pars
661 1512 753 1590 longa
774 1523 910 1579 catenae.
983 1526 993 1541 ⁸
1139 1526 1201 1589 160
1290 1524 1296 1539 ¹

142 1617 266 1697 Dave,
290 1616 377 1697 cito,
401 1616 465 1681 boc
486 1613 606 1682 eredas
622 1614 747 1703 jubeo,
765 1614 871 1705 finire
891 1617 1028 1684 dolores
1077 1660 1080 1667 ·

52 1723 280 1815 Praeteritos
296 1720 447 1791 meditor
470 1725 620 1806 (Crudum
642 1725 868 1790 Chaerestratus
888 1748 1024 1808 unguem

55 1834 218 1898 Abrodens
242 1834 285 1896 ait
307 1830 409 1915 haec).
452 1830 512 1898 Aa
534 1830 636 1896 siccis
656 1830 804 1894 dedecus
825 1831 958 1896 obstem

58 1939 261 2029 Cognatis?
292 1962 338 2003 aa
362 1958 436 2003 rem
458 1936 620 2026 patriam
638 1958 777 2003 rumore
797 1938 937 2004 sinistro
1048 1948 1051 1953 '
1080 1954 1084 1969 ¹

53 2046 183 2111 Limen
204 2044 255 2108 ad
280 2044 483 2110 obscoenum
495 2042 691 2135 frangam,
721 2046 806 2111 dum
831 2046 1012 2136 Chrysidis
1033 2052 1121 2121 udas
1140 2058 1200 2123 165
1248 2070 1254 2091 ¹

55 2154 185 2223 Ebrius
208 2164 289 2218 ante
303 2149 408 2241 fores
426 2151 584 2217 extincta
606 2149 786 2239 cumface
807 2156 940 2221 canto?
958 2194 1002 2206 -

54 2262 144 2345 Euge
166 2286 259 2350 puer,
288 2263 409 2347 sapias,
438 2261 486 2326 dis
507 2262 728 2349 depellentibus
750 2285 861 2346 agnam

55 2370 192 2435 Percote.
215 2408 254 2417 -
278 2366 349 2433 Sed
368 2378 503 2433 censea’
520 2367 694 2456 plorabit,
717 2366 838 2453 Dave,
868 2370 1082 2438 relr'ota'P'-
1169 2446 1172 2453 ¹

55 2479 200 2560 Nugaris:
232 2479 335 2555 solea,
356 2498 450 2562 puer,
477 2480 678 2561 obiurgabere
697 2482 796 2549 rubra,

56 2586 103 2651 Ne
121 2584 274 2671 trepidare
294 2586 490 2671 velisatque
507 2599 588 2652 artos
608 2585 718 2651 rodere
739 2606 848 2652 casses-
1138 2594 1200 2658 170

56 2692 144 2758 Nunc
164 2697 247 2757 ferus
269 2704 300 2755 et
320 2684 456 2758 violens:
485 2706 531 2775 at,
553 2697 580 2759 si
600 2706 708 2775 vocet,
731 2690 843 2757 Haud
862 2716 979 2777 mora,
1002 2696 1094 2765 dicas.
1117 2686 1183 2745 ·-‘

59 2798 237 2883 Quidnam
255 2797 371 2888 'igitur
386 2798 559 2888 faciam?
585 2822 628 2865 rte
647 2824 755 2882 auae,
784 2822 863 2864 cum
883 2814 1097 2870 accerseret
1104 2805 1199 2871 'ultro

58 2906 257 2997 Supplices,
282 2906 479 2973 acaedam?
497 2944 535 2956 -
560 2908 697 2974 Sitotus
720 2920 752 2973 et
771 2908 888 2990 integer
907 2912 991 2975 illinc

57 3017 196 3098 Exieras,
218 3039 259 3080 ne
280 3018 382 3080 nunc!
407 3053 443 3062 -
468 3016 546 3095 Hic,
569 3018 636 3098 hic,
658 3038 751 3102 quem
773 3019 962 3103 quaerimus,
986 3020 1036 3084 hic
1058 3034 1123 3085 est:

58 3122 125 3189 Non
146 3128 180 3187 in
201 3127 335 3197 festuca.
364 3126 453 3203 lictor
472 3146 566 3211 quam
587 3129 676 3204 jactat
697 3126 826 3210 ineptus.
1139 3127 1201 3194 175

138 3234 196 3298 Jus
217 3235 313 3309 habet
332 3232 385 3297 ille
404 3232 454 3297 sui
475 3234 594 3319 palpo,¹
608 3253 702 3316 quem
724 3230 806 3294 ducit
826 3234 964 3297 hiantem

60 3342 175 3407 Cretata
198 3340 327 3403 ambitio
334 3340 355 3408 Ρ·
393 3332 500 3423 Vigila
521 3351 553 3403 et
574 3340 653 3402 cicer
673 3341 777 3420 ingere
795 3342 877 3433 large

58 3448 179 3513 Rixanti
200 3448 336 3535 populo,
361 3454 466 3513 nosue
486 3458 522 3511 ut
537 3446 668 3511 ffloralia
691 3447 811 3533 possint

61 3558 155 3644 Aprici
175 3554 356 3619 meminisse
377 3574 485 3620 senesr
528 3554 603 3644 quid
621 3554 801 3641 pulchrius?
845 3555 884 3618 At
904 3577 974 3617 cum

61 3664 189 3728 Herodis
212 3684 327 3726 venere
348 3662 415 3727 dies
435 3652 586 3749 unctaque
606 3666 739 3726 fenestra

62 3770 232 3860 Dispositae
255 3770 402 3857 pinguem
422 3772 568 3835 nebulam
590 3792 738 3836 vomuere
759 3774 899 3831 lucernae

62 3877 217 3943 Portantes
237 3878 350 3957 violas,
380 3862 566 3967 rubrumifue
586 3882 729 3966 amplexa
751 3879 884 3939 catinum

63 3986 162 4052 Gauda
184 3996 269 4050 natat
288 3988 414 4069 thynni,
441 3980 633 4052 tumet'alba
652 3986 753 4048 fidelia
776 3987 868 4049 vinu:

63 4092 155 4158 Labra
176 4094 417 4159 moves'tacitus
440 4098 626 4183 recutitaque
647 4097 773 4158 sabbata
794 4095 899 4179 palles.

65 4199 146 4265 Tunc
166 4202 247 4282 nigri
267 4202 400 4268 lemures
421 4226 545 4291 oroque
565 4204 696 4290 pericula
717 4213 822 4288 rupto,

64 4308 146 4373 Tunc
166 4308 298 4391 grandes
318 4308 398 4375 Gelli
418 4322 450 4376 et
471 4334 543 4376 cum
562 4312 650 4393 sistro
672 4314 756 4374 lusca
777 4307 919 4372 sacerdos

12 4558 16 4577 i
128 4484 332 4560 vessinae
345 4500 497 4573 gnara
643 4524 650 4545 ι
973 4575 993 4618 *

126 4636 132 4643 ,
217 4598 221 4607 ·
324 4588 327 4593 “
590 4602 615 4639 ·,
937 4588 957 4636 C
