<?xml version="1.0" encoding="UTF-8"?>
<!DOCTYPE html PUBLIC "-//W3C//DTD XHTML 1.0 Transitional//EN"
    "http://www.w3.org/TR/xhtml1/DTD/xhtml1-transitional.dtd">
<html xmlns="http://www.w3.org/1999/xhtml" xml:lang="en" lang="en">
 <head>
  <title>
</title>
<meta http-equiv="Content-Type" content="text/html;charset=utf-8" />
  <meta name='ocr-system' content='tesseract 3.04.00' />
  <meta name='ocr-capabilities' content='ocr_page ocr_carea ocr_par ocr_line ocrx_word'/>
</head>
<body>
  <div class='ocr_page' id='page_1' title='image "./satirarumliber00persgoog_0243.png"; bbox 0 0 2700 4972; ppageno 0'>
   <div class='ocr_carea' id='block_1_1' title="bbox 64 312 873 395">
    <p class='ocr_par' dir='ltr' id='par_1_1' title="bbox 64 312 873 395">
     <span class='ocr_line' id='line_1_1' title="bbox 64 312 873 395; baseline 0.002 -6"><span class='ocrx_word' id='word_1_1' title='bbox 64 380 71 389; x_wconf 88' lang='grc'><strong><em>,</em></strong></span> <span class='ocrx_word' id='word_1_2' title='bbox 91 328 169 395; x_wconf 67' lang='lat'>&#39;121</span> <span class='ocrx_word' id='word_1_3' title='bbox 465 312 873 392; x_wconf 76' lang='lat' dir='ltr'><strong>COMMENTARIUS</strong></span> 
     </span>
    </p>
   </div>
   <div class='ocr_carea' id='block_1_2' title="bbox 6 496 1284 4531">
    <p class='ocr_par' dir='ltr' id='par_1_2' title="bbox 22 496 1234 584">
     <span class='ocr_line' id='line_1_2' title="bbox 22 496 1234 584; baseline -0.001 -21"><span class='ocrx_word' id='word_1_4' title='bbox 22 518 30 539; x_wconf 82' lang='lat'><strong>·</strong></span> <span class='ocrx_word' id='word_1_5' title='bbox 104 498 147 563; x_wconf 86' lang='lat' dir='ltr'>ait</span> <span class='ocrx_word' id='word_1_6' title='bbox 160 496 357 580; x_wconf 76' lang='lat' dir='ltr'>Augusu&#39;nus,</span> <span class='ocrx_word' id='word_1_7' title='bbox 386 496 480 578; x_wconf 89' lang='lat' dir='ltr'>gratia</span> <span class='ocrx_word' id='word_1_8' title='bbox 497 496 639 584; x_wconf 87' lang='lat' dir='ltr'>spiritalis</span> <span class='ocrx_word' id='word_1_9' title='bbox 658 508 713 560; x_wconf 90' lang='lat' dir='ltr'>est.</span> <span class='ocrx_word' id='word_1_10' title='bbox 743 498 847 561; x_wconf 75' lang='lat' dir='ltr'>&#39;Hunc</span> <span class='ocrx_word' id='word_1_11' title='bbox 866 497 957 579; x_wconf 90' lang='lat' dir='ltr'>igitur</span> <span class='ocrx_word' id='word_1_12' title='bbox 973 507 1093 562; x_wconf 88' lang='lat' dir='ltr'>tantum</span> <span class='ocrx_word' id='word_1_13' title='bbox 1110 506 1143 559; x_wconf 93' lang='lat' dir='ltr'>et</span> <span class='ocrx_word' id='word_1_14' title='bbox 1162 496 1234 562; x_wconf 87' lang='lat' dir='ltr'>adeo</span> 
     </span>
    </p>

    <p class='ocr_par' dir='ltr' id='par_1_3' title="bbox 53 583 1284 926">
     <span class='ocr_line' id='line_1_3' title="bbox 53 583 1271 667; baseline -0.001 -19"><span class='ocrx_word' id='word_1_15' title='bbox 53 592 104 651; x_wconf 83' lang='lat'>171</span> <span class='ocrx_word' id='word_1_16' title='bbox 113 588 174 657; x_wconf 86' lang='lat' dir='ltr'>late</span> <span class='ocrx_word' id='word_1_17' title='bbox 197 589 301 649; x_wconf 84' lang='lat' dir='ltr'>susum</span> <span class='ocrx_word' id='word_1_18' title='bbox 315 584 479 646; x_wconf 87' lang='lat' dir='ltr'>bominum</span> <span class='ocrx_word' id='word_1_19' title='bbox 504 605 639 646; x_wconf 91' lang='lat' dir='ltr'>errorem</span> <span class='ocrx_word' id='word_1_20' title='bbox 665 605 735 644; x_wconf 92' lang='lat' dir='ltr'>cum</span> <span class='ocrx_word' id='word_1_21' title='bbox 757 583 895 647; x_wconf 86' lang='lat' dir='ltr'>viderent</span> <span class='ocrx_word' id='word_1_22' title='bbox 924 592 1184 667; x_wconf 73' lang='lat' dir='ltr'>agnoscerentque</span> <span class='ocrx_word' id='word_1_23' title='bbox 1202 606 1236 647; x_wconf 85' lang='lat' dir='ltr'>ex</span> <span class='ocrx_word' id='word_1_24' title='bbox 1266 598 1271 621; x_wconf 88' lang='lat'><em>¹</em></span> 
     </span>
     <span class='ocr_line' id='line_1_4' title="bbox 102 667 1284 757; baseline -0.002 -24"><span class='ocrx_word' id='word_1_25' title='bbox 102 682 188 757; x_wconf 89' lang='lat' dir='ltr'>parte</span> <span class='ocrx_word' id='word_1_26' title='bbox 208 670 377 755; x_wconf 86' lang='lat' dir='ltr'>sapientes,</span> <span class='ocrx_word' id='word_1_27' title='bbox 405 667 592 731; x_wconf 82' lang='lat' dir='ltr'>medicinam</span> <span class='ocrx_word' id='word_1_28' title='bbox 610 668 655 730; x_wconf 91' lang='lat' dir='ltr'>illi</span> <span class='ocrx_word' id='word_1_29' title='bbox 677 673 777 732; x_wconf 83' lang='lat' dir='ltr'>facere</span> <span class='ocrx_word' id='word_1_30' title='bbox 797 692 853 755; x_wconf 88' lang='lat' dir='ltr'>pro</span> <span class='ocrx_word' id='word_1_31' title='bbox 868 691 923 733; x_wconf 89' lang='lat' dir='ltr'>sua</span> <span class='ocrx_word' id='word_1_32' title='bbox 944 670 1024 735; x_wconf 82' lang='lat' dir='ltr'>virili</span> <span class='ocrx_word' id='word_1_33' title='bbox 1047 680 1078 731; x_wconf 88' lang='lat' dir='ltr'>ct</span> <span class='ocrx_word' id='word_1_34' title='bbox 1098 680 1237 755; x_wconf 81' lang='lat' dir='ltr'>quantun</span> <span class='ocrx_word' id='word_1_35' title='bbox 1279 670 1284 723; x_wconf 80' lang='lat' dir='ltr'>l</span> 
     </span>
     <span class='ocr_line' id='line_1_5' title="bbox 102 753 1284 841; baseline -0.003 -21"><span class='ocrx_word' id='word_1_36' title='bbox 102 758 220 820; x_wconf 84' lang='lat' dir='ltr'>ferebat</span> <span class='ocrx_word' id='word_1_37' title='bbox 239 755 360 841; x_wconf 90' lang='lat' dir='ltr'>publica</span> <span class='ocrx_word' id='word_1_38' title='bbox 379 754 493 817; x_wconf 89' lang='lat' dir='ltr'>saeculi</span> <span class='ocrx_word' id='word_1_39' title='bbox 512 754 663 839; x_wconf 90' lang='lat' dir='ltr'>imperitia</span> <span class='ocrx_word' id='word_1_40' title='bbox 684 753 770 832; x_wconf 91' lang='lat' dir='ltr'>(nam</span> <span class='ocrx_word' id='word_1_41' title='bbox 793 767 823 817; x_wconf 86' lang='lat' dir='ltr'>et</span> <span class='ocrx_word' id='word_1_42' title='bbox 844 756 903 841; x_wconf 91' lang='lat' dir='ltr'>ipsi</span> <span class='ocrx_word' id='word_1_43' title='bbox 920 757 990 818; x_wconf 90' lang='lat' dir='ltr'>heic</span> <span class='ocrx_word' id='word_1_44' title='bbox 1013 753 1237 836; x_wconf 81' lang='lat' dir='ltr'>succutiebant),</span> <span class='ocrx_word' id='word_1_45' title='bbox 1281 780 1284 785; x_wconf 94' lang='lat'>·</span> 
     </span>
     <span class='ocr_line' id='line_1_6' title="bbox 103 837 1238 926; baseline -0.002 -20"><span class='ocrx_word' id='word_1_46' title='bbox 103 852 175 906; x_wconf 90' lang='lat' dir='ltr'>sunt</span> <span class='ocrx_word' id='word_1_47' title='bbox 195 841 315 919; x_wconf 73' lang='lat' dir='ltr'>conati.-</span> <span class='ocrx_word' id='word_1_48' title='bbox 361 838 409 902; x_wconf 90' lang='lat' dir='ltr'>Eo</span> <span class='ocrx_word' id='word_1_49' title='bbox 439 851 612 925; x_wconf 85' lang='lat' dir='ltr'>spectarunt</span> <span class='ocrx_word' id='word_1_50' title='bbox 641 860 837 925; x_wconf 88' lang='lat' dir='ltr'>quaecunque</span> <span class='ocrx_word' id='word_1_51' title='bbox 862 863 881 902; x_wconf 87' lang='lat' dir='ltr'>a</span> <span class='ocrx_word' id='word_1_52' title='bbox 906 837 1030 907; x_wconf 87' lang='lat' dir='ltr'>Graecis</span> <span class='ocrx_word' id='word_1_53' title='bbox 1053 840 1238 926; x_wconf 86' lang='lat' dir='ltr'>philosophis</span> 
     </span>
    </p>

    <p class='ocr_par' dir='ltr' id='par_1_4' title="bbox 6 919 1284 2293">
     <span class='ocr_line' id='line_1_7' title="bbox 72 919 1237 1012; baseline -0.003 -21"><span class='ocrx_word' id='word_1_54' title='bbox 72 1004 76 1009; x_wconf 35' lang='grc'><strong>,</strong></span> <span class='ocrx_word' id='word_1_55' title='bbox 102 922 179 1009; x_wconf 77' lang='grc' dir='ltr'><strong><em>περὶ</em></strong></span> <span class='ocrx_word' id='word_1_56' title='bbox 201 919 299 1008; x_wconf 83' lang='grc' dir='ltr'><strong><em>εύχῆς</em></strong></span> <span class='ocrx_word' id='word_1_57' title='bbox 320 925 387 989; x_wconf 87' lang='lat' dir='ltr'>sive</span> <span class='ocrx_word' id='word_1_58' title='bbox 407 926 594 1007; x_wconf 78' lang='grc' dir='ltr'><strong><em>προσευχῆς</em></strong></span> <span class='ocrx_word' id='word_1_59' title='bbox 621 926 731 1010; x_wconf 87' lang='lat' dir='ltr'>scripta</span> <span class='ocrx_word' id='word_1_60' title='bbox 751 929 887 990; x_wconf 87' lang='lat' dir='ltr'>fuerunt:</span> <span class='ocrx_word' id='word_1_61' title='bbox 921 949 982 1012; x_wconf 91' lang='lat' dir='ltr'>quo</span> <span class='ocrx_word' id='word_1_62' title='bbox 1008 927 1042 988; x_wconf 87' lang='lat' dir='ltr'>in</span> <span class='ocrx_word' id='word_1_63' title='bbox 1065 937 1237 1006; x_wconf 80' lang='lat' dir='ltr'>argumento</span> 
     </span>
     <span class='ocr_line' id='line_1_8' title="bbox 103 1008 1239 1097; baseline -0.001 -21"><span class='ocrx_word' id='word_1_64' title='bbox 103 1014 198 1076; x_wconf 87' lang='lat' dir='ltr'>etiam</span> <span class='ocrx_word' id='word_1_65' title='bbox 210 1013 404 1075; x_wconf 75' lang='lat' dir='ltr'><strong>Aristotelem</strong></span> <span class='ocrx_word' id='word_1_66' title='bbox 417 1010 512 1074; x_wconf 83' lang='lat' dir='ltr'>fuisse</span> <span class='ocrx_word' id='word_1_67' title='bbox 529 1008 684 1074; x_wconf 82' lang='lat' dir='ltr'>versalum</span> <span class='ocrx_word' id='word_1_68' title='bbox 698 1011 836 1075; x_wconf 70' lang='lat' dir='ltr'>Laertius</span> <span class='ocrx_word' id='word_1_69' title='bbox 854 1013 955 1091; x_wconf 88' lang='lat' dir='ltr'>testis,</span> <span class='ocrx_word' id='word_1_70' title='bbox 974 1013 1027 1097; x_wconf 92' lang='lat' dir='ltr'>qui</span> <span class='ocrx_word' id='word_1_71' title='bbox 1041 1011 1157 1073; x_wconf 86' lang='lat' dir='ltr'>librum</span> <span class='ocrx_word' id='word_1_72' title='bbox 1169 1013 1239 1075; x_wconf 88' lang='lat' dir='ltr'>illius</span> 
     </span>
     <span class='ocr_line' id='line_1_9' title="bbox 63 1093 1284 1182; baseline -0.001 -21"><span class='ocrx_word' id='word_1_73' title='bbox 63 1154 66 1161; x_wconf 30' lang='lat' dir='ltr'>i</span> <span class='ocrx_word' id='word_1_74' title='bbox 100 1094 176 1179; x_wconf 82' lang='grc' dir='ltr'><strong><em>περὶ</em></strong></span> <span class='ocrx_word' id='word_1_75' title='bbox 197 1093 294 1180; x_wconf 79' lang='grc' dir='ltr'><strong><em>εὐχῆς</em></strong></span> <span class='ocrx_word' id='word_1_76' title='bbox 315 1095 435 1178; x_wconf 79' lang='lat' dir='ltr'>laudat3</span> <span class='ocrx_word' id='word_1_77' title='bbox 458 1118 498 1158; x_wconf 85' lang='lat' dir='ltr'>ex</span> <span class='ocrx_word' id='word_1_78' title='bbox 512 1095 621 1158; x_wconf 88' lang='lat' dir='ltr'>Proclo</span> <span class='ocrx_word' id='word_1_79' title='bbox 638 1097 750 1179; x_wconf 83' lang='lat' dir='ltr'>scimus</span> <span class='ocrx_word' id='word_1_80' title='bbox 765 1098 920 1182; x_wconf 80' lang='lat' dir='ltr'>scripsisse</span> <span class='ocrx_word' id='word_1_81' title='bbox 943 1109 974 1159; x_wconf 92' lang='lat' dir='ltr'>et</span> <span class='ocrx_word' id='word_1_82' title='bbox 997 1098 1075 1159; x_wconf 86' lang='lat' dir='ltr'>alios</span> <span class='ocrx_word' id='word_1_83' title='bbox 1095 1117 1135 1159; x_wconf 89' lang='lat' dir='ltr'>ea</span> <span class='ocrx_word' id='word_1_84' title='bbox 1156 1095 1194 1158; x_wconf 93' lang='lat' dir='ltr'>de</span> <span class='ocrx_word' id='word_1_85' title='bbox 1212 1119 1240 1160; x_wconf 89' lang='lat' dir='ltr'>re</span> <span class='ocrx_word' id='word_1_86' title='bbox 1281 1158 1284 1169; x_wconf 89' lang='grc'>,</span> 
     </span>
     <span class='ocr_line' id='line_1_10' title="bbox 7 1180 1284 1272; baseline -0.001 -25"><span class='ocrx_word' id='word_1_87' title='bbox 7 1202 13 1211; x_wconf 85' lang='grc'><strong><em>’</em></strong></span> <span class='ocrx_word' id='word_1_88' title='bbox 100 1186 323 1272; x_wconf 91' lang='lat' dir='ltr'>philosophos:</span> <span class='ocrx_word' id='word_1_89' title='bbox 352 1180 407 1244; x_wconf 93' lang='lat' dir='ltr'>sed</span> <span class='ocrx_word' id='word_1_90' title='bbox 428 1184 541 1243; x_wconf 91' lang='lat' dir='ltr'>horum</span> <span class='ocrx_word' id='word_1_91' title='bbox 564 1182 705 1242; x_wconf 92' lang='lat' dir='ltr'>omnium</span> <span class='ocrx_word' id='word_1_92' title='bbox 733 1183 810 1245; x_wconf 86' lang='lat' dir='ltr'>nihil</span> <span class='ocrx_word' id='word_1_93' title='bbox 829 1184 927 1245; x_wconf 88' lang='lat' dir='ltr'>ferme</span> <span class='ocrx_word' id='word_1_94' title='bbox 955 1181 996 1246; x_wconf 88' lang='lat' dir='ltr'>ad</span> <span class='ocrx_word' id='word_1_95' title='bbox 1020 1204 1080 1245; x_wconf 92' lang='lat' dir='ltr'>nos</span> <span class='ocrx_word' id='word_1_96' title='bbox 1109 1184 1242 1268; x_wconf 84' lang='lat' dir='ltr'>pervenit</span> <span class='ocrx_word' id='word_1_97' title='bbox 1281 1188 1284 1269; x_wconf 73' lang='lat' dir='ltr'>l</span> 
     </span>
     <span class='ocr_line' id='line_1_11' title="bbox 7 1265 1284 1357; baseline -0.002 -24"><span class='ocrx_word' id='word_1_98' title='bbox 7 1345 10 1351; x_wconf 80' lang='lat'>.</span> <span class='ocrx_word' id='word_1_99' title='bbox 100 1282 221 1357; x_wconf 89' lang='lat' dir='ltr'>praeter</span> <span class='ocrx_word' id='word_1_100' title='bbox 234 1269 379 1330; x_wconf 84' lang='lat' dir='ltr'>eximium</span> <span class='ocrx_word' id='word_1_101' title='bbox 394 1267 482 1328; x_wconf 89' lang='lat' dir='ltr'>illurn</span> <span class='ocrx_word' id='word_1_102' title='bbox 497 1265 637 1352; x_wconf 91' lang='lat' dir='ltr'>quidem,</span> <span class='ocrx_word' id='word_1_103' title='bbox 660 1266 714 1329; x_wconf 91' lang='lat' dir='ltr'>sed</span> <span class='ocrx_word' id='word_1_104' title='bbox 727 1279 832 1329; x_wconf 78' lang='lat' dir='ltr'>tarnen</span> <span class='ocrx_word' id='word_1_105' title='bbox 852 1267 1133 1349; x_wconf 77' lang='lat' dir='ltr'>unicumPlatonis</span> <span class='ocrx_word' id='word_1_106' title='bbox 1150 1265 1240 1330; x_wconf 88' lang='lat' dir='ltr'>dialo-</span> <span class='ocrx_word' id='word_1_107' title='bbox 1282 1310 1284 1315; x_wconf 92' lang='lat'>-</span> 
     </span>
     <span class='ocr_line' id='line_1_12' title="bbox 101 1348 1284 1439; baseline 0.001 -23"><span class='ocrx_word' id='word_1_108' title='bbox 101 1377 190 1436; x_wconf 87' lang='lat' dir='ltr'>gum,</span> <span class='ocrx_word' id='word_1_109' title='bbox 210 1355 267 1439; x_wconf 85' lang='lat' dir='ltr'>qui</span> <span class='ocrx_word' id='word_1_110' title='bbox 278 1348 483 1419; x_wconf 82' lang='lat' dir='ltr'>Alcibiades</span> <span class='ocrx_word' id='word_1_111' title='bbox 507 1349 678 1414; x_wconf 78' lang='lat' dir='ltr'>secundus</span> <span class='ocrx_word' id='word_1_112' title='bbox 699 1352 871 1416; x_wconf 86' lang='lat' dir='ltr'>inscribitur</span> <span class='ocrx_word' id='word_1_113' title='bbox 896 1366 927 1416; x_wconf 93' lang='lat' dir='ltr'>et</span> <span class='ocrx_word' id='word_1_114' title='bbox 947 1350 1023 1435; x_wconf 77' lang='grc' dir='ltr'><strong><em>περὶ</em></strong></span> <span class='ocrx_word' id='word_1_115' title='bbox 1048 1354 1240 1437; x_wconf 75' lang='grc' dir='ltr'><strong><em>προσευχῆς.</em></strong></span> <span class='ocrx_word' id='word_1_116' title='bbox 1281 1364 1284 1391; x_wconf 83' lang='grc'>·</span> 
     </span>
     <span class='ocr_line' id='line_1_13' title="bbox 100 1438 1240 1526; baseline -0.002 -23"><span class='ocrx_word' id='word_1_117' title='bbox 100 1438 273 1519; x_wconf 85' lang='lat' dir='ltr'>ELatinis,</span> <span class='ocrx_word' id='word_1_118' title='bbox 303 1440 330 1503; x_wconf 92' lang='lat' dir='ltr'>si</span> <span class='ocrx_word' id='word_1_119' title='bbox 352 1438 404 1524; x_wconf 90' lang='lat' dir='ltr'>qui</span> <span class='ocrx_word' id='word_1_120' title='bbox 424 1441 546 1500; x_wconf 85' lang='lat' dir='ltr'>fuerunt</span> <span class='ocrx_word' id='word_1_121' title='bbox 557 1439 750 1523; x_wconf 88' lang='lat' dir='ltr'>philosophi,</span> <span class='ocrx_word' id='word_1_122' title='bbox 773 1440 824 1524; x_wconf 90' lang='lat' dir='ltr'>qui</span> <span class='ocrx_word' id='word_1_123' title='bbox 846 1441 925 1502; x_wconf 85' lang='lat' dir='ltr'>hanc</span> <span class='ocrx_word' id='word_1_124' title='bbox 943 1441 1105 1503; x_wconf 77' lang='lat' dir='ltr'>materiam</span> <span class='ocrx_word' id='word_1_125' title='bbox 1124 1460 1240 1526; x_wconf 83' lang='lat' dir='ltr'>separa-</span> 
     </span>
     <span class='ocr_line' id='line_1_14' title="bbox 100 1521 1240 1609; baseline -0.001 -19"><span class='ocrx_word' id='word_1_126' title='bbox 100 1528 158 1589; x_wconf 87' lang='lat' dir='ltr'>tim</span> <span class='ocrx_word' id='word_1_127' title='bbox 186 1535 379 1603; x_wconf 77' lang='lat' dir='ltr'>tractassent,</span> <span class='ocrx_word' id='word_1_128' title='bbox 416 1545 524 1586; x_wconf 89' lang='lat' dir='ltr'>eorum</span> <span class='ocrx_word' id='word_1_129' title='bbox 554 1524 664 1608; x_wconf 88' lang='lat' dir='ltr'>scripta</span> <span class='ocrx_word' id='word_1_130' title='bbox 692 1545 757 1585; x_wconf 90' lang='lat' dir='ltr'>non</span> <span class='ocrx_word' id='word_1_131' title='bbox 781 1526 910 1587; x_wconf 92' lang='lat' dir='ltr'>meliore</span> <span class='ocrx_word' id='word_1_132' title='bbox 939 1546 1031 1609; x_wconf 92' lang='lat' dir='ltr'>quam</span> <span class='ocrx_word' id='word_1_133' title='bbox 1057 1521 1240 1589; x_wconf 77' lang='lat' dir='ltr'>Graecorum</span> 
     </span>
     <span class='ocr_line' id='line_1_15' title="bbox 7 1608 1237 1695; baseline 0 -20"><span class='ocrx_word' id='word_1_134' title='bbox 7 1648 10 1653; x_wconf 89' lang='lat'>·</span> <span class='ocrx_word' id='word_1_135' title='bbox 99 1615 204 1675; x_wconf 83' lang='lat' dir='ltr'>functa</span> <span class='ocrx_word' id='word_1_136' title='bbox 226 1621 298 1674; x_wconf 89' lang='lat' dir='ltr'>sunt</span> <span class='ocrx_word' id='word_1_137' title='bbox 319 1614 399 1675; x_wconf 85' lang='lat' dir='ltr'>fato:</span> <span class='ocrx_word' id='word_1_138' title='bbox 428 1608 484 1673; x_wconf 92' lang='lat' dir='ltr'>sed</span> <span class='ocrx_word' id='word_1_139' title='bbox 507 1609 650 1672; x_wconf 75' lang='lat' dir='ltr'>vetustati</span> <span class='ocrx_word' id='word_1_140' title='bbox 669 1630 780 1689; x_wconf 88' lang='lat' dir='ltr'>magna</span> <span class='ocrx_word' id='word_1_141' title='bbox 801 1623 906 1673; x_wconf 89' lang='lat' dir='ltr'>tamen</span> <span class='ocrx_word' id='word_1_142' title='bbox 928 1612 1038 1690; x_wconf 89' lang='lat' dir='ltr'>gratia,</span> <span class='ocrx_word' id='word_1_143' title='bbox 1061 1608 1147 1695; x_wconf 91' lang='lat' dir='ltr'>quod</span> <span class='ocrx_word' id='word_1_144' title='bbox 1168 1608 1237 1675; x_wconf 80' lang='lat' dir='ltr'>duas</span> 
     </span>
     <span class='ocr_line' id='line_1_16' title="bbox 99 1689 1237 1781; baseline -0.003 -19"><span class='ocrx_word' id='word_1_145' title='bbox 99 1701 209 1762; x_wconf 84' lang='lat' dir='ltr'>saltem</span> <span class='ocrx_word' id='word_1_146' title='bbox 222 1700 287 1775; x_wconf 88' lang='lat' dir='ltr'>ejus</span> <span class='ocrx_word' id='word_1_147' title='bbox 302 1695 472 1777; x_wconf 85' lang='lat' dir='ltr'>argumenti</span> <span class='ocrx_word' id='word_1_148' title='bbox 485 1693 597 1757; x_wconf 84' lang='lat' dir='ltr'>Satires</span> <span class='ocrx_word' id='word_1_149' title='bbox 610 1689 803 1757; x_wconf 80' lang='lat' dir='ltr'>suminorum</span> <span class='ocrx_word' id='word_1_150' title='bbox 822 1697 1018 1781; x_wconf 88' lang='lat' dir='ltr'>scriptomm,</span> <span class='ocrx_word' id='word_1_151' title='bbox 1039 1695 1140 1759; x_wconf 87' lang='lat' dir='ltr'>Persii</span> <span class='ocrx_word' id='word_1_152' title='bbox 1153 1697 1237 1759; x_wconf 65' lang='lat' dir='ltr'>bum</span> 
     </span>
     <span class='ocr_line' id='line_1_17' title="bbox 99 1779 1236 1861; baseline -0.002 -14"><span class='ocrx_word' id='word_1_153' title='bbox 99 1795 131 1847; x_wconf 88' lang='lat' dir='ltr'>et</span> <span class='ocrx_word' id='word_1_154' title='bbox 154 1783 311 1847; x_wconf 84' lang='lat' dir='ltr'>Juvenalis</span> <span class='ocrx_word' id='word_1_155' title='bbox 331 1781 499 1859; x_wconf 86' lang='lat' dir='ltr'>decimam,</span> <span class='ocrx_word' id='word_1_156' title='bbox 530 1779 568 1842; x_wconf 88' lang='lat' dir='ltr'>ad</span> <span class='ocrx_word' id='word_1_157' title='bbox 589 1802 648 1843; x_wconf 89' lang='lat' dir='ltr'>nos</span> <span class='ocrx_word' id='word_1_158' title='bbox 667 1781 833 1844; x_wconf 83' lang='lat' dir='ltr'>transmisit</span> <span class='ocrx_word' id='word_1_159' title='bbox 851 1782 992 1861; x_wconf 83' lang='lat' dir='ltr'>integras.</span> <span class='ocrx_word' id='word_1_160' title='bbox 1036 1780 1161 1846; x_wconf 81' lang='lat' dir='ltr'>Omnes</span> <span class='ocrx_word' id='word_1_161' title='bbox 1179 1782 1236 1861; x_wconf 83' lang='lat' dir='ltr'>isti,</span> 
     </span>
     <span class='ocr_line' id='line_1_18' title="bbox 98 1863 1237 1954; baseline -0.004 -21"><span class='ocrx_word' id='word_1_162' title='bbox 98 1868 197 1947; x_wconf 91' lang='lat' dir='ltr'>Plato,</span> <span class='ocrx_word' id='word_1_163' title='bbox 217 1869 352 1954; x_wconf 89' lang='lat' dir='ltr'>inquam,</span> <span class='ocrx_word' id='word_1_164' title='bbox 373 1866 495 1930; x_wconf 86' lang='lat' dir='ltr'>Persius</span> <span class='ocrx_word' id='word_1_165' title='bbox 513 1886 549 1927; x_wconf 93' lang='lat' dir='ltr'>ac</span> <span class='ocrx_word' id='word_1_166' title='bbox 560 1864 727 1944; x_wconf 73' lang='lat' dir='ltr'>luvenalis,</span> <span class='ocrx_word' id='word_1_167' title='bbox 750 1888 915 1930; x_wconf 89' lang='lat' dir='ltr'>commune</span> <span class='ocrx_word' id='word_1_168' title='bbox 928 1863 1136 1946; x_wconf 88' lang='lat' dir='ltr'>bocbabent,</span> <span class='ocrx_word' id='word_1_169' title='bbox 1158 1866 1237 1952; x_wconf 88' lang='lat' dir='ltr'>quod</span> 
     </span>
     <span class='ocr_line' id='line_1_19' title="bbox 122 1950 1237 2045; baseline 0 -28"><span class='ocrx_word' id='word_1_170' title='bbox 122 1965 223 2017; x_wconf 89' lang='lat' dir='ltr'>eccata</span> <span class='ocrx_word' id='word_1_171' title='bbox 238 1975 256 2016; x_wconf 87' lang='lat' dir='ltr'>a</span> <span class='ocrx_word' id='word_1_172' title='bbox 270 1955 364 2033; x_wconf 83' lang='lat' dir='ltr'>vulgo</span> <span class='ocrx_word' id='word_1_173' title='bbox 380 1952 546 2014; x_wconf 90' lang='lat' dir='ltr'>hominum</span> <span class='ocrx_word' id='word_1_174' title='bbox 558 1951 591 2012; x_wconf 92' lang='lat' dir='ltr'>in</span> <span class='ocrx_word' id='word_1_175' title='bbox 605 1950 721 2013; x_wconf 89' lang='lat' dir='ltr'>orando</span> <span class='ocrx_word' id='word_1_176' title='bbox 734 1953 823 2014; x_wconf 89' lang='lat' dir='ltr'>solita</span> <span class='ocrx_word' id='word_1_177' title='bbox 834 1953 995 2033; x_wconf 73' lang='lat' dir='ltr'>vcommitti</span> <span class='ocrx_word' id='word_1_178' title='bbox 1014 1964 1164 2045; x_wconf 75' lang='lat' dir='ltr'>arguunt:</span> <span class='ocrx_word' id='word_1_179' title='bbox 1185 1951 1237 2017; x_wconf 85' lang='lat' dir='ltr'>scd</span> 
     </span>
     <span class='ocr_line' id='line_1_20' title="bbox 6 1976 1240 2125; baseline -0.002 -21"><span class='ocrx_word' id='word_1_180' title='bbox 6 2106 9 2113; x_wconf 71' lang='grc'>,</span> <span class='ocrx_word' id='word_1_181' title='bbox 98 1976 338 2125; x_wconf 58' lang='lat' dir='ltr'>ismiopmpna</span> <span class='ocrx_word' id='word_1_182' title='bbox 358 2039 435 2100; x_wconf 92' lang='lat' dir='ltr'>haec</span> <span class='ocrx_word' id='word_1_183' title='bbox 457 2040 539 2117; x_wconf 88' lang='lat' dir='ltr'>laus,</span> <span class='ocrx_word' id='word_1_184' title='bbox 562 2035 858 2121; x_wconf 85' lang='lat' dir='ltr'>quodpaucissimis</span> <span class='ocrx_word' id='word_1_185' title='bbox 880 2039 1018 2102; x_wconf 84' lang='lat' dir='ltr'>versibus</span> <span class='ocrx_word' id='word_1_186' title='bbox 1035 2042 1124 2125; x_wconf 86' lang='lat' dir='ltr'>plura</span> <span class='ocrx_word' id='word_1_187' title='bbox 1147 2039 1240 2125; x_wconf 83' lang='lat' dir='ltr'>capitu</span> 
     </span>
     <span class='ocr_line' id='line_1_21' title="bbox 99 2121 1238 2211; baseline 0 -24"><span class='ocrx_word' id='word_1_188' title='bbox 99 2123 255 2187; x_wconf 89' lang='lat' dir='ltr'>doctrinae</span> <span class='ocrx_word' id='word_1_189' title='bbox 284 2125 375 2203; x_wconf 90' lang='lat' dir='ltr'>hujus</span> <span class='ocrx_word' id='word_1_190' title='bbox 402 2143 495 2207; x_wconf 88' lang='lat' dir='ltr'>quam</span> <span class='ocrx_word' id='word_1_191' title='bbox 528 2124 580 2185; x_wconf 83' lang='lat' dir='ltr'>vel</span> <span class='ocrx_word' id='word_1_192' title='bbox 608 2121 695 2184; x_wconf 90' lang='lat' dir='ltr'>Plato</span> <span class='ocrx_word' id='word_1_193' title='bbox 724 2124 775 2186; x_wconf 81' lang='lat' dir='ltr'>vel</span> <span class='ocrx_word' id='word_1_194' title='bbox 795 2122 953 2186; x_wconf 81' lang='lat' dir='ltr'>luvenalis</span> <span class='ocrx_word' id='word_1_195' title='bbox 982 2135 1028 2187; x_wconf 91' lang='lat' dir='ltr'>est</span> <span class='ocrx_word' id='word_1_196' title='bbox 1053 2127 1238 2211; x_wconf 76' lang='lat' dir='ltr'>complexas·</span> 
     </span>
     <span class='ocr_line' id='line_1_22' title="bbox 98 2203 1240 2293; baseline -0.001 -19"><span class='ocrx_word' id='word_1_197' title='bbox 98 2209 176 2274; x_wconf 87' lang='lat' dir='ltr'>Tres</span> <span class='ocrx_word' id='word_1_198' title='bbox 191 2221 263 2274; x_wconf 90' lang='lat' dir='ltr'>sunt</span> <span class='ocrx_word' id='word_1_199' title='bbox 285 2211 412 2273; x_wconf 91' lang='lat' dir='ltr'>omnino</span> <span class='ocrx_word' id='word_1_200' title='bbox 425 2210 516 2288; x_wconf 89' lang='lat' dir='ltr'>hujus</span> <span class='ocrx_word' id='word_1_201' title='bbox 533 2207 673 2270; x_wconf 88' lang='lat' dir='ltr'>carminis</span> <span class='ocrx_word' id='word_1_202' title='bbox 688 2219 789 2293; x_wconf 87' lang='lat' dir='ltr'>partes</span> <span class='ocrx_word' id='word_1_203' title='bbox 808 2203 1001 2290; x_wconf 81' lang='grc' dir='ltr'><strong><em>ὁλοσχερεῖς.</em></strong></span> <span class='ocrx_word' id='word_1_204' title='bbox 1043 2208 1148 2273; x_wconf 84' lang='lat' dir='ltr'>Prima</span> <span class='ocrx_word' id='word_1_205' title='bbox 1161 2222 1240 2273; x_wconf 85' lang='lat' dir='ltr'>extra</span> 
     </span>
    </p>

    <p class='ocr_par' dir='ltr' id='par_1_5' title="bbox 37 2291 1242 2553">
     <span class='ocr_line' id='line_1_23' title="bbox 37 2291 1242 2380; baseline 0 -21"><span class='ocrx_word' id='word_1_206' title='bbox 37 2296 40 2316; x_wconf 92' lang='lat'>&#39;</span> <span class='ocrx_word' id='word_1_207' title='bbox 97 2317 165 2361; x_wconf 88' lang='lat' dir='ltr'>rem</span> <span class='ocrx_word' id='word_1_208' title='bbox 180 2307 235 2376; x_wconf 86' lang='lat' dir='ltr'>est,</span> <span class='ocrx_word' id='word_1_209' title='bbox 256 2298 316 2359; x_wconf 92' lang='lat' dir='ltr'>soli</span> <span class='ocrx_word' id='word_1_210' title='bbox 331 2295 444 2358; x_wconf 90' lang='lat' dir='ltr'>decoro</span> <span class='ocrx_word' id='word_1_211' title='bbox 457 2295 609 2357; x_wconf 87' lang='lat' dir='ltr'>serviens:</span> <span class='ocrx_word' id='word_1_212' title='bbox 635 2291 769 2378; x_wconf 91' lang='lat' dir='ltr'>ideoque</span> <span class='ocrx_word' id='word_1_213' title='bbox 788 2296 968 2358; x_wconf 87' lang='lat' dir='ltr'>brevissima</span> <span class='ocrx_word' id='word_1_214' title='bbox 987 2306 1017 2357; x_wconf 89' lang='lat' dir='ltr'>et</span> <span class='ocrx_word' id='word_1_215' title='bbox 1034 2306 1242 2380; x_wconf 82' lang='lat' dir='ltr'>quatuor-tuu-</span> 
     </span>
     <span class='ocr_line' id='line_1_24' title="bbox 97 2377 1241 2468; baseline 0.002 -24"><span class='ocrx_word' id='word_1_216' title='bbox 97 2392 164 2444; x_wconf 90' lang='lat' dir='ltr'>tum</span> <span class='ocrx_word' id='word_1_217' title='bbox 185 2402 347 2461; x_wconf 85' lang='lat' dir='ltr'>versuum,</span> <span class='ocrx_word' id='word_1_218' title='bbox 370 2381 479 2465; x_wconf 92' lang='lat' dir='ltr'>quibus</span> <span class='ocrx_word' id='word_1_219' title='bbox 494 2390 625 2464; x_wconf 81' lang='lat' dir='ltr'>lparatur</span> <span class='ocrx_word' id='word_1_220' title='bbox 645 2377 811 2442; x_wconf 88' lang='lat' dir='ltr'>aditusad</span> <span class='ocrx_word' id='word_1_221' title='bbox 835 2382 1043 2443; x_wconf 84' lang='lat' dir='ltr'>tractationem</span> <span class='ocrx_word' id='word_1_222' title='bbox 1065 2381 1241 2468; x_wconf 82' lang='lat' dir='ltr'>propositae</span> 
     </span>
     <span class='ocr_line' id='line_1_25' title="bbox 97 2464 1242 2553; baseline 0.002 -24"><span class='ocrx_word' id='word_1_223' title='bbox 97 2469 232 2530; x_wconf 87' lang='lat' dir='ltr'>theseos.</span> <span class='ocrx_word' id='word_1_224' title='bbox 248 2464 384 2548; x_wconf 79' lang='lat' dir='ltr'>[1-t.]</span> <span class='ocrx_word' id='word_1_225' title='bbox 416 2465 589 2535; x_wconf 84' lang='lat' dir='ltr'>Macrinum</span> <span class='ocrx_word' id='word_1_226' title='bbox 603 2465 687 2526; x_wconf 92' lang='lat' dir='ltr'>enim</span> <span class='ocrx_word' id='word_1_227' title='bbox 704 2465 887 2529; x_wconf 86' lang='lat' dir='ltr'>familiarem</span> <span class='ocrx_word' id='word_1_228' title='bbox 906 2487 997 2529; x_wconf 89' lang='lat' dir='ltr'>suum</span> <span class='ocrx_word' id='word_1_229' title='bbox 1017 2466 1142 2547; x_wconf 89' lang='lat' dir='ltr'>laudat,</span> <span class='ocrx_word' id='word_1_230' title='bbox 1162 2464 1242 2553; x_wconf 84' lang='lat' dir='ltr'>quod</span> 
     </span>
    </p>

    <p class='ocr_par' dir='ltr' id='par_1_6' title="bbox 47 2549 1242 2725">
     <span class='ocr_line' id='line_1_26' title="bbox 47 2549 1242 2636; baseline 0 -20"><span class='ocrx_word' id='word_1_231' title='bbox 47 2569 100 2626; x_wconf 80' lang='lat'>172</span> <span class='ocrx_word' id='word_1_232' title='bbox 108 2552 266 2616; x_wconf 86' lang='lat' dir='ltr'>scientiam</span> <span class='ocrx_word' id='word_1_233' title='bbox 278 2554 359 2614; x_wconf 91' lang='lat' dir='ltr'>bene</span> <span class='ocrx_word' id='word_1_234' title='bbox 373 2549 480 2613; x_wconf 87' lang='lat' dir='ltr'>orandi</span> <span class='ocrx_word' id='word_1_235' title='bbox 488 2571 523 2612; x_wconf 90' lang='lat' dir='ltr'>ac</span> <span class='ocrx_word' id='word_1_236' title='bbox 538 2562 610 2613; x_wconf 84' lang='lat' dir='ltr'>vota</span> <span class='ocrx_word' id='word_1_237' title='bbox 625 2549 757 2612; x_wconf 85' lang='lat' dir='ltr'>l&#39;aciendi</span> <span class='ocrx_word' id='word_1_238' title='bbox 776 2562 909 2630; x_wconf 89' lang='lat' dir='ltr'>teneret,</span> <span class='ocrx_word' id='word_1_239' title='bbox 928 2573 1030 2636; x_wconf 86' lang='lat' dir='ltr'>neque</span> <span class='ocrx_word' id='word_1_240' title='bbox 1051 2553 1140 2635; x_wconf 75' lang='lat' dir='ltr'>vulgi</span> <span class='ocrx_word' id='word_1_241' title='bbox 1161 2560 1242 2616; x_wconf 76' lang='lat' dir='ltr'>erro·</span> 
     </span>
     <span class='ocr_line' id='line_1_27' title="bbox 97 2636 1242 2725; baseline -0.001 -23"><span class='ocrx_word' id='word_1_242' title='bbox 97 2639 182 2702; x_wconf 89' lang='lat' dir='ltr'>ribus</span> <span class='ocrx_word' id='word_1_243' title='bbox 197 2639 256 2700; x_wconf 83' lang='lat' dir='ltr'>hac</span> <span class='ocrx_word' id='word_1_244' title='bbox 272 2638 304 2699; x_wconf 92' lang='lat' dir='ltr'>in</span> <span class='ocrx_word' id='word_1_245' title='bbox 316 2659 350 2699; x_wconf 91' lang='lat' dir='ltr'>re</span> <span class='ocrx_word' id='word_1_246' title='bbox 361 2636 582 2723; x_wconf 86' lang='lat' dir='ltr'>implicaretur:</span> <span class='ocrx_word' id='word_1_247' title='bbox 607 2636 630 2696; x_wconf 94' lang='lat' dir='ltr'>ii</span> <span class='ocrx_word' id='word_1_248' title='bbox 649 2636 823 2717; x_wconf 90' lang='lat' dir='ltr'>cujusmodi</span> <span class='ocrx_word' id='word_1_249' title='bbox 842 2639 920 2713; x_wconf 89' lang='lat' dir='ltr'>sint,</span> <span class='ocrx_word' id='word_1_250' title='bbox 944 2637 1242 2725; x_wconf 84' lang='lat' dir='ltr'>deinceps-explica·</span> 
     </span>
    </p>

    <p class='ocr_par' dir='ltr' id='par_1_7' title="bbox 39 2718 1284 3837">
     <span class='ocr_line' id='line_1_28' title="bbox 39 2718 1241 2811; baseline -0.001 -24"><span class='ocrx_word' id='word_1_251' title='bbox 39 2764 42 2771; x_wconf 90' lang='lat'>·</span> <span class='ocrx_word' id='word_1_252' title='bbox 97 2722 321 2804; x_wconf 56' lang='lat' dir='ltr'>uuiti-80]</span> <span class='ocrx_word' id='word_1_253' title='bbox 343 2720 486 2786; x_wconf 83' lang='lat' dir='ltr'>Secunda</span> <span class='ocrx_word' id='word_1_254' title='bbox 498 2721 590 2802; x_wconf 89' lang='lat' dir='ltr'>igitur</span> <span class='ocrx_word' id='word_1_255' title='bbox 602 2732 686 2808; x_wconf 87' lang='lat' dir='ltr'>parts</span> <span class='ocrx_word' id='word_1_256' title='bbox 706 2720 746 2784; x_wconf 92' lang='lat' dir='ltr'>de</span> <span class='ocrx_word' id='word_1_257' title='bbox 758 2722 796 2785; x_wconf 88' lang='lat' dir='ltr'>iis</span> <span class='ocrx_word' id='word_1_258' title='bbox 816 2718 980 2810; x_wconf 82' lang='lat' dir='ltr'>praecipue</span> <span class='ocrx_word' id='word_1_259' title='bbox 998 2734 1122 2803; x_wconf 86' lang='lat' dir='ltr'>tractat,</span> <span class='ocrx_word' id='word_1_260' title='bbox 1143 2725 1198 2811; x_wconf 89' lang='lat' dir='ltr'>qui</span> <span class='ocrx_word' id='word_1_261' title='bbox 1210 2724 1241 2787; x_wconf 90' lang='lat' dir='ltr'>in</span> 
     </span>
     <span class='ocr_line' id='line_1_29' title="bbox 96 2806 1284 2897; baseline 0 -23"><span class='ocrx_word' id='word_1_262' title='bbox 96 2820 242 2874; x_wconf 75' lang='lat' dir='ltr'>votorum</span> <span class='ocrx_word' id='word_1_263' title='bbox 261 2809 388 2871; x_wconf 85' lang='lat' dir='ltr'>materia</span> <span class='ocrx_word' id='word_1_264' title='bbox 408 2819 587 2893; x_wconf 88' lang='lat' dir='ltr'>peccarent,</span> <span class='ocrx_word' id='word_1_265' title='bbox 615 2806 808 2893; x_wconf 88' lang='lat' dir='ltr'>ostenditque</span> <span class='ocrx_word' id='word_1_266' title='bbox 839 2810 916 2872; x_wconf 88' lang='lat' dir='ltr'>alios</span> <span class='ocrx_word' id='word_1_267' title='bbox 938 2831 986 2872; x_wconf 91' lang='lat' dir='ltr'>res</span> <span class='ocrx_word' id='word_1_268' title='bbox 1009 2810 1123 2897; x_wconf 87' lang='lat' dir='ltr'>impias</span> <span class='ocrx_word' id='word_1_269' title='bbox 1143 2830 1162 2873; x_wconf 86' lang='lat' dir='ltr'>a</span> <span class='ocrx_word' id='word_1_270' title='bbox 1186 2808 1241 2873; x_wconf 88' lang='lat' dir='ltr'>diis</span> <span class='ocrx_word' id='word_1_271' title='bbox 1279 2844 1284 2859; x_wconf 89' lang='lat'>··</span> 
     </span>
     <span class='ocr_line' id='line_1_30' title="bbox 97 2892 1241 2983; baseline 0 -26"><span class='ocrx_word' id='word_1_272' title='bbox 97 2905 201 2982; x_wconf 87' lang='lat' dir='ltr'>petere</span> <span class='ocrx_word' id='word_1_273' title='bbox 217 2894 334 2974; x_wconf 89' lang='lat' dir='ltr'>solitos,</span> <span class='ocrx_word' id='word_1_274' title='bbox 356 2915 434 2980; x_wconf 88' lang='lat' dir='ltr'>quos</span> <span class='ocrx_word' id='word_1_275' title='bbox 453 2892 578 2979; x_wconf 91' lang='lat' dir='ltr'>quidem</span> <span class='ocrx_word' id='word_1_276' title='bbox 597 2893 776 2973; x_wconf 80' lang='lat' dir='ltr'>gravissime</span> <span class='ocrx_word' id='word_1_277' title='bbox 793 2895 946 2980; x_wconf 80' lang='lat' dir='ltr'>increpat3</span> <span class='ocrx_word' id='word_1_278' title='bbox 970 2895 1046 2958; x_wconf 92' lang='lat' dir='ltr'>alios</span> <span class='ocrx_word' id='word_1_279' title='bbox 1068 2916 1136 2957; x_wconf 91' lang='lat' dir='ltr'>non</span> <span class='ocrx_word' id='word_1_280' title='bbox 1148 2895 1241 2983; x_wconf 84' lang='lat' dir='ltr'>impia</span> 
     </span>
     <span class='ocr_line' id='line_1_31' title="bbox 97 2975 1284 3069; baseline 0.002 -26"><span class='ocrx_word' id='word_1_281' title='bbox 97 2975 224 3066; x_wconf 89' lang='lat' dir='ltr'>quidem</span> <span class='ocrx_word' id='word_1_282' title='bbox 244 2980 320 3043; x_wconf 91' lang='lat' dir='ltr'>deos</span> <span class='ocrx_word' id='word_1_283' title='bbox 336 3001 480 3066; x_wconf 90' lang='lat' dir='ltr'>poscere,</span> <span class='ocrx_word' id='word_1_284' title='bbox 510 2977 566 3042; x_wconf 92' lang='lat' dir='ltr'>sed</span> <span class='ocrx_word' id='word_1_285' title='bbox 592 2979 718 3058; x_wconf 68' lang='lat' dir='ltr'>frivola,</span> <span class='ocrx_word' id='word_1_286' title='bbox 747 2979 822 3065; x_wconf 89' lang='lat' dir='ltr'>ipsis</span> <span class='ocrx_word' id='word_1_287' title='bbox 843 3001 935 3066; x_wconf 88' lang='lat' dir='ltr'>saepe</span> <span class='ocrx_word' id='word_1_288' title='bbox 956 2982 1156 3069; x_wconf 84' lang='lat' dir='ltr'>poscentibus</span> <span class='ocrx_word' id='word_1_289' title='bbox 1178 3002 1239 3045; x_wconf 87' lang='lat' dir='ltr'>nou</span> <span class='ocrx_word' id='word_1_290' title='bbox 1280 2998 1284 3019; x_wconf 75' lang='lat'>²</span> 
     </span>
     <span class='ocr_line' id='line_1_32' title="bbox 95 3066 1239 3154; baseline 0 -24"><span class='ocrx_word' id='word_1_291' title='bbox 95 3069 266 3153; x_wconf 67' lang='lat' dir='ltr'>protutura,</span> <span class='ocrx_word' id='word_1_292' title='bbox 289 3078 379 3152; x_wconf 87' lang='lat' dir='ltr'>atque</span> <span class='ocrx_word' id='word_1_293' title='bbox 397 3066 526 3129; x_wconf 90' lang='lat' dir='ltr'>istorum</span> <span class='ocrx_word' id='word_1_294' title='bbox 541 3076 697 3151; x_wconf 88' lang='lat' dir='ltr'>praeterea</span> <span class='ocrx_word' id='word_1_295' title='bbox 717 3066 847 3150; x_wconf 88' lang='lat' dir='ltr'>ineptias</span> <span class='ocrx_word' id='word_1_296' title='bbox 860 3067 956 3146; x_wconf 85' lang='lat' dir='ltr'>tangit</span> <span class='ocrx_word' id='word_1_297' title='bbox 978 3077 1008 3128; x_wconf 92' lang='lat' dir='ltr'>et</span> <span class='ocrx_word' id='word_1_298' title='bbox 1021 3067 1097 3129; x_wconf 87' lang='lat' dir='ltr'>ritus</span> <span class='ocrx_word' id='word_1_299' title='bbox 1117 3066 1151 3129; x_wconf 89' lang='lat' dir='ltr'>in</span> <span class='ocrx_word' id='word_1_300' title='bbox 1170 3088 1239 3154; x_wconf 90' lang='lat' dir='ltr'>pre-</span> 
     </span>
     <span class='ocr_line' id='line_1_33' title="bbox 97 3151 1237 3238; baseline 0 -21"><span class='ocrx_word' id='word_1_301' title='bbox 97 3153 182 3217; x_wconf 87' lang='lat' dir='ltr'>cibus</span> <span class='ocrx_word' id='word_1_302' title='bbox 204 3151 410 3238; x_wconf 84' lang='lat' dir='ltr'>concipiendis</span> <span class='ocrx_word' id='word_1_303' title='bbox 431 3151 656 3237; x_wconf 87' lang='lat' dir='ltr'>superstitiosos</span> <span class='ocrx_word' id='word_1_304' title='bbox 683 3162 714 3212; x_wconf 91' lang='lat' dir='ltr'>et</span> <span class='ocrx_word' id='word_1_305' title='bbox 731 3152 870 3214; x_wconf 91' lang='lat' dir='ltr'>irrisione</span> <span class='ocrx_word' id='word_1_306' title='bbox 891 3152 1009 3214; x_wconf 87' lang='lat' dir='ltr'>satirica</span> <span class='ocrx_word' id='word_1_307' title='bbox 1033 3151 1237 3233; x_wconf 82' lang='lat' dir='ltr'>dignissimos.</span> 
     </span>
     <span class='ocr_line' id='line_1_34' title="bbox 98 3235 1238 3322; baseline -0.004 -17"><span class='ocrx_word' id='word_1_308' title='bbox 98 3237 271 3317; x_wconf 82' lang='lat'><strong>[31-40.]</strong></span> <span class='ocrx_word' id='word_1_309' title='bbox 315 3236 475 3301; x_wconf 86' lang='lat' dir='ltr'>Postremo</span> <span class='ocrx_word' id='word_1_310' title='bbox 492 3235 658 3322; x_wconf 83' lang='lat' dir='ltr'>pugnantia</span> <span class='ocrx_word' id='word_1_311' title='bbox 677 3237 736 3299; x_wconf 90' lang='lat' dir='ltr'>sibi</span> <span class='ocrx_word' id='word_1_312' title='bbox 753 3237 889 3301; x_wconf 83' lang='lat' dir='ltr'>invicem</span> <span class='ocrx_word' id='word_1_313' title='bbox 905 3236 1053 3300; x_wconf 89' lang='lat' dir='ltr'>contraria</span> <span class='ocrx_word' id='word_1_314' title='bbox 1073 3239 1238 3301; x_wconf 89' lang='lat' dir='ltr'>hominum</span> 
     </span>
     <span class='ocr_line' id='line_1_35' title="bbox 95 3317 1237 3410; baseline 0.002 -24"><span class='ocrx_word' id='word_1_315' title='bbox 95 3335 168 3387; x_wconf 80' lang='lat' dir='ltr'>rota</span> <span class='ocrx_word' id='word_1_316' title='bbox 189 3324 329 3403; x_wconf 84' lang='lat' dir='ltr'>exagitat.</span> <span class='ocrx_word' id='word_1_317' title='bbox 352 3317 525 3402; x_wconf 60' lang='lat' dir='ltr'>[tr-51]</span> <span class='ocrx_word' id='word_1_318' title='bbox 569 3322 733 3385; x_wconf 67' lang='lat' dir='ltr'>,Hactenus</span> <span class='ocrx_word' id='word_1_319' title='bbox 755 3322 793 3385; x_wconf 93' lang='lat' dir='ltr'>de</span> <span class='ocrx_word' id='word_1_320' title='bbox 813 3334 957 3386; x_wconf 84' lang='lat' dir='ltr'>votorum</span> <span class='ocrx_word' id='word_1_321' title='bbox 979 3324 1125 3388; x_wconf 85' lang='lat' dir='ltr'>materia:</span> <span class='ocrx_word' id='word_1_322' title='bbox 1156 3322 1237 3410; x_wconf 86' lang='lat' dir='ltr'>quod</span> 
     </span>
     <span class='ocr_line' id='line_1_36' title="bbox 95 3406 1239 3493; baseline 0.002 -22"><span class='ocrx_word' id='word_1_323' title='bbox 95 3410 198 3472; x_wconf 91' lang='lat' dir='ltr'>solum</span> <span class='ocrx_word' id='word_1_324' title='bbox 218 3419 432 3488; x_wconf 83' lang='lat' dir='ltr'>argumentum</span> <span class='ocrx_word' id='word_1_325' title='bbox 452 3408 549 3486; x_wconf 84' lang='lat' dir='ltr'>attigit</span> <span class='ocrx_word' id='word_1_326' title='bbox 571 3406 727 3470; x_wconf 84' lang='lat' dir='ltr'>Juvenalis</span> <span class='ocrx_word' id='word_1_327' title='bbox 749 3407 919 3493; x_wconf 83' lang='lat' dir='ltr'>divinisque</span> <span class='ocrx_word' id='word_1_328' title='bbox 938 3411 1077 3472; x_wconf 83' lang='lat' dir='ltr'>versibus</span> <span class='ocrx_word' id='word_1_329' title='bbox 1102 3411 1239 3473; x_wconf 89' lang='lat' dir='ltr'>luculen-</span> 
     </span>
     <span class='ocr_line' id='line_1_37' title="bbox 95 3491 1238 3578; baseline 0.003 -22"><span class='ocrx_word' id='word_1_330' title='bbox 95 3495 213 3557; x_wconf 89' lang='lat' dir='ltr'>tissime</span> <span class='ocrx_word' id='word_1_331' title='bbox 228 3505 372 3556; x_wconf 87' lang='lat' dir='ltr'>executus</span> <span class='ocrx_word' id='word_1_332' title='bbox 394 3503 450 3555; x_wconf 87' lang='lat' dir='ltr'>est.</span> <span class='ocrx_word' id='word_1_333' title='bbox 500 3491 636 3571; x_wconf 83' lang='lat' dir='ltr'>Platonis</span> <span class='ocrx_word' id='word_1_334' title='bbox 656 3515 778 3578; x_wconf 90' lang='lat' dir='ltr'>quoque</span> <span class='ocrx_word' id='word_1_335' title='bbox 799 3493 937 3574; x_wconf 82' lang='lat' dir='ltr'>dialogus</span> <span class='ocrx_word' id='word_1_336' title='bbox 957 3506 1038 3557; x_wconf 86' lang='lat' dir='ltr'>totus</span> <span class='ocrx_word' id='word_1_337' title='bbox 1059 3498 1127 3558; x_wconf 82' lang='lat' dir='ltr'>fere</span> <span class='ocrx_word' id='word_1_338' title='bbox 1149 3496 1184 3557; x_wconf 92' lang='lat' dir='ltr'>in</span> <span class='ocrx_word' id='word_1_339' title='bbox 1202 3518 1238 3559; x_wconf 88' lang='lat' dir='ltr'>eu</span> 
     </span>
     <span class='ocr_line' id='line_1_38' title="bbox 95 3577 1239 3665; baseline 0.003 -22"><span class='ocrx_word' id='word_1_340' title='bbox 95 3591 246 3658; x_wconf 84' lang='lat' dir='ltr'>versatur,</span> <span class='ocrx_word' id='word_1_341' title='bbox 268 3590 302 3639; x_wconf 93' lang='lat' dir='ltr'>ut</span> <span class='ocrx_word' id='word_1_342' title='bbox 314 3577 423 3641; x_wconf 88' lang='lat' dir='ltr'>doceat</span> <span class='ocrx_word' id='word_1_343' title='bbox 439 3599 507 3645; x_wconf 83' lang='lat' dir='ltr'>rem</span> <span class='ocrx_word' id='word_1_344' title='bbox 528 3577 655 3640; x_wconf 87' lang='lat' dir='ltr'>arduam</span> <span class='ocrx_word' id='word_1_345' title='bbox 678 3601 745 3642; x_wconf 88' lang='lat' dir='ltr'>esse</span> <span class='ocrx_word' id='word_1_346' title='bbox 770 3591 801 3642; x_wconf 91' lang='lat' dir='ltr'>et</span> <span class='ocrx_word' id='word_1_347' title='bbox 818 3581 851 3641; x_wconf 92' lang='lat' dir='ltr'>in</span> <span class='ocrx_word' id='word_1_348' title='bbox 872 3601 931 3665; x_wconf 91' lang='lat' dir='ltr'>qua</span> <span class='ocrx_word' id='word_1_349' title='bbox 947 3581 1094 3660; x_wconf 87' lang='lat' dir='ltr'>magistro</span> <span class='ocrx_word' id='word_1_350' title='bbox 1112 3578 1186 3644; x_wconf 91' lang='lat' dir='ltr'>Deo</span> <span class='ocrx_word' id='word_1_351' title='bbox 1202 3581 1239 3646; x_wconf 86' lang='lat' dir='ltr'>sit</span> 
     </span>
     <span class='ocr_line' id='line_1_39' title="bbox 96 3662 1238 3751; baseline 0.004 -25"><span class='ocrx_word' id='word_1_352' title='bbox 96 3686 183 3748; x_wconf 88' lang='lat' dir='ltr'>opus,</span> <span class='ocrx_word' id='word_1_353' title='bbox 205 3676 239 3726; x_wconf 91' lang='lat' dir='ltr'>ut</span> <span class='ocrx_word' id='word_1_354' title='bbox 251 3664 384 3728; x_wconf 82' lang='lat' dir='ltr'>sciamus</span> <span class='ocrx_word' id='word_1_355' title='bbox 396 3685 505 3749; x_wconf 83' lang='lat' dir='ltr'>ecquas</span> <span class='ocrx_word' id='word_1_356' title='bbox 518 3684 567 3725; x_wconf 88' lang='lat' dir='ltr'>res</span> <span class='ocrx_word' id='word_1_357' title='bbox 583 3683 600 3723; x_wconf 89' lang='lat' dir='ltr'>a</span> <span class='ocrx_word' id='word_1_358' title='bbox 614 3662 685 3726; x_wconf 94' lang='lat' dir='ltr'>Deo</span> <span class='ocrx_word' id='word_1_359' title='bbox 699 3666 853 3751; x_wconf 89' lang='lat' dir='ltr'>possimus</span> <span class='ocrx_word' id='word_1_360' title='bbox 868 3678 972 3750; x_wconf 90' lang='lat' dir='ltr'>petere</span> <span class='ocrx_word' id='word_1_361' title='bbox 987 3678 1039 3728; x_wconf 90' lang='lat' dir='ltr'>aut</span> <span class='ocrx_word' id='word_1_362' title='bbox 1059 3664 1238 3731; x_wconf 81' lang='lat' dir='ltr'>debeamus.</span> 
     </span>
     <span class='ocr_line' id='line_1_40' title="bbox 95 3749 1239 3837; baseline 0.003 -24"><span class='ocrx_word' id='word_1_363' title='bbox 95 3750 189 3813; x_wconf 90' lang='lat' dir='ltr'>Porro</span> <span class='ocrx_word' id='word_1_364' title='bbox 201 3761 344 3813; x_wconf 86' lang='lat' dir='ltr'>votorum</span> <span class='ocrx_word' id='word_1_365' title='bbox 359 3771 470 3830; x_wconf 89' lang='lat' dir='ltr'>genera</span> <span class='ocrx_word' id='word_1_366' title='bbox 484 3749 545 3811; x_wconf 93' lang='lat' dir='ltr'>duo</span> <span class='ocrx_word' id='word_1_367' title='bbox 561 3760 650 3813; x_wconf 89' lang='lat' dir='ltr'>sunt:</span> <span class='ocrx_word' id='word_1_368' title='bbox 677 3772 750 3812; x_wconf 89' lang='lat' dir='ltr'>nam</span> <span class='ocrx_word' id='word_1_369' title='bbox 770 3751 924 3813; x_wconf 88' lang='lat' dir='ltr'>interdum</span> <span class='ocrx_word' id='word_1_370' title='bbox 947 3755 1042 3815; x_wconf 67' lang='lat' dir='ltr'>solas</span> <span class='ocrx_word' id='word_1_371' title='bbox 1052 3774 1163 3837; x_wconf 86' lang='lat' dir='ltr'>preces</span> <span class='ocrx_word' id='word_1_372' title='bbox 1182 3776 1239 3816; x_wconf 87' lang='lat' dir='ltr'>no-</span> 
     </span>
    </p>

    <p class='ocr_par' dir='ltr' id='par_1_8' title="bbox 40 3833 1239 4010">
     <span class='ocr_line' id='line_1_41' title="bbox 40 3833 1239 3922; baseline 0.005 -24"><span class='ocrx_word' id='word_1_373' title='bbox 40 3896 42 3904; x_wconf 72' lang='lat'>,</span> <span class='ocrx_word' id='word_1_374' title='bbox 94 3847 170 3898; x_wconf 90' lang='lat' dir='ltr'>stras</span> <span class='ocrx_word' id='word_1_375' title='bbox 185 3834 255 3897; x_wconf 90' lang='lat' dir='ltr'>Deo</span> <span class='ocrx_word' id='word_1_376' title='bbox 269 3836 442 3898; x_wconf 87' lang='lat' dir='ltr'>offerimus:</span> <span class='ocrx_word' id='word_1_377' title='bbox 466 3834 550 3921; x_wconf 89' lang='lat' dir='ltr'>quod</span> <span class='ocrx_word' id='word_1_378' title='bbox 564 3838 684 3921; x_wconf 91' lang='lat' dir='ltr'>proprie</span> <span class='ocrx_word' id='word_1_379' title='bbox 700 3859 758 3898; x_wconf 92' lang='lat' dir='ltr'>nos</span> <span class='ocrx_word' id='word_1_380' title='bbox 770 3836 928 3920; x_wconf 82' lang='lat' dir='ltr'>precari,</span> <span class='ocrx_word' id='word_1_381' title='bbox 953 3836 1062 3900; x_wconf 87' lang='lat' dir='ltr'>Graeci</span> <span class='ocrx_word' id='word_1_382' title='bbox 1084 3833 1239 3922; x_wconf 71' lang='grc' dir='ltr'><strong><em>εὔχεσθαι</em></strong></span> 
     </span>
     <span class='ocr_line' id='line_1_42' title="bbox 94 3917 1238 4010; baseline 0.003 -27"><span class='ocrx_word' id='word_1_383' title='bbox 94 3932 126 3983; x_wconf 91' lang='lat' dir='ltr'>et</span> <span class='ocrx_word' id='word_1_384' title='bbox 136 3921 257 4006; x_wconf 90' lang='lat' dir='ltr'>saepius</span> <span class='ocrx_word' id='word_1_385' title='bbox 272 3917 517 4005; x_wconf 72' lang='grc' dir='ltr'><strong><em>προσεύχεσθαι</em></strong></span> <span class='ocrx_word' id='word_1_386' title='bbox 530 3920 649 4001; x_wconf 81' lang='lat' dir='ltr'>dicunt3</span> <span class='ocrx_word' id='word_1_387' title='bbox 671 3922 822 3984; x_wconf 87' lang='lat' dir='ltr'>interdum</span> <span class='ocrx_word' id='word_1_388' title='bbox 835 3925 976 4007; x_wconf 91' lang='lat' dir='ltr'>precibus</span> <span class='ocrx_word' id='word_1_389' title='bbox 992 3923 1154 4003; x_wconf 88' lang='lat' dir='ltr'>adjicimus</span> <span class='ocrx_word' id='word_1_390' title='bbox 1166 3948 1238 4010; x_wconf 93' lang='lat' dir='ltr'>pro-</span> 
     </span>
    </p>

    <p class='ocr_par' dir='ltr' id='par_1_9' title="bbox 10 4007 1237 4184">
     <span class='ocr_line' id='line_1_43' title="bbox 10 4007 1236 4093; baseline 0.003 -25"><span class='ocrx_word' id='word_1_391' title='bbox 10 4022 13 4031; x_wconf 84' lang='lat'><em>·</em></span> <span class='ocrx_word' id='word_1_392' title='bbox 93 4007 275 4069; x_wconf 89' lang='lat' dir='ltr'>missionem</span> <span class='ocrx_word' id='word_1_393' title='bbox 288 4019 320 4069; x_wconf 89' lang='lat' dir='ltr'>et</span> <span class='ocrx_word' id='word_1_394' title='bbox 338 4028 375 4069; x_wconf 89' lang='lat' dir='ltr'>ea</span> <span class='ocrx_word' id='word_1_395' title='bbox 398 4008 602 4091; x_wconf 91' lang='lat' dir='ltr'>concipimus,</span> <span class='ocrx_word' id='word_1_396' title='bbox 625 4030 703 4092; x_wconf 86' lang='lat' dir='ltr'>quae</span> <span class='ocrx_word' id='word_1_397' title='bbox 720 4011 841 4093; x_wconf 91' lang='lat' dir='ltr'>proprie</span> <span class='ocrx_word' id='word_1_398' title='bbox 855 4009 963 4071; x_wconf 88' lang='lat' dir='ltr'>Latine</span> <span class='ocrx_word' id='word_1_399' title='bbox 979 4008 1122 4073; x_wconf 89' lang='lat' dir='ltr'>dicuntur</span> <span class='ocrx_word' id='word_1_400' title='bbox 1138 4021 1236 4086; x_wconf 60' lang='grc' dir='ltr'>νοέω</span> 
     </span>
     <span class='ocr_line' id='line_1_44' title="bbox 95 4085 1237 4184; baseline 0.003 -29"><span class='ocrx_word' id='word_1_401' title='bbox 95 4089 205 4155; x_wconf 88' lang='lat' dir='ltr'>Graeci</span> <span class='ocrx_word' id='word_1_402' title='bbox 223 4092 283 4153; x_wconf 93' lang='lat' dir='ltr'>boc</span> <span class='ocrx_word' id='word_1_403' title='bbox 306 4085 526 4174; x_wconf 74' lang='grc' dir='ltr'><strong><em>αατεύχεσθαι</em></strong></span> <span class='ocrx_word' id='word_1_404' title='bbox 555 4095 607 4163; x_wconf 78' lang='lat' dir='ltr'>¹vel</span> <span class='ocrx_word' id='word_1_405' title='bbox 637 4088 794 4176; x_wconf 72' lang='grc' dir='ltr'><strong><em>εὔχεσθαι</em></strong></span> <span class='ocrx_word' id='word_1_406' title='bbox 822 4089 906 4157; x_wconf 78' lang='grc' dir='ltr'><strong><em>κατά</em></strong></span> <span class='ocrx_word' id='word_1_407' title='bbox 929 4116 1035 4172; x_wconf 78' lang='grc' dir='ltr'><strong><em>τινος,</em></strong></span> <span class='ocrx_word' id='word_1_408' title='bbox 1066 4109 1100 4159; x_wconf 93' lang='lat' dir='ltr'>ut</span> <span class='ocrx_word' id='word_1_409' title='bbox 1123 4099 1237 4184; x_wconf 88' lang='lat' dir='ltr'>passim</span> 
     </span>
    </p>

    <p class='ocr_par' dir='ltr' id='par_1_10' title="bbox 61 4175 1238 4347">
     <span class='ocr_line' id='line_1_45' title="bbox 61 4175 1237 4285; baseline 0.002 -44"><span class='ocrx_word' id='word_1_410' title='bbox 61 4210 63 4215; x_wconf 96' lang='lat'>·</span> <span class='ocrx_word' id='word_1_411' title='bbox 93 4176 177 4285; x_wconf 79' lang='lat' dir='ltr'>apud</span> <span class='ocrx_word' id='word_1_412' title='bbox 208 4177 387 4256; x_wconf 89' lang='lat' dir='ltr'>historicos,</span> <span class='ocrx_word' id='word_1_413' title='bbox 426 4175 581 4260; x_wconf 75' lang='grc' dir='ltr'><strong><em>εὔχεσθαι</em></strong></span> <span class='ocrx_word' id='word_1_414' title='bbox 612 4177 697 4242; x_wconf 81' lang='grc' dir='ltr'><strong><em>κατὰ</em></strong></span> <span class='ocrx_word' id='word_1_415' title='bbox 726 4183 793 4243; x_wconf 82' lang='grc' dir='ltr'>τῶν</span> <span class='ocrx_word' id='word_1_416' title='bbox 817 4181 1036 4265; x_wconf 66' lang='lat' dir='ltr'>stauropoleos:</span> <span class='ocrx_word' id='word_1_417' title='bbox 1071 4184 1116 4246; x_wconf 93' lang='lat' dir='ltr'>sic</span> <span class='ocrx_word' id='word_1_418' title='bbox 1147 4186 1237 4246; x_wconf 83' lang='lat' dir='ltr'>etiam</span> 
     </span>
     <span class='ocr_line' id='line_1_46' title="bbox 92 4258 1238 4347; baseline 0.002 -19"><span class='ocrx_word' id='word_1_419' title='bbox 92 4265 250 4345; x_wconf 70' lang='grc' dir='ltr'><strong><em>εοχοσθαι</em></strong></span> <span class='ocrx_word' id='word_1_420' title='bbox 262 4258 346 4326; x_wconf 80' lang='grc' dir='ltr'><strong><em>κατὰ</em></strong></span> <span class='ocrx_word' id='word_1_421' title='bbox 360 4258 510 4346; x_wconf 77' lang='grc' dir='ltr'><strong><em>ταύρων,</em></strong></span> <span class='ocrx_word' id='word_1_422' title='bbox 533 4259 617 4329; x_wconf 79' lang='lat' dir='ltr'>uacci</span> <span class='ocrx_word' id='word_1_423' title='bbox 634 4260 903 4347; x_wconf 55' lang='lat' dir='ltr'>pociusciniaco</span> <span class='ocrx_word' id='word_1_424' title='bbox 916 4262 1164 4347; x_wconf 73' lang='lat' dir='ltr'>coucocdoou:</span> <span class='ocrx_word' id='word_1_425' title='bbox 1185 4267 1238 4333; x_wconf 89' lang='lat' dir='ltr'>sed</span> 
     </span>
    </p>

    <p class='ocr_par' dir='ltr' id='par_1_11' title="bbox 92 4342 1237 4438">
     <span class='ocr_line' id='line_1_47' title="bbox 92 4342 1237 4438; baseline 0.004 -26"><span class='ocrx_word' id='word_1_426' title='bbox 92 4362 124 4412; x_wconf 87' lang='lat' dir='ltr'>et</span> <span class='ocrx_word' id='word_1_427' title='bbox 135 4342 293 4431; x_wconf 73' lang='grc' dir='ltr'><strong><em>εὔχεσθαι</em></strong></span> <span class='ocrx_word' id='word_1_428' title='bbox 307 4360 337 4410; x_wconf 91' lang='lat' dir='ltr'>et</span> <span class='ocrx_word' id='word_1_429' title='bbox 349 4344 427 4432; x_wconf 77' lang='grc' dir='ltr'><strong><em>εύχὴ</em></strong></span> <span class='ocrx_word' id='word_1_430' title='bbox 448 4349 488 4412; x_wconf 86' lang='lat' dir='ltr'>de</span> <span class='ocrx_word' id='word_1_431' title='bbox 509 4361 586 4412; x_wconf 81' lang='lat' dir='ltr'>voto</span> <span class='ocrx_word' id='word_1_432' title='bbox 601 4364 798 4437; x_wconf 88' lang='lat' dir='ltr'>usurpantur,</span> <span class='ocrx_word' id='word_1_433' title='bbox 824 4353 907 4438; x_wconf 90' lang='lat' dir='ltr'>quod</span> <span class='ocrx_word' id='word_1_434' title='bbox 928 4366 1010 4417; x_wconf 84' lang='lat' dir='ltr'>recte</span> <span class='ocrx_word' id='word_1_435' title='bbox 1027 4356 1237 4438; x_wconf 85' lang='lat' dir='ltr'>Hieronymus</span> 
     </span>
    </p>

    <p class='ocr_par' dir='ltr' id='par_1_12' title="bbox 90 4433 1236 4531">
     <span class='ocr_line' id='line_1_48' title="bbox 90 4433 1236 4531; baseline 0.005 -33"><span class='ocrx_word' id='word_1_436' title='bbox 90 4435 125 4498; x_wconf 89' lang='lat' dir='ltr'>in</span> <span class='ocrx_word' id='word_1_437' title='bbox 146 4455 184 4499; x_wconf 86' lang='lat' dir='ltr'>eu</span> <span class='ocrx_word' id='word_1_438' title='bbox 200 4433 245 4497; x_wconf 85' lang='lat' dir='ltr'>ad</span> <span class='ocrx_word' id='word_1_439' title='bbox 262 4433 391 4498; x_wconf 83' lang='lat' dir='ltr'>Sunium</span> <span class='ocrx_word' id='word_1_440' title='bbox 411 4446 443 4498; x_wconf 87' lang='lat' dir='ltr'>et</span> <span class='ocrx_word' id='word_1_441' title='bbox 456 4434 608 4500; x_wconf 84' lang='lat' dir='ltr'>Fretelam</span> <span class='ocrx_word' id='word_1_442' title='bbox 631 4439 820 4521; x_wconf 70' lang='lat' dir='ltr'>observavit,</span> <span class='ocrx_word' id='word_1_443' title='bbox 842 4439 987 4527; x_wconf 87' lang='lat' dir='ltr'>idemque</span> <span class='ocrx_word' id='word_1_444' title='bbox 1011 4443 1118 4508; x_wconf 89' lang='lat' dir='ltr'>multis</span> <span class='ocrx_word' id='word_1_445' title='bbox 1135 4464 1236 4531; x_wconf 81' lang='lat' dir='ltr'>perse-</span> 
     </span>
    </p>
   </div>
   <div class='ocr_carea' id='block_1_3' title="bbox 0 0 1354 4972">
    <p class='ocr_par' dir='ltr' id='par_1_13' title="bbox 0 0 1354 4972">
     <span class='ocr_line' id='line_1_49' title="bbox 0 0 1354 4972; baseline 0 2"><span class='ocrx_word' id='word_1_446' title='bbox 0 0 1354 4972; x_wconf 95' lang='lat' dir='ltr'> </span> 
     </span>
    </p>
   </div>
  </div>
 </body>
</html>
