2700 4972
78 285 143 348 no
446 257 858 344 corrnaurrmus
929 246 936 264 “

74 464 121 518 est
141 449 301 515 aedilitatis
321 449 437 512 functio
465 472 530 512 non
548 449 582 512 in
598 451 691 527 urbe,
718 444 775 512 sed
793 446 825 509 in
839 444 946 510 Italico
960 443 1131 532 municipio
1141 462 1212 529 quo-

74 538 158 617 dam,
178 546 252 622 puta
267 535 379 601 Arreti:
400 535 567 621 municipia
580 536 676 597 multa
692 555 727 595 ac
743 534 880 596 colonias
896 554 979 596 suost
990 530 1108 595 aediles
1123 532 1219 593 11111111--

73 624 135 686 is'se
150 626 213 703 jam
227 619 330 707 pueris
344 630 454 683 notum
467 642 535 684 esse
549 618 642 682 debet
657 641 695 682 ex
715 618 761 681 Μ.
777 617 897 696 Tullio,
928 617 1100 704 spartiano,
1110 616 1218 693 inHa-¹

73 708 180 772 driano
197 706 238 788 [c.
258 704 327 785 19]‚
347 705 499 791 lapidibus
513 705 644 790 antiquis
660 715 691 767 et
706 705 771 767 aliis
788 704 981 767 testimoniis.
1026 701 1133 764 Etiam
1149 698 1217 763 illud
1275 750 1278 759 .

73 816 113 857 ex
136 793 220 855 libris
241 790 322 854 Jun's
345 792 558 865 notissimum,
593 789 633 852 ad
658 811 762 852 curam
791 802 855 851 tam
882 788 1030 852 aedilium
1053 788 1219 849 urbicorum
1278 848 1280 853 .

73 901 167 966 quam
193 876 435 963 municipalium¹
450 879 544 939 totius
564 876 714 940 Munitiae
740 876 956 937 frumentariae
983 873 1176 958 disciplinam
1194 881 1220 932 ct

75 964 295 1028 coiircitionem
316 974 484 1048 spectasse3
510 962 550 1024 de
571 962 723 1024 mensuris
745 961 837 1041 igitur
856 960 969 1045 iniquis
992 960 1220 1040 cognoscebant,

75 1061 121 1130 et,
142 1060 178 1111 ut
190 1048 232 1111 ait
247 1046 405 1110 luvenalis
418 1049 452 1110 in
466 1047 501 1111 X
515 1048 599 1126 [101‚
613 1049 684 1109 loco
700 1068 769 1107 com
784 1057 889 1108 nostro
908 1042 1122 1123 conterendo]‚
1145 1062 1222 1106 vasa

70 1134 217 1199 minora
232 1128 460 1219 frangebant.
503 1131 604 1195 Iidem
619 1154 659 1194 ne
673 1132 740 1219 quis
751 1133 848 1193 malas
864 1153 983 1195 merces
991 1129 1151 1210 venderet,
1170 1128 1224 1190 im-

77 1218 255 1309 pediebant.
299 1217 424 1283 Plautus
439 1217 583 1283 Rudente
595 1216 657 1295 '[lI,
680 1223 710 1295 3,
732 1219 774 1281 42
791 1214 865 1301 sq.]:
991 1288 995 1305 Ι
1078 1248 1083 1255 -

255 1332 258 1337 ·
286 1324 291 1341 ·
502 1300 663 1390 quamvis
678 1298 890 1387 fastidiosus
967 1378 970 1385 ⁴
1116 1372 1120 1383 Ι

109 1406 112 1411 ·
165 1382 304 1457 Aedilis
327 1387 562 1474 actamquae
588 1384 766 1481 improbae
788 1394 877 1449 aunt
891 1407 1042 1464 marces,
1057 1385 1182 1477 jactat
1270 1468 1273 1477 Ι

531 1495 657 1538 onznes.

82 1561 200 1645 [Paulo
217 1562 310 1651 plura
329 1580 377 1656 ap.
402 1559 486 1625 Pass.
506 1573 536 1624 et
555 1560 734 1648 praesertim
755 1580 805 1644 ap.
829 1581 900 1638 eos,
921 1581 999 1646 quos
1017 1557 1123 1623 laudat
1139 1559 1175 1624 P.
1190 1555 1225 1622 G.
1278 1541 1280 1551 Ι

82 1645 245 1713 Schindler
264 1641 438 1708 medrtotr.
462 1654 495 1708 at
518 1644 603 1710 obss,
622 1642 737 1733 jurid.
752 1642 788 1707 in
804 1643 906 1708 Pers.
929 1667 954 1708 c.
979 1651 1009 1709 6.
1030 1667 1061 1730 p.
1086 1648 1148 1711 ⁵1:
1175 1641 1226 1709 sed

89 1728 271 1815 rejiciendus
306 1753 377 1793 uem
393 1732 444 1792 hic
458 1743 554 1795 tentat
568 1724 740 1817 explicandi
755 1731 816 1793 loci
829 1728 942 1793 modus
955 1753 985 1816 p.
1000 1735 1043 1797 52
1057 1729 1117 1816 sq.]

79 1830 93 1887 ’,
171 1823 244 1885 131.
309 1836 347 1879 ec
369 1813 431 1899 qui
451 1813 562 1880 abaco
585 1836 747 1880 nanterus
769 1824 802 1878 et
824 1823 918 1878 secto
942 1814 978 1878 in
997 1814 1144 1899 pulvere
1159 1836 1228 1878 nta-

86 1913 141 1969 11111
168 1899 243 1965 Scit
265 1899 382 1966 risisse
404 1898 532 1989 vasen]
558 1904 617 1965 Hic
641 1904 770 1965 alterum
792 1922 888 1982 genus
912 1901 1078 1966 hominum
1097 1901 1230 1965 declara-

84 2003 149 2067 tur,
172 1987 257 2073 quod
270 1987 385 2074 spernit
406 2009 424 2048 a
447 1986 488 2052 se'
501 1989 623 2052 Persius
647 1999 678 2050 et
702 1985 807 2051 Satiris
828 1988 910 2050 suis:
932 1987 956 2048 ii
977 1998 1049 2050 sunt
1062 1986 1119 2072 qui
1136 1982 1231 2051 sardia

85 2073 302 2162 philosophiae
315 2071 428 2134 rident:
447 2073 532 2160 quod
545 2077 683 2136 fecerunt
695 2075 760 2134 fere
773 2094 897 2174 sqnper
911 2070 1234 2158 Romadonun'pleri-

48 2214 55 2237 Ι.
87 2181 162 2244 que3
177 2159 354 2222 universam
361 2178 436 2221 vero
452 2159 681 2246 philosophiam
695 2156 791 2220 debes
801 2159 970 2237 intelligere
983 2158 1234 2241 omatdoxtaoic,

89 2246 147 2309 etsi
158 2244 279 2307 Persius
301 2242 377 2306 duas
399 2244 500 2306 solmn
521 2246 602 2308 illius
622 2254 722 2329 partes
742 2243 873 2323 attingit:
896 2244 1134 2323 arithmeticam,
1157 2247 1236 2325 cujus

87 2330 208 2393 numeri
226 2329 259 2391 in
272 2329 374 2393 abacis
388 2327 581 2392 discebantur
604 2329 653 2407 [et
670 2329 788 2391 ratione
810 2331 1024 2414 putabantur],
1054 2341 1086 2392 at
1112 2332 1238 2411 geome-

90 2417 214 2492 tricam,
239 2417 323 2493 cujus
337 2414 359 2474 fi
401 2435 452 2478 rae
468 2417 500 2477 in
512 2418 639 2501 pulvere
654 2415 737 2478 soliti
758 2412 889 2477 describi
910 2414 1040 2500 [probat
1058 2414 1106 2479 Pl.
1121 2427 1240 2481 auctora

91 2498 297 2579 Grotel'end03
327 2509 359 2560 et
391 2501 602 2581 ¹ythagoricos
621 2501 672 2562 hic
693 2500 822 2580 intelligi
847 2500 968 2579 conjicit
988 2493 1105 2579 Pass.]:
1128 2502 1242 2564 hicest

94 2586 150 2673 qui
162 2585 285 2671 proprie
298 2581 529 2655 cellolastioua
543 2583 656 2669 pulvis
674 2584 799 2663 dicitur,
821 2584 865 2648 M.
884 2585 986 2647 Tullio
1001 2583 1160 2648 eruditus
1170 2584 1242 2672 pol·

19 2672 23 2683 '
81 2668 146 2735 'via
154 2715 164 2749 ,
185 2682 216 2733 et
229 2673 289 2733 hae
303 2668 453 2752 γραμμαὶ
465 2665 630 2754 ἐγκόνιοι,
654 2691 781 2756 quarum
794 2673 891 2733 multa
908 2671 1021 2755 ubique
1035 2673 1168 2736 mentio.

72 2799 74 2803 ,
182 2760 254 2821 133.
279 2752 434 2819 Multum
473 2756 602 2820 austere
616 2764 783 2841 paratus,
808 2752 847 2817 St
870 2753 999 2841 Cynico
1013 2753 1164 2820 barbam
1181 2779 1243 2845 pe-

44 2839 219 2917 165tulans
234 2839 384 2904 nonaria
399 2777 535 2924 vadiet]
559 2841 623 2921 Qui
642 2843 846 2904 abhorrebant
864 2863 883 2903 a
900 2838 1088 2904 Graecorum
1109 2842 1245 2932 discipli-

95 2929 159 3003 nis,
180 2926 203 2989 ii
217 2928 438 3013 philosophos,
461 2931 514 3015 qui
527 2952 545 2992 e
559 2926 686 2992 Graecia
702 2926 838 2990 Romam
856 2927 1089 3007 immigrabant,
1111 2928 1242 2994 ludibrio

54 3048 57 3053 -
95 3014 267 3092 habebant3
296 3012 379 3097 quod
399 3016 447 3078 his
466 3015 605 3080 versibus
626 3013 747 3077 Persius
769 3011 917 3077 ostendit:
944 3014 996 3076 illa
1020 3018 1126 3077 autem
1147 3026 1244 3079 aetate

96 3099 233 3186 plerique
245 3099 432 3185 ‘philosophi
451 3101 503 3166 rel
524 3099 622 3163 Stoici
641 3104 726 3161 erant
744 3101 797 3163 rel
818 3097 941 3180 Cynici3
968 3120 1024 3161 eae
1043 3098 1125 3163 duae
1142 3112 1243 3164 sectae

96 3197 163 3247 tum
177 3185 324 3264 rigebant
336 3187 461 3251 caeteris
475 3187 659 3265 jacentibus,
681 3182 865 3270 quibusdam
874 3185 966 3247 etiam
979 3207 1075 3271 prope
1087 3186 1243 3266 extinctis3

97 3270 211 3354 ubique
221 3270 315 3343 iero,
338 3293 403 3335 non
415 3274 518 3335 solum
538 3270 677 3350 Romae,
708 3268 895 3351 Cynicorum
914 3291 1026 3351 magna
1051 3271 1167 3335 vilitas:
1196 3273 1244 3337 his

98 3357 193 3433 vulgo
210 3376 318 3417 onmes
332 3355 515 3435 illudebant,
538 3379 592 3420 eos
607 3356 816 3443 percutiebant
828 3366 859 3417 et
871 3356 963 3419 variis
984 3359 1179 3421 contumeliis
1190 3380 1246 3424 ve-

100 3442 229 3517 xabant,
250 3438 335 3524 quod
355 3464 395 3504 ne
417 3441 492 3538 ipsis
515 3442 640 3526 quidem
659 3442 835 3504 nolentibus
853 3442 1015 3519 faciebant,
1034 3463 1106 3506 cum
1119 3445 1187 3506 nati
1208 3442 1248 3507 ad

101 3525 231 3606 gloriam
252 3527 395 3591 homines
417 3539 595 3608 argumento
619 3549 698 3612 opus
716 3529 882 3604 haberent,
911 3527 944 3588 in
968 3549 1030 3612 quo
1050 3549 1143 3591 suam
1163 3530 1250 3593 illam

102 3611 275 3673 mirabilem
288 3614 467 3696 patientiam
486 3624 576 3698 atquc
593 3604 760 3674 ἀπάθειαν
782 3623 975 3677 ostentarent.
1020 3611 1169 3693 Sederat
1189 3617 1249 3678 im-

103 3695 210 3783 primis
233 3695 378 3760 odiosum
390 3696 466 3761 illud
487 3699 651 3784 patientiae
673 3697 860 3779 Cynicorum
881 3698 1142 3783 experimentum,
1166 3704 1250 3782 cujus

103 3781 173 3844 heic
188 3782 331 3845 meminit
345 3784 475 3849 Persius.
518 3785 650 3870 Apparet
663 3783 747 3845 enim
760 3784 865 3847 solitas
882 3804 900 3845 a
920 3786 1126 3869 petulantibus
1144 3788 1251 3851 homi-

105 3867 196 3947 nibus
212 3871 385 3932 meretrices
397 3866 472 3932 'cum
483 3870 542 3933 illis
559 3869 725 3931 committit
744 3867 837 3931 unde·
846 3891 973 3933 necesse
988 3882 1051 3933 erat
1064 3873 1155 3957 sequi
1169 3876 1251 3938 atla·

106 3947 169 4016 τύν
182 3946 308 4033 ‘yllmru
323 3968 354 4018 et
367 3957 488 4019 irrisum
501 3976 608 4018 eorum
628 3956 785 4034 omnium,
808 3956 861 4039 qui
879 3957 1051 4019 certaminis
1063 3958 1146 4022 illius
1166 3970 1252 4022 arant

106 4047 299 4124 spectatores.
351 4040 549 4104 simillimum
569 4053 615 4104 est
632 4040 717 4124 quod
734 4043 767 4102 in
788 4043 894 4103 schola
913 4041 1117 4106 Alexandrina
1136 4048 1252 4108 factum

105 4123 268 4219 aliqpando
293 4128 440 4208 legimus,
470 4126 729 4212 nequissimorum
752 4126 946 4210 quorundam
966 4131 1159 4193 nebulonum
1178 4154 1254 4194 con-

106 4210 271 4295 spiratione
291 4213 324 4274 in
343 4211 545 4276 Theodorum
565 4217 727 4293 juvenem,
750 4212 835 4274 omni
855 4216 918 4292 jam
942 4226 1008 4276 tum
1028 4214 1121 4278 laude
1137 4217 1256 4280 virtutis

107 4295 306 4382 conspicuum
318 4310 408 4385 atque
426 4300 590 4363 illustrem:
613 4298 813 4361 smnmissum
832 4311 879 4362 est
895 4300 979 4361 enim
997 4313 1135 4364 scortum
1153 4304 1258 4389 impu-

105 4370 301 4466 t'r‘tm3'{qudd
311 4379 544 4472 inloro'ipsum
559 4382 786 4467 aggrederetur,
807 4382 858 4449 hic
874 4396 920 4450 est
941 4385 994 4473 qui
1012 4398 1123 4474 postea
1136 4386 1260 4472 Grego-
