2700 4972
339 372 926 501 antrasnsarrarurr
970 372 1033 443 '·
1120 326 1207 487 ,stt
1314 476 1343 495 ,,

60 545 177 637 quirit
187 568 311 635 prorsus
323 547 522 639 illrudbbibst
542 550 625 617 Nihil
637 552 739 617 inesse
751 552 812 634 illi,
833 562 895 639 quo
910 551 1028 618 laudari
1037 566 1139 642 queat,
1161 580 1204 624 ue
1222 532 1236 589 ‘.

63 635 100 701 tn
122 640 218 698 eoe'na
240 634 367 721 quidem
381 637 511 723 limeris.
561 634 670 702 Graeci
691 638 811 706 dieunt:
838 633 905 705 oria
926 634 970 704 ἄν
986 636 1205 728 ἐπαινεθενης,
1340 708 1345 733 ,

66 713 149 786 otid’
164 717 202 784 ἐν
212 720 455 800 repatriarem.-
475 721 560 808 quod
573 725 805 810 interpretantur
819 736 939 790 veteres
960 720 1013 791 tet
1025 731 1096 792 eoin
1110 733 1229 811 pade-⁸
1261 730 1264 735 ’

65 800 129 882 νὸς
141 800 260 884 aliine.-
282 803 419 873 εἰώθασι
429 803 494 891 γὰρ
509 805 545 873 ἐν
553 810 775 891 repedelewote
787 804 848 875 τὸν
861 809 1097 895 τελευτήσαντα
1109 812 1207 880 ἐπαν-
1227 852 1230 863 ·
1309 820 1314 828 ’

65 896 158 970 νεῖν,
179 892 208 956 ei
223 891 279 958 sal
296 895 427 977 paellae
443 881 495 978 ἦν.
519 895 562 976 [v.
575 893 693 959 Erasm.
706 895 803 976 trag.
815 916 848 983 p.
862 900 927 962 762
941 900 997 984 sep]
1019 898 1115 963 Porro
1132 904 1208 964 roe*-

65 1000 130 1042 -nae
145 981 292 1044 funebres
312 992 397 1043 erant
417 981 534 1061 variae,
560 992 594 1042 ut
616 985 691 1060 jam*
702 994 733 1045 et
752 983 855 1068 pueris
876 983 1073 1048 notissimum
1094 981 1141 1050 es't
1156 987 1204 1065 [τ.

65 1062 170 1129 I'lum.
181 1086 214 1152 p.
227 1067 290 1133 516
300 1068 396 1153 sqq.]r
417 1087 518 1151 neque
535 1078 618 1130 vetet
630 1069 793 1153 quicquam
807 1069 986 1148 generaliter
1002 1068 1042 1133 de
1060 1072 1205 1137 omnibus

65 1151 133 1214 acci
155 1172 207 1214 ere
224 1154 307 1214 huno
326 1156 447 1214 locum:
476 1153 576 1238 praeci
598 1174 637 1215 ue
658 1165 761 1216 tamen
778 1155 956 1240 interpreter
974 1153 1014 1218 de
1029 1176 1126 1219 coena
1145 1178 1208 1233 no-

49 1254 129 1309 ,ven
153 1236 221 1319 ali,
243 1238 314 1301 lieet
328 1258 400 1300 eam
412 1235 536 1301 Marcus
585 1238 674 1303 ullius
688 1242 793 1326 epulas
812 1238 982 1323 dignitatis,
1009 1254 1075 1304 hon
1089 1243 1207 1309 funeris

63 1338 197 1407 munus,
220 1325 288 1388 vult
306 1322 378 1386 dici.
426 1323 547 1389 Locum
566 1323 639 1389 vide
663 1325 699 1388 ‘in
722 1344 760 1389 ea
782 1338 887 1389 eontra
913 1325 1075 1391 Vatinium
1096 1328 1137 1411 [e.
1149 1322 1213 1398 ¹12.-

67 1405 98 1495 δ.
153 1408 210 1561 dd.
236 1476 355 1558 Urnae
369 1488 464 1557 Oreo
477 1489 626 1558 inodora
640 1488 758 1577 datia]
772 1494 895 1560 Omnes
907 1485 1206 1563 reteresinodoror
1311 1541 1313 1545 -

65 1578 124 1645 sed
136 1601 196 1643 nee
209 1581 303 1645 attera
318 1579 409 1643 lectio
421 1580 581 1667 improba,
602 1602 697 1667 quam
711 1595 801 1645 vetus
817 1583 967 1668 interpres
984 1587 1129 1665 agnoscit,
1146 1582 1208 1648 in-

64 1663 201 1731 bonore
223 1666 273 1748 [et
285 1666 425 1747 Wim.]t
452 1678 484 1729 et
504 1674 680 1747 argutantur
695 1667 763 1729 sine
787 1668 905 1731 ratione
928 1670 981 1754 qui
1003 1672 1090 1732 illam
1108 1671 1208 1733 refelli

64 1755 154 1833 ajunt
167 1751 413 1837 assequentibus:
435 1773 510 1815 nam
529 1751 570 1815 ed
584 1753 736 1815 honorem
756 1752 892 1815 destructi
913 1755 1100 1840 pertinebat,
1120 1755 1208 1841 quod

63 1849 204 1903 aronmta
217 1836 622 1913 etodoresinurnameum
635 1839 769 1924 reliquiis
782 1840 1038 1919 conjiciebantur..
1071 1841 1207 1921 Herodi·
1261 1914 1264 1919 ,

60 1944 145 1988 anus
158 1920 230 2004 1111,
249 1922 390 2003 iberita]
406 1922 446 1986 de
463 1934 587 1986 mortuo
603 1921 737 1989 Severo:
756 1919 820 2008 τὴν
833 1919 932 1989 κόνιν
944 1922 1011 1990 οὐν
1031 1921 1207 2011 ἀρώμασιν

64 2008 114 2087 εἰς
124 2006 257 2094 attimar
265 2003 482 2093 ἅλαβάσνρου
493 2003 663 2092 ividem.
685 2009 808 2096 [Aperte
821 2031 839 2074 e
853 2013 955 2090 glossa
969 2012 1039 2094 est]

152 2092 251 2159 Serta
275 2093 367 2159 irent
381 2093 545 2158 cinnoma
559 2092 726 2179 sardonti
747 2094 800 2171 ¹Sio
820 2092 931 2160 Graeci
951 2093 1071 2180 κωφὸν
1088 2107 1208 2184 ponunt
1286 2098 1289 2103 ’

64 2115 277 2272 promendi
288 2193 321 2244 et
332 2177 573 2264 βεβλαμμένον.
750 2242 752 2247 ,
1115 2212 1118 2223 =
1205 2179 1258 2240 491

150 2269 205 2335 36.
226 2264 294 2329 Seu
307 2287 427 2330 ceraso
437 2274 586 2352 peccent
599 2263 748 2348 casiaer]
767 2264 954 2331 adulteratae
966 2268 1079 2331 fuerint
1091 2267 1210 2348 gummi

66 2351 582 2505 effihfiptalzpkeutdpl-icoipff
601 2364 728 2518 2opppace
746 2364 851 2417 tamen
872 2364 904 2416 et
923 2355 1001 2417 lauri
1021 2355 1209 2418 tenuissimis

62 2460 81 2506 s
206 2463 219 2500 ι
276 2460 319 2500 err
382 2462 393 2501 t
465 2461 497 2501 n.
578 2485 587 2516 ‚
646 2481 653 2498 .
1107 2480 1111 2502 .

102 2602 113 2613 ,
152 2528 206 2593 st,
231 2520 327 2589 Tune
341 2521 431 2587 bono
445 2521 633 2591 incolumia
643 2520 815 2602 minuet]
843 2522 956 2589 Verba,
969 2523 1064 2586 futuri
1085 2523 1209 2588 heredis

10 2634 21 2645 ·
65 2622 207 2697 sumptus
225 2609 474 2697 reprehendentis
493 2630 557 2672 non
574 2609 695 2696 penitus
717 2609 923 2675 necessarios:
949 2620 984 2672 ut
1002 2608 1073 2696 qui,
1101 2610 1129 2672 si
1144 2613 1210 2690 ejus

33 2746 37 2753 .
63 2696 249 2761 orbitriines
270 2697 325 2774 eit,
338 2697 446 2765 'nullas
468 2697 543 2759 alias
560 2696 716 2780 impensas
736 2696 918 2781 probaturus
939 2695 996 2774 sit,
1023 2695 1083 2758 nisi
1096 2688 1151 2758 irbi
1170 2693 1211 2758 de
1332 2768 1335 2775 Ι

65 2783 276 2847 incolumitate
288 2782 368 2845 illiue
384 2791 504 2861 agane,
525 2781 626 2844 caisit
643 2801 847 2843 successurus.
889 2780 951 2844 Aut
970 2781 1014 2843 ita
1035 2800 1125 2865 cape:
1145 2802 1210 2843 non
1257 2818 1270 2831 κ

67 2867 167 2933 debes
182 2888 264 2931 nunc
275 2869 366 2931 vivus
385 2869 468 2930 bone
485 2864 681 2952 impendere,
700 2863 758 2929 sed
780 2886 817 2929 ea
834 2885 957 2930 servare
978 2866 1011 2927 in
1031 2878 1210 2952 apparatum

66 2951 240 3027 innerissui
261 2953 340 3034 [sive
356 2952 459 3039 potius
475 2952 508 3015 in
528 2950 731 3015 hereditatem
752 2971 866 3021 meam.
908 2950 1022 3015 Verius
1034 2952 1096 3013 boe
1117 2972 1211 3036 qaam

64 3038 223 3129 quode:
245 3036 359 3117 iacal..
379 3039 525 3124 impure,
545 3038 613 3103 sine
629 3038 747 3100 ultione
759 3032 904 3116 heredis]

78 3138 81 3143 '
150 3119 858 3210 EtBeatiueurgrtDoctoreaGrojoa.]Ita
871 3121 1097 3187 vetustissimae
1107 3142 1211 3185 mem-

64 3213 180 3278 brattoe
191 3232 307 3293 magno
323 3230 493 3292 consensu,
515 3209 593 3273 aliae
605 3210 708 3273 minus
724 3209 881 3294 antiquae:
903 3206 968 3270 aad
978 3206 1118 3274 Bestius
1132 3207 1209 3285 [imo

63 3296 325 3376 hartrhrinrrii,
346 3307 381 3358 ut
397 3295 534 3376 videtur,
556 3316 682 3375 omnes,
711 3295 835 3358 Havnn.
860 3303 979 3380 praeter
1001 3299 1066 3358 let
1086 3293 1211 3380 plurimi

63 3384 134 3449 otii:
156 3394 189 3447 et
203 3402 355 3447 consensu
366 3384 574 3468 praetulerunt
585 3402 665 3445 rece.
685 3378 808 3459 critioiJ:
831 3377 1021 3458 hauddubie
1034 3381 1211 3442 alterutrum

63 3467 188 3573 scripsit
201 3468 338 3549 Persius,
360 3466 494 3531 sednon
513 3468 581 3531 aine
595 3488 702 3531 caussa
720 3464 868 3529 Turnebo
887 3466 998 3550 placita
1018 3465 1210 3544 conjunctiva

63 3566 188 3642 μοῦνος
209 3574 306 3640 apage
319 3553 512 3640 quorundam
523 3551 789 3631 emendationem,
810 3551 863 3653 qui
875 3571 931 3614 sua
944 3549 1048 3613 onmia
1084 3572 1118 3612 ro
1139 3570 1211 3612 ora-

62 3638 316 3726 culisDelpbieis
332 3638 484 3725 stupenda
526 3637 641 3703 uadem
662 3636 845 3701 confidentia
859 3637 1004 3715 jactitant.
1087 3637 1211 3721 oposuit
1282 3692 1286 3707 ,

60 3725 189 3794 Persius
201 3724 298 3789 modo
312 3729 408 3791 verba
420 3729 467 3806 cuj
526 3746 579 3789 am
592 3721 804 3811 heredipetae,
825 3736 916 3802 aegre
933 3720 1277 3817 ferentis'heredi-(193)

57 3824 160 3878 tatem
173 3812 330 3891 inminui,
352 3810 578 3913 quampridem
589 3822 753 3895 totemspe
765 3808 981 3872 devoraverat:
996 3828 1077 3873 nunc
1086 3809 1224 3871 alterius·

45 3898 205 3970 -nimiliter
219 3897 369 3979 designatr
386 3896 510 3960 heredis
521 3898 678 3983 querelam
689 3896 827 3981 prolert,
859 3892 954 3979 quatri·
965 3888 1079 3955 diceret
1096 3891 1208 3977 poe'ta:

11 4000 22 4017 '
53 3996 134 4053 aunt
149 3985 244 4048 etiam
260 3985 313 4070 qui
330 4006 368 4047 eo
381 3984 510 4046 nomine
523 4004 593 4045 cum
605 3981 804 4083 philosophia
816 3980 1019 4068 expostulent,
1041 3976 1135 4064 quod,
1157 3980 1210 4064 qui

51 4073 145 4137 illius
169 4070 338 4157 praeceptis
356 4080 427 4133 sunt
447 4070 572 4148 imbuti,
594 4069 747 4131 hberalitts
767 4065 865 4131 vitam
884 4065 1041 4128 instituent
1061 4085 1154 4148 quam
1176 4074 1210 4125 ut

47 4155 197 4225 heredes
209 4158 342 4218 multum
353 4158 468 4235 juvent.
511 4151 654 4218 Bestius
667 4172 841 4235 cogrromen
853 4148 1032 4214 Romanum
1044 4148 1127 4233 apud
1138 4149 1208 4212 Ho-

48 4244 177 4311 ratium
189 4251 223 4305 et
236 4241 330 4305 aliost
351 4241 421 4304 heic
436 4261 551 4304 nomen
563 4234 700 4305 θπικόν
710 4234 1127 4325 tmpiluerieupidihominis,
1150 4236 1208 4297 he

46 4328 187 4396 reditati
208 4328 327 4391 alienae
343 4326 499 4391 inhiantis
530 4325 623 4411 [ore
644 4324 701 4390 Est
724 4330 899 4390 corrector
922 4324 976 4386 ille
996 4316 1136 4384 Bestiae
1157 4340 1175 4381 a
1199 4368 1207 4386 .

46 4416 141 4483 lior.
160 4412 221 4501 Ep.
236 4410 265 4492 t,
284 4412 335 4493 15,
350 4419 405 4495 st,
419 4412 474 4502 qut
489 4421 629 4479 veniret
649 4410 773 4478 lanino
785 4406 958 4475 condente
978 4413 1145 4493 nepotum
1160 4340 1208 4469 ‹ii-

47 4507 153 4571 eebat
167 4494 342 4593 terendae]
797 4588 799 4593 1
868 4577 938 4647 w
