2700 4972
312 305 375 371 ru
397 305 573 373 rursu.
591 305 813 371 srrrarrr
833 305 900 373 111.
1045 256 1048 262 ¹
1110 311 1175 375 ros

121 482 175 543 10.
196 473 279 541 lam
292 473 379 541 liber
394 485 428 539 el
445 474 576 541 bicolor
581 475 711 564 positis
726 474 929 541 membrana
942 475 1092 565 capillis,
1114 476 1176 542 Ia-

67 582 99 625 ce
119 563 179 642 αα]
208 562 370 626 Desidiam
388 565 422 625 in
443 562 595 644 surgendo
619 576 649 627 et
664 564 824 627 mollitiem
844 565 978 629 notavit:
1005 587 1087 643 nuuc
1109 568 1177 629 len-

67 648 202 710 udinem
217 650 248 711 in
262 648 414 712 studendo
431 661 460 711 et
480 645 742 731 ἆποπροθυμίαν
761 644 863 735 carpit.
906 650 966 713 Per
985 650 1044 713 ista
1082 652 1186 733 uteris,

67 755 118 797 rae
135 736 203 799 lieri
216 737 310 814 vulgo
326 737 426 796 solent
447 737 584 821 apueris'
603 735 686 821 apud
704 735 898 816 magistrum,
920 736 1015 799 intelli
1084 737 1177 799 ebent

67 820 165 899 mnia,
189 841 268 905 quae
283 821 578 966 praetexere-moris
600 834 645 883 est
667 822 822 901 juventuti·
837 820 1001 899 dissolutae
1026 833 1057 883 et
1076 821 1177 885 studia

67 919 197 969 terarum
212 906 282 968 lasti
303 905 387 969 ienti.
431 905 513 969 Sane
534 909 677 986 juvenes,
706 928 784 992 quos
805 908 979 991 alloquitur,
1006 929 1071 969 non
1093 918 1178 970 erant
1263 952 1265 957 -
1305 906 1309 913 ’

67 992 214 1070 ζειεῑαῑὶα,
243 1002 278 1052 ut
295 991 352 1067 iste
375 991 510 1054 dicerent
530 993 674 1078 puerilia3
704 991 760 1055 sed
779 991 899 1061 Persius
924 994 985 1056 hoc
1006 992 1175 1073 significare
1201 1001 1228 1074 ’,

67 1078 154 1154 duit,
176 1098 373 1162 quaecunque
391 1076 516 1140 tandem
534 1089 650 1156 essent,
672 1099 751 1163 quae
775 1076 816 1139 ad
836 1076 1000 1141 velandam
1020 1076 1176 1158 ignaviam

67 1163 138 1224 terri
153 1166 269 1240 solent,
290 1164 365 1223 tanti
380 1161 520 1225 facienda
533 1184 610 1241 esse,
632 1165 735 1248 quanti
747 1164 805 1225 ista
820 1183 985 1249 puerorum
997 1165 1224 1245 nugatoriam

67 1247 219 1310 [embrana
236 1250 396 1319 utebantur
414 1250 500 1334 pueri
514 1249 547 1310 in
560 1248 653 1328 ludis,
674 1271 738 1310 non
761 1249 835 1310 ceris
855 1259 886 1311 et
907 1251 1007 1331 stylo,
1030 1269 1110 1334 quae
1127 1260 1195 1312 ta-¹

69 1355 108 1395 en
125 1332 297 1419 expeditior
309 1334 463 1397 scribendi
475 1333 551 1396 ratio
566 1346 639 1412 erat,
661 1346 694 1396 ut
708 1337 850 1397 observat
864 1330 1069 1415 Quintilianus
1081 1334 1116 1397 in
1128 1334 1174 1398 X.

67 1441 101 1504 tp.
115 1416 165 1481 111
182 1417 221 1501 [§.
232 1417 303 1498 31];
318 1430 380 1481 erat
395 1422 496 1482 autem
510 1423 698 1498 membrana,
719 1420 825 1504 inqua
840 1421 1021 1499 scribebant,
1042 1421 1175 1484 bicolor:

67 1506 105 1567 ba
132 1507 171 1567 ab
191 1503 334 1567 interiore
357 1518 455 1591 parte,
485 1507 522 1567 ab
546 1507 654 1585 altera,
682 1506 716 1569 in
733 1526 792 1592 qua
812 1507 932 1569 fuerant
950 1506 1034 1592 pili,
1051 1512 1173 1572 croceas

67 1590 195 1655 tvenalis
218 1587 316 1651 Satira
335 1591 464 1675 septima
486 1588 568 1669 [23]:
798 1594 802 1607 '

248 1682 352 1760 alque
371 1672 448 1738 icleo
471 1696 594 1738 crocea
615 1671 816 1736 membrana
834 1671 966 1738 labella

102 1756 306 1845 ¹Impletur.
351 1759 447 1837 [odda
470 1779 614 1823 croceae
628 1756 856 1839 —tabellae.]
1225 1836 1227 1841 .
1251 1828 1253 1837 Ι

67 1866 120 1910 ave
135 1844 305 1908 confundas
318 1846 397 1907 hanc
417 1847 628 1908 membranam
642 1866 712 1906 cum
734 1846 881 1931 capelle,
923 1866 964 1907 ue
986 1844 1078 1909 libros
1098 1866 1176 1932 ope-

67 1932 159 1993 rbant.
206 1927 360 2014 Capillos
377 1930 470 2017 poiita
492 1932 757 2015 καταχρηστικῶς
776 1931 881 2019 posuit
894 1866 933 1992 dle
945 1929 1030 2016 pilis:
1052 1933 1175 2017 pumice

67 2015 191 2079 tliebant
201 2038 265 2079 non
281 2018 382 2081 solum
396 2016 538 2103 opercula
551 2017 714 2096 librorum,-
735 2026 768 2077 ut
780 2014 862 2103 apud
875 2015 1027 2079 Catullum
1043 2027 1073 2078 et
1088 2017 1174 2096 alios,

67 2099 86 2163 d
106 2101 203 2165 etiam
220 2104 430 2180 membranas,
460 2102 503 2163 uti
523 2100 658 2189 videtur,
680 2102 712 2163 in
733 2100 842 2187 quibus
863 2102 1051 2166 scribebant:
1073 2102 1175 2188 itaque
1276 2120 1281 2139 ¹

67 2206 101 2248 m
125 2197 310 2266 atramento,
334 2189 452 2248 calamo
467 2198 497 2249 et
513 2190 632 2249 cultello
646 2185 801 2272 pumicem
815 2185 855 2249 ad
870 2208 997 2249 manum
1019 2188 1175 2250 habebant

67 2293 171 2358 mper,
192 2273 244 2358 qui
257 2276 435 2335 membrana
452 2284 504 2334 aut
521 2274 623 2335 charta
637 2274 810 2337 utebantur:
833 2272 889 2335 sed
904 2273 930 2335 is
948 2294 1064 2357 pumex
1086 2282 1175 2358 prae-

67 2378 118 2420 ›ue
146 2356 187 2420 ad
217 2355 411 2420 exacuendos
432 2361 566 2421 calamos
601 2368 664 2421 erat
692 2358 751 2420 illis
778 2359 857 2421 usui.
906 2358 1004 2420 Vetus
1025 2358 1117 2443 poe'ta
1142 2358 1175 2419 in

67 2443 236 2547 ppellectile
258 2444 368 2506 notarii
392 2443 615 2527 enumeranda,
637 2442 791 2525 Florilegii
810 2440 998 2507 Graecorum
1017 2445 1095 2507 libro
1119 2443 1174 2508 VI.

67 2540 128 2617 prte
154 2520 219 2592 cirri
242 2524 482 2632 ruxvypcirpuv:

115 2610 184 2681 Καὶ
196 2611 296 2679 λίθον
309 2613 501 2693 οκριόεντα,
522 2611 623 2700 δόναξ
640 2608 698 2678 ὅθι
722 2608 839 2678 δισσὸν
861 2607 984 2678 ὀδόντα
1024 2620 1027 2629 “
1048 2636 1051 2640 ·
1083 2669 1086 2677 .

125 2758 129 2767 ,
184 2696 327 2783 (diversa
347 2695 551 2782 ἅμβλυνθεὶς
573 2697 609 2765 ἐκ
629 2697 897 2784 δολιχογραφίης.

67 2797 97 2849 st
118 2784 152 2847 in
170 2787 264 2871 epigr.
279 2788 317 2851 51
332 2786 420 2849 Pauli
434 2785 612 2869 Silentiarii,
634 2808 662 2850 v.
680 2785 699 2850 5
717 2808 772 2873 sq,
794 2784 833 2847 T.
846 2783 902 2849 ΠΙ.
915 2806 946 2871 p.
962 2786 1003 2850 87
1016 2781 1070 2846 Br.
1088 2804 1113 2847 s.
1133 2782 1171 2849 Τ.

67 2870 85 2951 ³,
100 2893 133 2957 p.
150 2872 191 2936 58
208 2870 303 2952 Jac.];
324 2872 400 2934 item
417 2873 469 2934 alii
484 2870 595 2958 poe'tae
609 2873 662 2934 illo
678 2873 758 2933 loco.
803 2870 851 2947 [At
864 2873 945 2933 bene
962 2868 1176 2933 animadvertit

67 2958 169 3019 umius
184 2957 282 3019 otiosa
300 2958 376 3020 haec
391 2980 477 3037 esse,
497 2955 621 3045 positis
638 2954 794 3043 capillis,
821 2976 892 3017 cum
911 2955 979 3017 talis
995 2976 1052 3040 per
1071 2956 1176 3018 sein-
1288 2994 1291 3003 ,

67 3042 183 3125 ligatur
200 3046 396 3120 membrana;
424 3044 550 3131 exponit
568 3044 658 3124 igitur
685 3044 756 3104 cum
778 3041 994 3104 vetustioribus
1018 3040 1100 3101 intt.:
1126 3043 1176 3118 ju-

68 3150 148 3191 num
175 3128 292 3213 capillis
318 3129 406 3215 pexis
439 3140 469 3191 et
500 3128 701 3215 compositis:
735 3136 828 3212 quarn
856 3124 1135 3211 interpretationem
1158 3147 1176 3186 e

67 3214 169 3279 oribus
190 3220 289 3298 aeque
306 3226 340 3276 ac
356 3215 507 3279 sermonis
527 3237 583 3278 usu
604 3211 741 3279 studiose
764 3211 885 3293 asserit,
917 3232 1017 3295 neque
1039 3209 1176 3272 offendet

69 3301 250 3363 cabulorum
273 3298 349 3362 ordo
373 3300 561 3381 affectatior.]
635 3307 639 3315 '

113 3391 170 3455 12Ἰ
192 3380 337 3447 Crassus
358 3384 497 3449 calamo
523 3381 615 3473 quod
629 3374 784 3470 pendeat
805 3379 951 3462 humen]
980 3379 1076 3461 Quod
1097 3392 1176 3444 atra·
1229 3423 1232 3437 .

67 3482 167 3533 >ntum
185 3470 262 3533 nihil
276 3484 362 3535 notet
381 3474 499 3535 calamo
520 3495 575 3558 per
600 3472 813 3533 membranam
837 3467 943 3531 ducto:
965 3466 1048 3553 quod
1069 3467 1176 3530 accidit
1203 3488 1206 3495 ’

67 3558 74 3619 Ι
88 3556 253 3621 atramenti
272 3559 322 3621 vel
342 3560 450 3620 calami
464 3559 557 3623 vitio:
577 3557 669 3637 hicsi
690 3576 798 3642 parum
815 3555 919 3633 fissus,
941 3552 1018 3615 illud
1041 3548 1068 3617 si
1085 3554 1176 3615 fuerit

67 3640 161 3719 rs'sius.
184 3640 397 3729 [Gasquoque
412 3645 444 3705 in
455 3655 539 3706 textu
555 3641 720 3730 queritur,
735 3664 799 3703 non
816 3639 1004 3726 querimur,
1016 3638 1134 3702 utadv.
1146 3643 1175 3703 3.

67 3750 93 3792 rc
109 3736 216 3801 autem
231 3727 311 3815 5'ap.
324 3730 409 3809 Ach,
432 3728 507 3793 Nor.
522 3741 552 3792 et
566 3740 628 3794 vet.
642 3728 739 3791 schol.
767 3724 855 3789 Idem
869 3724 1005 3806 intellige
1021 3723 1061 3786 de
1070 3746 1101 3788 r.
1113 3722 1175 3803 14]

111 3816 164 3879 13.
194 3807 316 3901 Nigra
333 3811 426 3898 quod
446 3811 564 3900 infusa
590 3819 755 3878 vanescat
777 3808 881 3894 sepia,
894 3807 1067 3897 lympha]
1091 3807 1174 3889 Quia

67 3898 130 3962 riae
144 3920 253 3963 succus
271 3897 395 3964 Graecis
413 3897 525 3984 μέλαν,
548 3900 664 3962 Latinis
677 3904 918 3960 atramentum
937 3895 1062 3974 diciuu,
1082 3915 1174 3978 μετα-

67 3983 198 4060 ατικῶς’
207 4004 243 4047 se
246 3984 345 4071 piam
354 3989 460 4074 posuit
473 4010 528 4073 pro
543 3996 710 4048 atramento
725 3984 864 4047 librario:
880 3981 964 4069 quod
977 3993 1081 4044 tamon
1094 4004 1112 4044 e
1124 3996 1228 4057 se-236

67 4094 84 4134 s
100 4094 167 4134 non
173 4073 276 4152 fiebat,
290 4072 346 4136 sed
361 4074 561 4136 esornacium
568 4072 817 4155 balinearumque
832 4068 970 4150 fuligine.
994 4066 1109 4130 Plinius
1122 4068 1174 4129 lib.

67 4155 178 4221 XXV.
196 4179 260 4244 cap.
275 4158 316 4222 V.
337 4170 367 4221 et
378 4162 448 4221 fuse
460 4152 659 4222 Dioscorides
674 4163 811 4218 extremo
833 4155 913 4218 libro
925 4153 1042 4240 quinto.
1086 4152 1176 4215 Afros

67 4267 102 4306 ro
120 4266 138 4306 e
154 4243 240 4329 sepia
252 4244 312 4307 sibi
325 4256 527 4308 atramentum
546 4244 652 4308 solitos
671 4262 777 4326 parare
799 4252 904 4303 auctor
916 4250 1004 4304 retus
1019 4240 1175 4322 interpres.

67 4332 200 4393 ramenti
213 4330 322 4394 vitium
343 4329 473 4417 duplex,
495 4332 521 4395 si
543 4333 595 4394 vel
617 4326 760 4415 pinguius
783 4326 822 4390 sit
843 4329 923 4405 justo
945 4328 995 4390 vel
1016 4324 1107 4387 nimis
1128 4320 1176 4384 di-

67 4431 148 4480 tumr
177 4427 340 4502 utrumque
358 4416 470 4482 vitium
488 4416 583 4498 tangit
604 4413 734 4481 Persius.
1064 4428 1067 4433 ·
