2700 4972
366 338 429 405 ru
462 328 883 406 rsasussrraau
918 337 961 405 v.
1003 338 1036 351 ··
1090 310 1096 317 ’
1169 340 1234 406 ssr

95 490 312 597 expugnasti
326 504 467 574 domum
481 510 516 574 el
528 498 676 601 virginis
685 506 910 597 praetexldm
920 504 1063 589 scidisti,
1121 509 1235 592 oniam,

93 604 129 658 nt
150 594 264 659 domus
283 608 339 660 stra
359 599 467 682 cuique
490 618 591 677 sacra,
618 592 661 659 slc
687 596 798 678 virgini
821 612 876 659 stra
897 608 1066 683 praetexta:
1114 619 1167 661 aec
1189 608 1236 662 est
1265 624 1268 629 ·

93 700 175 768 quse
206 680 315 745 dicitur
338 682 507 746 maestus
535 690 779 744 matronarum
806 693 837 745 et
866 678 1034 744 ma'estas
1056 679 1234 767 pueritiae

94 773 155 855 [ap.
169 766 248 831 Plln.
263 768 305 831 Η.
318 768 356 833 N.
372 706 435 851 Ιίί,
450 767 520 849 36],
542 781 576 831 ut
592 766 770 832 dicebamus
785 766 825 831 ad
836 766 983 831 Trebellii
996 767 1144 833 Pollionis
1160 767 1235 832 Gal-

92 855 193 916 lieuos
217 852 264 931 [v.
287 854 320 916 la
340 854 361 916 l
382 854 524 935 Plum.]:
553 874 645 940 quam
668 852 800 917 eandem
820 856 1012 933 majestatem
1038 852 1096 917 alia
1117 855 1235 918 ratione

92 939 222 1001 tubunis
233 940 296 1002 suis
309 958 382 1026 pop.
399 940 492 1006 Rom.
510 939 696 1018 conciliarit,
717 961 802 1004 novo
823 950 854 1001 et
869 938 1012 1003 inusitato
1033 940 1160 1004 honoris
1181 960 1236 1021 ge-

92 1046 168 1087 nere
190 1023 250 1087 diis
272 1024 496 1089 consecrando:
527 1029 611 1107 cujus
634 1026 678 1087 rei
704 1035 917 1106 argumentum
939 1024 1028 1087 affert
1046 1026 1234 1106 Plutarchus,

93 1108 192 1195 quod,
220 1109 248 1174 si
268 1113 347 1174 forte
366 1112 503 1175 tribunus
525 1110 558 1173 in
579 1110 702 1198 publico
725 1111 884 1175 ambulans
907 1108 1029 1174 caderet
1050 1123 1081 1176 et
1105 1112 1236 1174 humum

92 1200 239 1276 tangeret,
262 1198 376 1285 expiari
389 1198 477 1259 illurn
492 1197 642 1299 oportuit,
666 1194 750 1345 (pund
764 1198 798 1259 in
810 1198 902 1258 rebus
922 1207 1040 1259 tantum
1059 1196 1151 1262 sacris
1169 1197 1236 1261 fieri

93 1282 230 1345 solebat:
258 1284 344 1346 locus
364 1280 516 1347 Plutarchi
545 1278 587 1344 ita
614 1282 672 1347 scri
695 1280 792 1345 andus
817 1278 1045 1361 Quaestionum
1067 1282 1162 1348 Rom.
1184 1300 1235 1345 ca-

93 1366 158 1453 plte
171 1364 335 1432 LXXXI:
357 1364 417 1433 νόν
432 1363 603 1475 σιὶμαοχον
623 1371 664 1452 τῇ
685 1368 764 1467 τιμῇ
781 1368 940 1431 ποιοῦσιν
957 1363 1049 1448 ἱερὸν
1063 1366 1120 1433 καί
1139 1364 1236 1452 ἅγιον

93 1450 152 1519 καί
167 1446 308 1519 ἄσαλον·
332 1448 419 1519 ὅπου
433 1452 498 1540 ιἰᾳν
509 1452 655 1539 βαδίζων
670 1450 707 1518 ἐν
719 1450 866 1559 ὅμμοσίιμ
883 1446 976 1539 πέσῃ,
995 1454 1133 1543 [proquo
1149 1452 1307 1530 eddalltt)

93 1536 191 1618 ardor]
214 1536 318 1621 νόμος
337 1536 405 1605 ἐστί
428 1537 652 1623 καθαίρεσθαι
664 1535 721 1604 καί
737 1536 928 1621 αγνίζεσθαι
946 1534 984 1605 τὸ
997 1542 1108 1625 σῶμα,
1130 1536 1237 1605 καθοί-

95 1638 159 1707 νιμ·
181 1622 416 1709 μεμιασμένον.
451 1621 681 1709 Καινοπμενὲς
701 1624 795 1706 illud,
823 1645 983 1720 purpura
1007 1624 1112 1691 cessit
1135 1624 1236 1705 milri,

97 1712 162 1775 hoc
176 1722 223 1774 est
234 1710 419 1798 me'reliquit
433 1712 500 1776 sive
515 1708 616 1775 relicta
633 1723 679 1775 est
694 1732 795 1775 ame:
817 1718 923 1773 cessit
938 1710 1098 1793 videlicet,
1119 1725 1153 1775 ut
1174 1716 1239 1793 jam

97 1796 188 1859 annis
198 1794 326 1877 majori,
345 1800 397 1862 vel
413 1798 506 1861 etiam
519 1796 666 1898 uthosti:
688 1818 763 1899 nam
783 1792 1001 1898 grandiusculis
1019 1798 1120 1884 pueris
1139 1799 1239 1863 invisa

97 1896 231 2031 W
258 1876 1239 2049 ttl‘tittltlttttd‘‘llbettbtttim,itit

98 2050 164 2117 Sed
183 2048 262 2117 nihil
283 2054 333 2117 hic
357 2050 596 2136 sacramanta:
623 2052 777 2135 intellige:
805 2074 884 2141 quae
905 2052 983 2117 mihi
1002 2052 1118 2143 pavido
1141 2058 1241 2119 fuerat

98 2143 238 2299 cudwini.
259 2212 433 2311 Bellaque
455 2220 642 2287 succinctis
657 2194 813 2287 Laribus
834 2212 965 2287 donata
976 2222 1168 2315 pependit]
1190 2218 1241 2290 De

53 2348 59 2357 ·
97 2313 181 2379 bulla
201 2333 368 2399 puerorum
382 2315 450 2375 susc
469 2310 587 2375 ibidem
604 2310 780 2374 Macrobius
802 2307 895 2391 [adde
907 2306 1038 2392 Pltlrtr.];
1061 2322 1091 2375 ct
1107 2314 1190 2375 hauc
1211 2316 1242 2375 et

97 2398 205 2481 togam
217 2408 404 2484 praetextam
418 2418 488 2459 cum
525 2396 667 2475 otrebant,
691 2392 749 2459 diis
763 2394 994 2483 appendebant,
1016 2402 1052 2459 ul
1064 2394 1241 2462 dicebamus
1309 2378 1318 2407 ,

98 2480 139 2547 ad
153 2480 285 2547 Satiram
301 2481 470 2546 secundam
484 2410 564 2565 [ioh
587 2480 714 2546 Laribus
727 2498 855 2569 nempe,
877 2482 1057 2569 inquorum
1076 2498 1150 2547 cons
1174 2495 1242 2548 ectu

98 2568 979 2735 aar
999 2506 1243 2735 zaraia

101 2758 173 2805 rum
191 2704 273 2804 'cane
290 2677 420 2803 ‘domita
465 2736 477 2817 [
505 2701 646 2803 onliimat
665 2742 727 2802 hoc
748 2754 788 2803 ex
807 2740 879 2804 artis
902 2676 1045 2827 opillius
1063 2738 1242 2805 Viscontius

99 2814 184 2893 blus.
198 2824 370 2891 Plo-Clam.
383 2822 422 2893 T.
435 2824 493 2892 IV.
509 2824 588 2888 Tab.
603 2824 662 2905 45,
685 2828 867 2890 observante
881 2824 992 2890 Ocella
1021 2826 1086 2889 Sed
1098 2848 1127 2891 v.
1142 2826 1243 2891 Plum.

100 2914 212 3063 &38
234 2934 300 2999 sqq.
318 2906 470 3060 etLG3O.
491 2906 633 3059 liuenteri
653 2904 799 2993 Etrush,
813 2910 852 2976 Τ.
866 2908 893 2976 Ι.
916 2933 946 3001 p.
967 2915 1041 2977 268.
1066 2912 1107 2976 de
1128 2910 1245 2976 cinctu

184 3018 253 3149 lilii,
274 3019 361 3147 didm
378 3006 508 3147 daridiidsi
514 2999 802 3162 gp‘a'tmcffitagum
824 3092 1042 3163 assentatores,
1086 3080 1186 3145 erasiti
1205 3056 1296 3153 edan

105 3171 222 3235 similes
242 3174 390 3250 juvenum
408 3173 501 3232 latera
530 3171 650 3250 cingere
676 3172 792 3249 solent,
818 3168 932 3232 nudata
957 3191 975 3231 a
1001 3104 1191 3257 paedagogis
1216 3180 1247 3230 et

105 3256 268 3338 magistris,
309 3255 340 3318 ui
358 3268 442 3318 erant
459 3250 586 3318 comites
605 3255 715 3335 ingrati
726 3260 757 3316 et
768 3253 871 3327 invisi,

193 3346 245 3409 33.
304 3349 430 3427 utaque
448 3336 753 3427 impune'Snburra
767 3335 937 3405 Permisit
949 3336 1116 3429 sparsisse
1129 3335 1248 3401 oculos

100 3424 187 3515 jrtm
212 3424 382 3491 candidus
408 3424 534 3507 umbo]
564 3424 643 3490 Cum
662 3438 734 3507 toga
756 3427 851 3489 libera
872 3438 903 3490 et
921 3426 1017 3491 virilis
1039 3437 1174 3489 assumta
1196 3422 1249 3486 dat

128 3518 292 3577 otestalem'
310 3514 424 3592 amori,
454 3514 481 3576 si
501 3513 543 3574 ita
566 3508 685 3592 lubeat,
715 3506 895 3595 indulgendi
915 3523 946 3575 et
972 3520 1038 3574 toto
1060 3512 1114 3574 illo
1139 3510 1248 3572 infami

106 3530 264 3685 §abortae
285 3601 355 3663 vicu
374 3596 539 3685 quaerendi
553 3597 699 3662 Lesbiam
719 3594 852 3685 aliquam
866 3600 918 3663 rel
937 3596 1076 3660 landem.
1118 3595 1250 3683 Proper·
1316 3624 1330 3643 -·

106 3684 167 3750 lius
186 3686 266 3748 libro
281 3680 329 3749 ΙΙΙ
349 3684 412 3764 [lla
428 3688 478 3765 3]:
544 3744 547 3751 ,
623 3762 626 3767 Ι

202 3766 249 3834 Ur
266 3768 356 3835 milii
374 3776 560 3858 praetexta
581 3770 683 3855 [eddz
697 3768 913 3858 praetextae]
933 3763 1047 3866 μανίαν
1070 3764 1251 3832 excelsius

944 3861 1079 3918 amictu
1109 3860 1112 3865 '

262 3936 312 4007 Et
327 3938 414 4004 dato
432 3936 577 4005 libertas
591 3956 735 4005 noscere
755 3934 887 4004 amoris
904 3938 977 4004 lter.

109 4022 292 4093 Plutarchus
305 4026 357 4093 De
371 4026 524 4092 audiendo
552 4032 593 4115 [p.
610 4033 662 4093 37.
677 4027 748 4108 D.]:
776 4022 928 4110 καθάπερ
946 4020 1128 4106 Ἡρόδοτός
1148 4036 1253 4131 apparu
1273 4068 1276 4073 -

112 4109 184 4197 ἅμα
208 4114 255 4200 τῷ
278 4115 393 4199 χιτῶνι
412 4108 654 4179 subaudiendus
674 4109 737 4197 τὴν
757 4111 840 4178 aldai
863 4109 921 4188 τὰς
945 4114 1123 4195 γυναῖκας,
1147 4128 1255 4187 ουτως

112 4197 199 4265 ἔνιοι
213 4201 282 4265 coir
294 4196 382 4266 νέων
398 4196 468 4282 ἅμα
487 4204 534 4287 τῷ
557 4198 596 4264 cd
612 4190 768 4265 παιδικὸν
792 4195 925 4285 ίμάτιον
943 4192 1133 4263 ἀποθέσθαι
1148 4210 1255 4262 συνα-

111 4282 296 4370 ποθέμενοι
310 4282 348 4351 τό
364 4282 530 4353 nibridius
542 4284 599 4351 καί
616 4287 815 4371 φοβεῖσθαι,
837 4282 893 4350 καί
907 4281 1065 4360 λύσαντες
1084 4280 1145 4367 τὴν
1158 4304 1256 4347 ιιανα-

113 4370 378 4457 σχηματίζονσαν
399 4366 526 4451 αὐτούς
539 4369 720 4457 περιβολήν
742 4364 848 4448 editis
866 4366 1087 4453 ἐμπίπλανται
1101 4368 1160 4454 τῆς
1178 4362 1257 4434 ἄνα-

113 4454 247 4544 mytra.
298 4454 388 4541 Toga
403 4454 499 4525 virilis
519 4454 589 4525 ttlba
609 4469 674 4523 erat
697 4458 765 4522 sirie
785 4472 933 4547 purpuras
961 4450 1062 4519 umbo
1083 4462 1188 4545 togae
1211 4466 1258 4521 est
