2700 4972
110 277 180 341 roo
446 308 450 318 -
484 248 894 343 couurursarus

106 445 252 532 usquein
272 467 310 509 eo
353 464 518 509 ammesse
539 444 705 527 momenti3
731 446 818 509 locus
839 446 936 510 estin
956 446 1036 512 libro
1050 444 1131 529 VII,
1143 470 1217 537 quur
1258 456 1283 521 ie

108 532 181 598 ride
207 530 254 614 [ᾗ.
282 467 350 612 tsi
400 531 562 603 Simillime
582 529 701 607 Seneca
733 531 862 617 epistola
884 531 993 598 XCV:
1024 528 1138 597 Omne
1160 534 1229 609 lucos
1260 544 1284 609 [tr

73 658 77 679 .
109 614 318 702 qzrodvides,
341 636 407 702 que
420 614 540 680 diviua
556 624 659 701 atque
674 613 827 679 lcumena
843 616 1008 681 concluse
1023 627 1116 697 suut,
1134 636 1221 683 unum
1261 651 1284 692 ῃ

111 711 182 765 est.-
204 700 361 765 membro
376 722 494 765 sumus
512 699 665 787 corporis
687 700 828 785 mug'ni3
850 714 881 765 et
899 716 1037 784 caetera,
1058 725 1138 791 quae
1151 728 1224 793 supe
1281 752 1284 761 .

104 789 169 852 tius
182 790 346 851 attulimus.
389 787 506 849 Similia
520 800 590 849 sunt
602 789 673 848 huic
680 784 854 849 Stoicorum
869 787 1041 869 doctrinae,
1064 810 1143 875 quae
1156 790 1226 855 docet
1275 830 1284 859 r

73 951 76 955 Ι
108 873 378 937 excellentissimus
391 873 512 960 philoso
534 872 878 954 lpusllloseslllaimonis
891 875 971 936 filius
986 877 1066 937 libro
1081 878 1167 939 tertio
1177 876 1228 939 Do·

110 960 202 1022 cteris
222 954 386 1020 dubiomm
406 980 439 1020 ca
463 957 498 1021 ,Ι
539 982 547 1038 ;
575 979 676 1043 neque
693 979 768 1020 vero
792 980 831 1020 ex
853 980 889 1021 ea
911 961 1013 1022 solum
1037 957 1228 1046 disputatione,
1268 960 1284 1031 Z:

108 1043 165 1109 scd
179 1055 210 1106 et
224 1064 264 1105 ex
275 1044 341 1106 aliis
352 1043 428 1106 locis
436 980 558 1107 §tolcae
566 1044 780 1130 philosophiae
793 1065 858 1107 non
869 1045 963 1109 fuisse
976 1047 1068 1109 illum
1077 1038 1231 1135 irnperitun

1 1157 4 1164 ·
64 1134 68 1143 “
110 1129 336 1213 cognoscimus.
407 1168 413 1181 ,
858 1200 862 1209 ,
1006 1198 1009 1204 ,
1274 1164 1280 1202 ;

139 1240 142 1245 ·
188 1210 374 1293 uocatus]
403 1210 511 1277 Velut·
524 1211 558 1275 in
584 1213 715 1276 statione
736 1213 871 1300 positus,
902 1236 996 1303 quam
1026 1237 1135 1280 curare
1156 1215 1232 1281 dele·
1277 1268 1280 1277 .

13 1332 16 1337 ·
107 1318 179 1365 mus
192 1298 256 1363 'nec
268 1298 417 1361 ‘deserere
437 1298 496 1360 nisi
512 1300 597 1376 iussu
617 1300 807 1385 imperatoris
821 1299 899 1380 Dei,
920 1303 1004 1366 varie
1022 1299 1136 1367 Graeci
1158 1301 1232 1367 Stoici
1278 1330 1284 1375 t

107 1386 171 1449 hoc
186 1394 413 1471 expresserunt,
435 1385 654 1468 utplurimum
674 1387 770 1447 verbo
788 1382 984 1457 educendus:
1007 1388 1097 1473 quod
1119 1390 1234 1453 uerlriir

109 1490 182 1535 eam
201 1490 268 1535 rem
288 1470 423 1555 positum
445 1479 491 1530 est
519 1469 601 1554 apud
622 1469 783 1532 Platonem
804 1471 837 1531 in
858 1471 1007 1556 Apologia
1033 1468 1080 1559 [p.¹
1092 1478 1146 1537 28.
1162 1473 1234 1537 111.

109 1554 140 1640 §.
159 1554 224 1635 16].
252 1553 423 1618 Antoninus
439 1554 492 1615 lib.
508 1554 559 1617 XI
575 1553 613 1637 [ᾗ.
632 1554 700 1635 13]:
718 1547 766 1618 ὀὐ
788 1551 864 1638 δέχῃ
880 1551 918 1620 τό
935 1560 1054 1661 νῦντῇ
1075 1562 1146 1623 τῶν
1162 1554 1233 1625 dier

102 1637 211 1725 φύσει
224 1635 390 1719 εὔκαιρον,
411 1631 592 1716 ἄνθρωπος
606 1635 802 1722 τεταγμένος
815 1637 898 1721 πρὸς
911 1637 947 1705 τὸ
965 1648 1126 1723 γενεσθαι
1148 1642 1232 1725 [Gatt

24 1744 28 1753 ·
133 1724 274 1831 luseum]
291 1720 338 1789 δι’
353 1719 436 1790 ὅτου
451 1719 497 1806 dri
518 1722 556 1789 cd
576 1727 674 1809 κοινῇ
698 1721 885 1808 συμφέρον;
904 1727 1047 1791 Arrianus
1068 1730 1163 1797 titul
1180 1750 1233 1831 cap

108 1746 177 1899 lli.
203 1805 384 1894 ἅνασχεσθε
400 1806 606 1885 ἐνοικοῦντες
621 1804 746 1893 ταύτην
759 1806 882 1894 χώραν,
903 1812 950 1889 ele
962 1808 1007 1895 ἣν
1022 1808 1152 1891 ἐκεῖνος
1162 1808 1234 1899 ripen

108 1894 246 1975 ἔταξενε
273 1895 427 1959 interdum
449 1897 551 1960 verbis
573 1897 640 1959 aliis
661 1897 725 1959 usi:
757 1918 831 1958 narn
852 1900 891 1960 ab
916 1897 1027 1961 eadem
1052 1911 1160 1963 mente
1179 1910 1235 1965 suut

106 1983 164 2046 illa
178 1980 259 2069 apud
274 1980 414 2045 lllarcum
430 1979 633 2045 Antoninum:
656 1983 926 2065 συγκληροῦσθαι
948 1988 1019 2060 τοῖς
1032 1982 1200 2069 πράγμασι
1213 1996 1237 2049 et

7 2100 11 2107 -
107 2064 369 2151 repausaturus
393 2064 440 2141 εἰς
457 2064 495 2131 ἓν
518 2069 626 2153 usipus
653 2068 762 2154 quibus
790 2079 822 2130 et
842 2070 893 2131 lex
921 2068 1058 2135 fatorum
1083 2074 1177 2135 simul
1195 2092 1239 2135 ex-

113 2155 262 2243 primitur.
580 2182 583 2187 ·
1201 2158 1207 2167 '

61 2238 115 2300 295
202 2244 253 2305 73.
282 2233 409 2303 Dirce-⁸
437 2258 500 2303 uec
526 2234 683 2303 inuideas
705 2233 798 2325 quorl
815 2235 927 2301 multo
946 2234 1076 2326 fidelia
1092 2234 1241 2328 putetla
1278 2292 1284 2307 .

112 2323 178 2389 loc.
192 2329 237 2411 pu]
260 2324 364 2404 Disce,
379 2326 514 2410 inquam,
528 2323 701 2389 istiusmodi
717 2336 747 2387 et
762 2324 880 2387 decreta
895 2337 926 2389 et
941 2338 1105 2412 praecepta
1119 2322 1243 2413 plrilr'rso·
1282 2338 1284 2343 '

115 2413 217 2501 phiae,
241 2432 340 2496 neque
357 2432 411 2473 eos
423 2412 566 2488 imiteris,
589 2413 640 2497 qui
653 2432 811 2474 summum
825 2413 944 2474 bonum
958 2413 991 2473 in
1004 2412 1119 2476 divitiis
1130 2420 1243 2499 ponunt.

200 2490 279 2561 Nec
294 2492 475 2576 invideas]
498 2495 619 2560 Invidia
632 2508 678 2559 est
692 2495 797 2574 dolor,
820 2496 904 2579 quod
923 2499 1001 2559 alius
1025 2501 1112 2561 bono
1135 2504 1245 2575 fruatm,

90 2613 92 2617 ·
114 2603 178 2670 quo
198 2580 340 2645 inridens
361 2592 457 2659 caret3
484 2584 545 2668 hoc
564 2583 629 2646 vult
647 2581 754 2667 poeta:
778 2582 842 2643 noli
864 2592 969 2666 putare
991 2604 1028 2644 ea
1052 2587 1153 2664 bona,
1181 2602 1247 2669 quae

45 2739 48 2745 ,
114 2671 209 2749 vulgo
229 2677 310 2729 tanta
332 2668 526 2729 contentione
550 2678 746 2752 quaeruntur,
777 2688 845 2729 esse
868 2688 941 2730 vera
966 2670 1069 2732 bona:
1099 2671 1150 2731 illa
1170 2670 1247 2749 igitur

117 2774 160 2817 ne
180 2765 268 2839 optes
287 2774 386 2838 neque
408 2750 528 2833 doleas,
549 2755 576 2815 si
596 2753 717 2816 uberior
735 2753 824 2838 copia
843 2754 956 2815 horum
974 2756 1130 2818 bonorum
1150 2757 1201 2827 alii
1217 2756 1249 2818 sit

120 2839 329 2928 potiusquam
343 2837 408 2900 tibi.
1063 2904 1068 2915 ,

49 2925 122 3000 (1911)
207 2923 259 2990 74.
272 2920 376 3003 Quod
386 2921 498 2986 multa
504 2915 635 3008 fidelia
642 2929 743 3008 putet
755 2918 796 2985 Ie
812 2919 980 3007 locuplete
992 2944 1088 3008 penu
1103 2920 1247 3015 defensis

117 3006 307 3099 pinguibus
338 3002 499 3088 Umbris]
534 3008 584 3071 Ex
608 3011 752 3071 ormribus
776 3008 892 3071 civibus
909 3008 1060 3074 Romanis
1084 3014 1137 3096 qui
1157 3013 1249 3074 literas

120 3097 296 3173 didicerant,
313 3096 372 3157 soli
383 3099 447 3159 lere
464 3106 549 3157 erant
564 3106 708 3173 oratores,
726 3095 778 3178 qui
793 3116 859 3154 rem
872 3097 1023 3160 lacerent:
1046 3097 1162 3169 medici
1174 3098 1251 3161 euim

121 3180 230 3247 Graeci
258 3184 323 3243 fere
342 3192 445 3262 erant,
475 3200 567 3266 quare
590 3179 710 3255 Stoicus
730 3178 781 3241 hic
803 3177 967 3265 discipulos
996 3203 1070 3245 suos
1101 3186 1250 3268 alloquens

119 3269 229 3333 merito
243 3287 261 3328 a
274 3265 511 3329 caussidicorum
521 3266 715 3351 potissirnrun
729 3267 870 3349 exemplo
886 3287 940 3335 eos
956 3279 1085 3330 conatur
1100 3267 1249 3345 divertere,

119 3373 186 3416 non
199 3349 283 3436 quod
299 3352 523 3435 professionem
533 3352 618 3411 illam
632 3350 729 3413 Stoici
741 3348 935 3429 damnarent,
957 3351 1013 3413 sed
1034 3355 1108 3437 quia
1118 3355 1171 3417 illa
1183 3374 1252 3415 cuu-

124 3435 327 3519 gerendarurn
349 3456 445 3522 opum
469 3432 597 3497 aviditas
624 3438 723 3497 aliena
751 3446 815 3497 erat
836 3436 1063 3521 plpilosophiae.
1120 3436 1252 3503 Fidulio

121 3544 178 3589 vas
198 3522 351 3585 viuarirun
372 3531 437 3583 est:
466 3520 638 3582 caussidicis
661 3532 763 3583 autem
784 3523 891 3583 solitae
918 3520 1026 3585 donari
1049 3527 1180 3605 lagenae.
1190 3523 1254 3587 vini

124 3619 156 3671 et
173 3608 356 3670 salsamenta
371 3616 462 3691 atque
484 3604 635 3683 ejusmodi
656 3607 758 3668 teutria
777 3608 973 3689 munuscula,
1002 3606 1162 3677 luvenalis
1180 3606 1255 3693 [Vll,

127 3696 224 3759 ttss
266 3713 305 3756 .:
623 3742 627 3747 .
1192 3700 1197 3707 '

210 3690 315 3856 quidd
325 3772 420 3839 voela
433 3769 616 3862 pretium?
637 3770 749 3836 siccus
764 3773 1017 3861 petasunculus
1040 3786 1074 3841 et
1094 3800 1158 3845 var

210 3858 443 3958 Pelamytlum
457 3868 520 3924 aut
533 3867 664 3924 veteres
680 3858 887 3923 Maurorum
902 3860 1089 3947 epimenia,
1114 3860 1219 3945 bulbi,

211 3944 287 4010 Aut
304 3968 422 4009 viuum
441 3944 560 4010 Tiberi
578 3944 772 4027 devectum,
795 3945 942 4033 quiaque
964 3946 1136 4035 lagenae3

127 4031 280 4113 ejusmodi
300 4043 370 4095 sunt
386 4035 580 4111 munuscula,
604 4054 733 4119 quomm
753 4035 893 4094 meminit
913 4036 982 4101 heic
999 4037 1141 4099 Persius:
1163 4036 1259 4099 fidelia

126 4119 201 4196 vini,
222 4119 254 4203 pi
276 4140 317 4195 er,
339 4139 452 4203 pernae
465 4131 496 4180 et
513 4140 583 4181 orca
598 4140 742 4197 maenae;
765 4123 848 4197 cujus
863 4120 924 4181 cibi
938 4142 1060 4183 summa
1081 4135 1145 4184 erat
1156 4120 1260 4198 vilitas,

128 4216 163 4266 ut
185 4225 224 4267 ex
246 4140 402 4265 Athenaeo
421 4200 506 4281 [Vll
526 4226 551 4264 c.
568 4204 622 4283 92]
642 4216 672 4267 et
692 4203 800 4265 Lucilii
819 4205 956 4268 versibus
977 4206 1060 4292 apud
1079 4207 1216 4271 Nouium
1234 4218 1264 4269 et

128 4287 329 4353 secundo-De
344 4288 454 4350 finibus
468 4288 622 4376 Ciceronis
640 4291 701 4367 [28,
718 4286 745 4369 ἓ.
762 4292 815 4367 91]
830 4301 962 4378 constat:
983 4292 1087 4377 itaque
1102 4293 1165 4355 duo
1178 4288 1262 4357 sirriu'

133 4376 203 4439 heic
222 4374 284 4456 agit
299 4374 434 4438 satiricus
447 4385 562 4437 noster:
584 4392 655 4439 nam
671 4384 701 4436 et
714 4384 912 4459 patronorum
924 4378 1085 4445 avaritiam
1102 4380 1135 4443 in
1150 4390 1252 4465 captur
