2700 4972
132 305 227 402 ‚irs
351 382 361 407 ἰ
529 272 937 366 corruerimus
1038 264 1043 271 ’

159 473 282 536 saeculi.
324 469 422 534 Moris
436 464 628 570 etat'pticti
642 469 781 570 hahnius,
800 470 942 555 quoloco
956 473 1077 534 rueram
1094 472 1232 554 exdmti,
1249 475 1284 539 ibi
1329 508 1332 569 ξ

159 558 1285 728 ἱξῖᾟῖῗΐῗζΐωᾛοᾛᾛωῦἱᾙᾞᾱιᾝὴῗὶ,ἓξὲξ

162 739 193 790 et
206 729 337 790 aliorum
348 726 544 791 Etrrrscorum
557 729 782 805 continebatur,
802 748 887 790 sacra
901 749 939 790 eo
962 729 1024 791 loci
1042 730 1178 795 fiebant:
1198 752 1285 816 neque
1331 732 1332 797 j

160 812 194 875 id
210 817 308 877 semel
320 815 439 892 solum,
456 812 513 876 sed
526 814 731 898 inposterum
747 813 839 875 etiam
858 815 1000 894 religiose
1023 816 1112 879 locus
1132 818 1285 896 colebatur,
1331 818 1332 827 ’

161 899 222 962 aris
232 900 328 961 etiam
337 900 382 961 ibi
393 899 501 985 positis
518 909 550 960 et
562 899 681 984 reliquo
698 899 915 961 sacrificiorum
935 911 1091 985 apparatu.
1132 899 1215 965 Nota
1233 905 1286 982 jam

161 984 285 1048 eruditis
299 987 375 1047 haec
388 985 561 1069 superstitio
574 1006 614 1046 ex
628 984 712 1047 Festi
725 985 816 1048 variis
831 985 923 1065 locis,
944 985 1158 1066 Artemidoro,
1180 985 1285 1066 Servio,

160 1071 238 1144 aliis,
259 1071 454 1157 maximeque
468 1091 508 1132 ex
526 1071 728 1135 recentiorum
750 1069 921 1150 diligentia,
942 1083 976 1133 ut
989 1092 1066 1158 opus
1086 1094 1157 1134 non
1176 1074 1215 1136 sit
1231 1093 1285 1138 aa·

32 1153 33 1159 '
160 1158 336 1237 Irtiopair..
355 1155 408 1232 [V.
422 1153 528 1219 laudd.
540 1176 590 1240 ap.
604 1155 666 1236 PL]
702 1154 751 1217 Ex
769 1157 831 1216 hoc
851 1156 942 1236 igitur
965 1158 1025 1219 ritu
1043 1158 1223 1238 fulguritum
1238 1158 1286 1223 de·

160 1242 264 1306 scribit
273 1241 394 1305 Persius
408 1239 475 1304 istis
489 1243 650 1305 versibusr
667 1238 726 1303 Aa
741 1238 822 1326 quio
838 1262 907 1304 non
917 1239 1032 1329 jocco,
1050 1243 1166 1329 inquit,
1189 1242 1224 1306 in
1239 1242 1285 1319 lu·

88 1398 91 1409 ι
130 1362 133 1369 ·
162 1325 212 1389 cis
235 1327 336 1389 triste
355 1323 624 1413 evitandumque
643 1322 827 1389 bidental?
857 1328 990 1412 appellat
1013 1324 1175 1392 bidental
1197 1331 1286 1415 ipm

159 1414 352 1493 fulguritum,
372 1412 494 1498 poe'tica
508 1412 643 1474 licentia:
664 1434 737 1474 nam
755 1415 850 1493 vulgo
872 1415 916 1475 ita
937 1416 1092 1477 vocabant
1110 1417 1233 1495 locum,
1247 1416 1286 1479 cui

103 1572 106 1577 Ι
159 1500 266 1579 religio
281 1509 406 1583 propter
415 1500 510 1560 talem
523 1519 629 1560 casum
644 1509 826 1575 accesserat,
847 1499 900 1582 qui
920 1498 953 1560 in
974 1498 1080 1562 medio
1104 1500 1230 1563 exenni
1245 1522 1288 1565 ca-

159 1583 255 1647 daver
267 1586 418 1648 habebat:
446 1579 593 1666 quodie
614 1603 653 1644 eo
675 1579 868 1647 bidentibus
887 1582 939 1664 [de
951 1585 1033 1669 quib.
1048 1585 1097 1648 Pl.
1141 1632 1151 1648 .
1175 1584 1286 1668 tuot]

158 1663 693 1835 ttbtti‘t’ttttlfflffl
705 1690 792 1819 tt}
809 1669 1003 1818 “biiii
1013 1670 1288 1837 diffidi

157 1843 209 1905 rel
227 1842 280 1926 qui
288 1777 418 1926 sdepius
432 1861 584 1902 carcerem
604 1776 843 1905 idddeliitaverat:
864 1841 907 1904 sic
926 1840 1048 1905 Persius
1062 1839 1224 1907 bidental
1237 1844 1288 1907 ho

45 1956 48 1963 Δ
156 1927 284 2004 imnem,
306 1927 491 1987 cuimortuo
499 1924 638 1988 bidental
647 1937 692 1988 est
705 1928 832 2004 factum,
851 1928 921 1988 loco
936 1940 1111 1991 consecrato
1127 1930 1289 1992 etcirom·
1329 1958 1332 1983 ι

157 2023 246 2098 septo
269 2023 362 2097 atque
381 2011 467 2073 altari
488 2009 626 2091 adjecto,
656 2007 753 2075 triste
775 2007 1029 2101 bidentatdixa
1049 2014 1174 2077 Horatii
1195 2015 1289 2077 imita·

109 2113 162 2170 193
169 2098 264 2168 tione,
284 2109 319 2159 ut
332 2118 389 2160 suo
403 2098 474 2158 loco
487 2107 647 2178 notamus3
669 2095 756 2159 addit
771 2093 988 2177 evitandum,
1010 2099 1097 2184 quia,
1118 2112 1155 2163 ut
1167 2099 1289 2164 Marcel-
1330 2132 1332 2169 ι

46 2241 51 2250 ,
156 2184 240 2249 linus
255 2183 299 2245 ait
315 2183 398 2246 libro
413 2179 535 2245 XXIII
555 2181 638 2261 [18},
665 2179 730 2245 boc
756 2180 858 2245 modo
881 2193 1044 2247 contactu
1072 2183 1156 2247 loca·
1175 2182 1289 2264 (Graeci

156 2262 317 2354 initiare
330 2264 458 2350 vocant)
482 2267 557 2345 [nec
577 2265 719 2347 intueri]
742 2289 805 2331 nee
828 2267 964 2332 calcari
983 2267 1108 2332 debere
1128 2265 1290 2359 fulguro-

156 2352 208 2417 les
220 2351 447 2441 pronuntiarit
459 2350 567 2416 libri:-
584 2365 665 2416 recte
685 2365 789 2418 autem
806 2375 923 2439 Joces,
947 2357 1035 2441 quia,
1054 2367 1090 2417 ut
1109 2342 1245 2421 dxi-u
1259 2378 1290 2421 at
1330 2370 1332 2397 ²

156 2442 227 2521 lege
246 2439 368 2503 Numae
393 2437 478 2525 apml
494 2438 620 2502 Festum
643 2439 753 2503 diserte
782 2452 918 2521 caretro,
951 2463 1044 2526 quem
1064 2441 1155 2507 toris
1180 2446 1291 2507 furno
1330 2516 1332 2529 Ι

156 2524 317 2603 occiderat,
336 2546 410 2587 eum
422 2543 531 2609 supro
541 2518 662 2610 gentio
676 2523 798 2588 tollere
814 2529 859 2589 fas
873 2550 939 2589 non
952 2538 1016 2590 erat
1028 2549 1129 2613 neque
1143 2527 1290 2618 illijruto
1330 2556 1332 2565 ·

153 2606 296 2697 faeere:
329 2609 415 2672 addit
439 2607 547 2688 lucis,
573 2612 645 2696 quia
667 2618 760 2698 saepe
784 2613 980 2675 fulminantur
1005 2615 1146 2677 lucorum
1175 2618 1290 2679 arbores
1330 2676 1332 2683 .

155 2717 262 2761 sacrae
279 2708 312 2759 et
332 2696 431 2780 sissqui
450 2695 572 2759 suntin
594 2697 671 2760 lucis
687 2698 863 2777 bominem,
888 2697 973 2760 unde
988 2700 1040 2760 illa
1063 2711 1129 2761 orta
1151 2703 1291 2785 quaestio,

156 2804 236 2868 (prae
250 2784 366 2845 multos
379 2782 456 2844 olim
463 2782 666 2868 philosophos
684 2785 786 2847 torsit:
802 2781 951 2862 Quarelu
975 2784 1030 2845 ‘ter
1041 2783 1182 2847 ferienda
1194 2787 1292 2850 nonsit
1328 2802 1332 2825 ¹

46 2908 49 2917 ·
157 2880 210 2931 ant
226 2869 354 2931 innoxia
368 2868 459 2932 ierit?
482 2866 521 2931 de
536 2889 597 2952 qua
610 2867 729 2930 Seneca
739 2869 883 2932 nonnihil
898 2872 918 2932 l.
933 2807 1191 2934 litterararum
1200 2873 1292 2959 eapite
1318 2866 1321 2871 ¹

156 2953 284 3031 XLVI3
312 2952 370 3016 sed
389 2955 466 3016 haec
485 2954 622 3038 praestiti
646 2953 686 3015 ad
706 2956 791 3017 illam
808 2954 980 3017 referenda:
1010 2953 1077 3018 Cur
1089 2954 1182 3020 Deus
1199 2960 1292 3021 malos

156 3041 263 3121 affligit
275 3060 361 3118 raro,
381 3041 481 3102 bonos
496 3061 608 3124 saepe,
628 3062 667 3102 ne
683 3039 785 3102 dicam
800 3042 944 3126 semper?
966 3062 1059 3126 quam
1079 3043 1196 3106 thesim
1214 3044 1292 3107 min'-
1327 3052 1332 3063 '

155 3128 213 3189 Ite
228 3137 335 3189 tractat
346 3123 433 3188 idem
449 3124 567 3188 Seneca
587 3127 621 3187 in
636 3127 714 3188 libro
727 3125 778 3189 De
799 3124 902 3190 divina
922 3125 1131 3212 providentia5
1153 3131 1207 3194 rel
1224 3128 1292 3192 dixit
1330 3138 1332 3143 '

155 3211 276 3276 Persius
287 3209 410 3295 jacere
424 3207 466 3274 irc
483 3208 574 3274 locis
593 3213 788 3292 fulguritum,
809 3211 881 3297 quia
901 3212 1080 3292 illelocns,
1102 3214 1158 3276 uhi
1180 3215 1291 3279 occisis

155 3309 219 3375 est,
240 3299 275 3359 fit
297 3295 448 3376 bidental,
468 3296 505 3359 id
525 3309 572 3359 est
590 3298 676 3360 locus
693 3319 793 3376 sacer,
816 3309 847 3360 ct
868 3300 938 3360 luco
966 3298 1060 3360 etiam
1079 3299 1207 3380 similis,
1228 3321 1291 3363 enm

154 3383 301 3443 intactum
322 3392 445 3443 maneat
468 3382 611 3467 quicquid
633 3384 665 3445 in
689 3405 726 3445 eo
751 3384 892 3448 nascitur.
950 3380 1110 3461 Quoniam
1139 3397 1245 3449 autem
1264 3387 1291 3447 in

58 3500 62 3505 ·
154 3467 367 3553 procuratione
386 3467 432 3528 rei
450 3467 610 3546 fulguritae
630 3469 708 3531 nihil
726 3472 897 3531 tentabatur
918 3468 978 3532 nisi
1023 3472 1220 3537 raeeuntibus
1242 3472 1292 3535 hr-

155 3575 224 3616 rurn
240 3574 346 3616 rernm
359 3552 438 3615 inter
475 3552 585 3626 etibus,
599 3557 673 3615 utlo
717 3555 775 3616 'tur
783 3556 969 3632 ammianus,
985 3491 1057 3617 ideo
1073 3554 1290 3629 dixitParsius:

458 3634 529 3701 bria
546 3637 661 3700 ovium
675 3576 911 3727 digestaque
919 3636 1090 3728 jubentes

85 3784 88 3794 ,
153 3724 249 3804 figura
272 3734 318 3787 est
342 3720 381 3786 ἓν
402 3720 459 3789 broi
480 3723 594 3787 doeio:
623 3747 724 3810 neque
748 3728 831 3788 enim
858 3726 923 3788 duo·
943 3738 1013 3788 sunt
1030 3729 1223 3791 consultores
1241 3724 1291 3790 Er-

154 3831 255 3890 genna
274 3821 304 3871 et
323 3810 422 3872 librae
442 3811 564 3888 omum,
592 3809 651 3874 sed
681 3813 825 3876 consultis
855 3822 1054 3874 mactatarum
1085 3813 1195 3876 nvitun
1216 3813 1292 3877 libris

153 3895 233 3980 quid.
251 3917 271 3956 o
348 3897 405 3973 sit,
427 3895 517 3958 docet
536 3895 686 3977 Ergenna.
729 3896 831 3960 Nemo
855 3900 974 3978 ignorat
995 3897 1192 3985 disciplinam
1215 3901 1292 3963 illam

153 3991 251 4042 totam
296 3993 465 4043 truscoaum
481 3981 594 4062 fuisse,
612 3981 696 4068 quod
709 3994 756 4044 tot
769 3985 845 4046 locis
861 3972 1004 4062 Servius,
1028 3983 1159 4064 Festus,
1179 3984 1291 4049 Seneca

153 4065 267 4150 aliique
281 4077 434 4131 testantur.
473 4064 642 4154 Ergenrro
654 4070 746 4149 igitur
758 4070 951 4149 fulguratoris
964 4081 994 4131 et
1004 4069 1178 4156 interpretis
1194 4084 1293 4136 osten-

102 4153 265 4227 ssltorom
278 4151 398 4214 Etrusci
414 4175 531 4215 nomen
541 4166 598 4217 est
609 4153 788 4235 Etruscum,
810 4167 844 4217 ut
855 4156 1028 4236 Porserma,
1050 4155 1201 4238 Sisenna,
1226 4158 1293 4222 Per-

153 4259 258 4325 penna
274 4249 307 4300 et
321 4237 444 4301 similia.
467 4237 520 4320 [V.
535 4240 585 4303 Pl.
596 4260 631 4327 p.
648 4240 731 4319 195.]

239 4326 294 4388 28.
312 4317 450 4392 Idcirco·
460 4322 625 4390 stolidam
640 4320 785 4411 praebet
800 4321 866 4388 tibi
882 4325 1009 4392 vellere
1030 4325 1182 4394 barbam
1194 4324 1294 4413 Jupi-

154 4408 246 4490 tert]
276 4405 341 4489 Qui
361 4407 495 4474 fulmine
511 4412 590 4476 ictus
603 4435 668 4477 noar
688 4433 738 4491 es,
760 4409 874 4476 idcirco
892 4413 1023 4479 ludibrio
1039 4415 1156 4482 dorem
1175 4414 1294 4481 habes?

126 4640 238 4676 affl.
