2700 4972
338 370 340 375 v
382 330 443 435 nn
466 351 635 418 consu
658 340 877 421 sacrorn
901 353 947 420 11.
1000 454 1002 463 Ι
1180 360 1240 424 141

102 519 245 591 :tetrice
262 532 464 604 noscuntur,
487 520 570 588 dum
585 520 655 610 ipsi
666 519 782 588 adhuc
807 522 899 589 uteri
912 519 1035 611 infulis
1049 522 1147 614 opud
1168 524 1241 592 ido-
1266 516 1272 525 ’

100 611 140 687 do
155 606 329 697 confectio
343 608 500 674 redimiti
506 608 691 707 genimina
709 630 775 673 auo
791 607 1051 689 daemoniorum
1068 613 1240 679 condiclo-

97 696 139 763 ’σα
148 688 380 784 profitentur,
402 695 535 759 domm
554 703 661 780 portu
682 692 842 758 Lucinae
859 704 894 760 et
907 695 1051 761 Dionae
1072 698 1240 788 ejulatur,

99 782 186 847 dum
208 803 279 869 per
303 791 415 846 totam
435 778 691 845 hebdomadam
723 778 855 846 Junoui
878 804 999 847 menon
1019 784 1240 873 proponitur,
1296 855 1299 859 ,

102 867 185 932 dum
198 867 327 932 ultimo
340 865 397 930 die
402 866 493 954 fato
506 865 694 931 scribundo
707 865 944 951 advocantem
962 880 1072 957 'postea
1083 873 1240 936 lustricum

99 957 264 1019 infantium
289 954 372 1019 diem
390 956 597 1018 celebrabant:
629 955 680 1041 qui
701 955 760 1016 fuit
777 964 846 1017 octa
889 958 1109 1042 epocharum,
1138 980 1239 1030 nonus
1327 976 1330 981 '

97 1061 283 1128 puerorum,
304 1040 475 1103 auctoribus
491 1036 600 1129 Festo,
615 1039 782 1102 Plutarcho
798 1037 839 1119 [Q
862 1052 936 1104 aest.
947 1038 1039 1104 Rom.
1051 1065 1083 1128 p.
1100 1044 1173 1109 288.
1187 1042 1238 1127 Β.]

98 1149 135 1189 ac
148 1127 310 1190 Macrobio
325 1123 362 1205 [l‚
381 1126 449 1203 161:
472 1125 524 1187 ille
536 1123 601 1188 dies
616 1137 647 1187 et
660 1122 823 1187 lustricus
833 1127 1022 1206 nominatur,
1044 1129 1114 1214 quia
1130 1132 1290 1202 lustra-198

98 1216 188 1276 batur
202 1213 305 1275 infans
315 1209 399 1285 (ideo
415 1207 575 1272 lustralis
590 1208 794 1273 solemnitas
808 1209 916 1274 dicitur
926 1210 1115 1294 Symmacho
1127 1216 1160 1276 in
1173 1215 1239 1317 epi-

98 1300 177 1367 stola
199 1296 241 1360 ad
253 1296 436 1360 Flavianum
455 1294 607 1378 fratrem);
637 1297 713 1359 item
737 1294 938 1378 nominalis,
969 1299 1039 1384 quia
1057 1321 1175 1371 nomen
1193 1303 1239 1364 illi

89 1396 165 1455 ‘tum
183 1381 363 1460 indeha‘tur,
386 1379 470 1467 quod
490 1394 609 1467 praeter
624 1385 687 1460 jam
701 1380 797 1445 dictos
811 1394 936 1446 testatur
951 1381 1114 1448 Suetonius
1128 1386 1160 1447 in
1173 1385 1238 1449 Ne-

96 1487 176 1533 rone
198 1469 298 1554 capite
323 1464 380 1531 Vl.
424 1464 629 1530 Tertullianus
654 1489 724 1530 eam
756 1466 839 1530 diem
857 1462 1073 1533 hebdomadae
1097 1471 1237 1534 ultimam

86 1564 200 1635 'vocat
222 1552 308 1640 quod
320 1575 385 1615 non
397 1564 545 1636 repugnat
558 1553 596 1631 ei,
619 1551 703 1699 guod
718 1552 866 1639 diximus:
887 1575 961 1617 nam
972 1555 1092 1620 videtur
1105 1556 1166 1635 illa,
1182 1579 1237 1619 cu-

95 1644 144 1720 ju's
159 1638 305 1703 meminit
318 1637 532 1716 Tertullianus,
555 1640 616 1700 heb
640 1660 727 1703 omas
742 1640 884 1719 religiosa
896 1663 961 1703 non
972 1642 1074 1705 statim
1092 1664 1110 1704 a
1126 1643 1239 1708 nativi-
1333 1698 1336 1705 .

96 1736 191 1789 tatae
253 1736 284 1786 ta
298 1725 410 1802 nasse,
433 1734 466 1785 ut
481 1722 558 1785 nihil
571 1736 654 1786 vetet
671 1723 755 1785 diem
775 1723 906 1787 eandem
931 1727 1071 1796 ultimam
1090 1749 1158 1790 esse
1180 1730 1238 1791 he-

95 1811 214 1876 bdoma
237 1832 274 1872 ae
299 1822 331 1873 et
352 1809 515 1872 nabutatis
535 1820 676 1872 octavam
697 1813 749 1872 vel
762 1831 895 1874 nonam:
916 1809 1002 1873 idem
1018 1810 1238 1878 eruditissimus

95 1896 364 1983 scriptoriolum
380 1894 420 1956 de
433 1891 613 1957 idololatria
624 1895 662 1976 [c.
680 1899 731 1968 16]
754 1916 824 1957 eam
845 1894 930 1959 diem
947 1893 1157 1960 Nominulio
1181 1920 1198 1961 a
1332 1892 1339 1900 ’

95 1985 205 2069 pellat,
229 1979 393 2063 Gregorius
407 1978 618 2043 Nazianzenus
635 1974 898 2069 Ὀνομασιήρια,
920 1983 971 2044 alii
987 1979 1095 2046 Graeci
1116 1979 1237 2068 ἑορτην
1343 1998 1345 2003 “

95 2064 282 2152 ὀνομάτων.
325 2065 381 2129 Iha
404 2064 454 2127 die
470 2087 599 2150 puerum
620 2067 803 2145 lustrabant,
830 2089 947 2130 nomen
970 2069 1014 2130 illi
1033 2069 1306 2154 imponebantlltlh)
1340 2067 1343 2071 ’

96 2176 130 2217 ac
145 2166 221 2219 vota
234 2175 290 2240 pro
303 2172 341 2215 eo
353 2151 515 2213 faciebant.
559 2149 622 2214 Sed
643 2153 807 2237 praecipua.
826 2154 933 2234 religio
952 2153 985 2215 in
1008 2155 1156 2217 electione
1175 2179 1236 2218 no-

94 2241 203 2319 minis,
225 2241 259 2301 in
274 2260 335 2324 quo
349 2258 472 2322 semper
494 2259 587 2298 omen
608 2240 726 2317 futurae
742 2238 892 2300 felicitatis
913 2261 947 2301 ca
970 2242 1083 2302 tabant.
1125 2241 1237 2304 Auctor

96 2338 142 2390 est
154 2328 266 2389 beatus
289 2323 527 2404 chrysostomus
545 2322 577 2383 in
594 2320 650 2384 IV.
675 2334 766 2408 caput
786 2323 894 2409 prioris
926 2260 968 2386 ad
986 2324 1159 2389 Corinthios
1184 2327 1232 2413 [p.

96 2415 159 2476 107
174 2410 216 2475 T}
235 2409 280 2473 X.
297 2408 344 2472 ed.
362 2410 453 2486 nou]
475 2409 570 2470 moris
588 2409 683 2487 foisse
704 2407 804 2470 adhoc
821 2420 919 2472 aetate
934 2431 989 2473 sua
1007 2415 1235 2490 nonnuhor'um,

95 2497 147 2583 qni
161 2518 219 2583 pro
238 2494 417 2560 Christianis
437 2493 544 2555 haberi
564 2495 726 2571 volebant,
749 2495 904 2577 ut'iulanti
924 2518 1041 2559 nomen
1062 2498 1235 2583 imposituri
1290 2544 1293 2551 .

95 2583 213 2659 lmnina
231 2581 328 2643 multa
343 2577 559 2656 accenderent,
580 2600 672 2642 suum
685 2580 792 2664 cuique
805 2602 922 2643 nomen
936 2583 1144 2663 assignantes:
1163 2592 1236 2670 puta
1298 2594 1301 2603 “

94 2669 148 2730 uni
160 2667 271 2731 lumini
284 2666 404 2730 Zosimi
422 2665 659 2750 appellationem
676 2664 837 2745 indebant,
859 2666 945 2729 alteri
964 2667 1126 2753 Stephani,
1147 2669 1236 2732 tertio
1325 2728 1332 2738 ,

94 2752 254 2840 Procopii,
278 2764 308 2814 et
323 2753 364 2812 ita
375 2752 408 2812 in
424 2749 565 2813 caeteris:
588 2762 678 2835 atque
692 2753 755 2829 ejus
772 2748 914 2831 demum,
937 2751 1021 2838 quod
1037 2753 1162 2816 caeteris
1181 2775 1236 2817 ex-

94 2838 198 2902 tinctis
218 2837 441 2923 supervixerat,
479 2856 595 2897 nomen
621 2836 803 2921 arripiebant
830 2858 865 2899 ac
893 2859 988 2923 puero
1016 2839 1235 2924 imponebant:
1309 2833 1312 2838 ¹

105 2917 196 2989 ‘vinu
210 2919 269 3002 do,
293 2923 406 3008 inquit,
428 2922 603 2984 aelstano:
624 2918 661 2984 τό
678 2921 815 2986 παιδίον
830 2918 904 3006 δέῃ,
928 2918 1067 3005 ἀφέντες
1087 2917 1152 2988 tut
1167 2925 1236 2988 coin
1257 2932 1261 2940 '

136 3009 201 3076 bro
214 3003 298 3074 abab
310 3010 441 3086 καλεῖν,
463 3002 510 3082 oi:
522 3005 556 3070 ol
569 3003 704 3076 παλαιοὶ
717 3003 754 3071 τὸ
768 3009 904 3090 πρῶτον
916 3003 1071 3089 ἐποίουν,
1092 3005 1234 3092 λύχνους

96 3103 242 3175 αψαντες
254 3091 311 3158 καὶ
326 3084 475 3174 ὀνόματα
489 3087 603 3167 αὐτοῖς
619 3087 818 3169 ἐπιτιθέντες
831 3089 890 3157 τὸν
905 3091 1233 3200 διαρκέσονταμέςρι

95 3182 225 3247 πολλοῦ
238 3181 300 3244 τοῦ
310 3178 446 3244 παιδίον
461 3180 618 3251 ποιοῦσιν
631 3171 828 3260 ὁμώνυμον,
853 3175 1009 3243 ἐντεῦθεν
1022 3175 1130 3265 nolon
1148 3176 1285 3257 αυτόιςς

96 3263 330 3352 στοχαζόμενοι
343 3260 525 3348 βιώσεσθαι
537 3259 671 3346 χρόνον.
718 3263 886 3350 captabant
902 3265 1012 3329 eadem
1027 3268 1130 3328 omina
1149 3279 1179 3329 et
1194 3289 1234 3329 ex

96 3355 161 3419 eliis
182 3356 294 3433 rebus:
316 3349 487 3431 cujusmodi
504 3361 575 3412 suut
595 3349 656 3411 loci
678 3351 884 3437 temporisque
902 3346 1125 3434 περισσάσειςε
1150 3355 1233 3432 cujus

96 3440 138 3504 rei
150 3439 296 3524 exempla
309 3436 424 3500 suntin
437 3435 571 3498 historiis
585 3446 732 3498 veterum.
774 3436 871 3522 Atque
886 3439 947 3500 hoc
971 3449 1032 3518 est,
1058 3436 1142 3524 quod
1156 3437 1234 3501 Ter-

95 3528 238 3601 tullianus
251 3534 344 3587 vocat
351 3519 439 3608 fotu
458 3512 646 3607 scribunda
659 3517 854 3585 aduncare:
878 3526 962 3602 cujus
977 3524 1072 3586 moris
1090 3535 1119 3586 et
1134 3524 1234 3587 Auso-
1290 3540 1292 3554 ²

96 3612 163 3676 nius
186 3609 345 3687 meminit,
375 3620 408 3670 ut
428 3607 603 3670 observavit
629 3628 757 3689 magnus
778 3606 926 3689 Scahger,
971 3610 1004 3671 in
1026 3608 1233 3675 Parentalibus

95 3699 231 3775 scribens
246 3693 286 3757 de
299 3694 428 3756 Aemilio
441 3692 557 3772 Magno
576 3691 719 3771 Arborio,
743 3697 893 3758 avunculo
910 3693 1012 3770 [carm.
1026 3692 1083 3771 III,
1100 3700 1138 3759 21
1159 3697 1234 3779 sq.]:

181 3779 243 3848 Me
257 3776 338 3859 tihi,
362 3799 416 3840 me
426 3775 588 3866 patribus
604 3776 750 3841 eborum
762 3778 857 3863 [edda
881 3777 1029 3949 clorpm]
1044 3776 1147 3842 decus
1161 3799 1235 3842 esse

913 3885 952 3928 ro
972 3884 1064 3928 cneus

224 3947 387 4018 Dictoati
398 3944 493 4034 fotis
509 3947 614 4014 verba
628 3946 781 4013 notando
794 3885 911 4028 ιἠεἰοξ
1061 4005 1064 4010 ,

94 4043 241 4108 videntur
260 4041 338 4101 haec
358 4056 436 4122 quae
458 4039 611 4099 vocabant
621 4036 709 4121 foto
729 4038 762 4098 in
783 4035 916 4123 quadam
934 4039 1036 4100 tabula
1059 4034 1147 4100 solita
1165 4056 1236 4136 per-

95 4130 204 4194 scribi:
229 4146 304 4189 nam
329 4130 360 4184 et
385 4122 520 4185 Joannes
542 4122 778 4202 chrysostomus
804 4122 911 4186 similis
934 4124 1064 4186 tabellae
1084 4120 1234 4199 meminit,

136 4237 174 4278 ae
197 4221 343 4277 nascente
361 4207 476 4269 infante
497 4209 691 4274 scribebatur.
734 4207 838 4271 Verba
859 4209 940 4272 illius
961 4209 1083 4272 suntin
1103 4227 1173 4268 eam
1193 4204 1235 4267 ad

94 4237 238 4378 ἓιοῐαῐοε,
260 4296 314 4359 ubi
326 4293 456 4374 graviter
471 4295 661 4378 conqueritur
673 4295 721 4358 vir
737 4294 805 4380 pius
822 4291 861 4356 de
883 4315 958 4357 ausu
979 4294 1096 4358 nefario
1114 4311 1233 4367 eorum,

94 4389 146 4474 qui
159 4386 291 4450 tabellas
305 4378 469 4465 impietatis
481 4380 601 4463 plenas,
628 4401 698 4443 cum
715 4380 847 4443 infantes
866 4391 1074 4457 nascerentur,
1102 4377 1234 4441 sennen

95 4472 194 4538 soliti:
219 4461 387 4553 Ἑλλήνων
407 4460 488 4549 ἔθη,
509 4464 624 4551 inquit,
646 4461 739 4550 παρά
754 4477 820 4530 τισι
841 4467 910 4530 τῶν
922 4457 1090 4550 ἡμετέρων
1103 4453 1234 4545 φνλάτ-
1297 4448 1301 4455 ”

1112 4689 1116 4699 ἱ
1183 4691 1186 4695 ,
1257 4656 1261 4663 ¹
1290 4676 1298 4689 ι

1141 4722 1149 4737 1
1249 4710 1323 4771 Γιῂί

1017 4898 1025 4909 e
1170 4860 1175 4875 Ι
1222 4852 1235 4871 q
1268 4860 1291 4903 ..ἴ
