2700 4972
369 320 433 407 ru
457 316 626 405 rsustt
649 318 961 395 serraturis
1053 420 1057 433 Ι
1166 330 1233 403 sos

83 493 230 587 cogitent
242 494 543 603 occulorumpupillas
556 499 656 559 solent
669 506 772 561 tenere
786 494 940 565 immotus
975 499 1064 567 Philo
1078 500 1231 572 iudaeus:
1303 560 1306 565 .

84 579 128 648 ἐν
141 585 193 671 τῷ
210 582 398 666 λογίζεσθαι
411 605 433 665 η
446 585 583 646 σκοπεῖν
603 602 636 646 τι
649 577 833 667 πεπήγασιν
849 584 886 650 ai
900 582 999 668 κόροι
1011 582 1140 671 τρόπον
1154 612 1233 658 τινα

85 672 327 735 σνννοοῦσοιιι
355 669 432 730 liunt
458 668 543 730 enim
564 669 680 731 similes
703 665 924 748 decrescente.-
949 675 1236 761 proprium-autem!

88 756 210 819 ecstasi
221 755 324 841 sopire
340 774 446 837 seusus
468 764 499 816 et
519 774 610 816 usum
628 774 737 817 eorum
755 754 906 820 adimere:
927 758 998 843 quis
1010 761 1105 840 igitur
1119 765 1284 829 oculossst

92 839 247 919 dejiciunt
265 852 296 903 et
311 850 422 902 'tenent
435 840 597 918 immotos,
617 837 690 901 ideo
704 839 757 925 qui
773 840 958 906 meditantur
975 856 1087 908 terrem
1110 869 1252 911 cernere-

94 925 274 1008 dicuntun!
285 924 371 989 Plato
384 926 416 987 in
427 922 581 987 Alcibiade
594 935 707 1009 poster.
721 924 825 1007 [init]:
847 925 953 1013 φαίνῃ
966 927 1004 1012 γέ
1017 951 1050 994 σι
1063 926 1234 1015 lnsvuoo-

93 1009 245 1076 πακέναι
264 1031 298 1075 τι
321 1006 379 1074 καὶ
401 1008 447 1085 εἰς
475 1011 539 1092 γῆν
567 1005 718 1093 βλέπειν,
748 1006 793 1086 ὥς
817 1033 848 1076 τι
868 1012 1130 1099 σνννοούμενοςε
1159 1040 1233 1099 ergo

94 1097 195 1159 etiem
216 1099 273 1160 iste
299 1096 340 1157 ait
359 1097 561 1183 philosophos
585 1106 698 1159 terram
722 1098 829 1160 acriter
848 1099 975 1165 intueri:
1002 1123 1078 1164 nam
1102 1105 1162 1165 boc
1187 1115 1235 1168 est
1302 1135 1321 1184 ,·

82 1176 224 1270 figere·
236 1179 367 1244 lumine
387 1178 521 1243 terram
536 1181 681 1260 Horatio,
703 1181 825 1258 Persio,
855 1183 973 1266 Statio,
994 1188 1062 1250 aliis
1079 1181 1153 1252 o'orl
1171 1188 1234 1253 τοῦ

95 1267 203 1333 defixa
215 1268 303 1330 bruni
316 1266 432 1329 lumina
445 1277 549 1330 tenere
570 1268 621 1329 vel
640 1268 732 1345 figere
753 1269 787 1329 in
805 1279 917 1333 terram
933 1272 1067 1335 lumina:
1087 1275 1131 1338 ita
1149 1274 1235 1343 enim

94 1356 274 1439 loquuntur.
309 1351 492 1433 Augustinus
506 1352 634 1437 epistola
647 1350 740 1416 (3er
764 1349 869 1417 Oculi
880 1355 997 1436 vestri,
1011 1356 1080 1422 etsi
1088 1357 1234 1442 jaciun-

96 1435 278 1503 turmali
299 1456 396 1513 uem,
407 1430 622 1527 figanturin
640 1435 821 1503 neminem.

187 1526 240 1589 81.
261 1458 446 1588 Aur-mura
471 1542 550 1585 cum
570 1542 690 1585 aecum
712 1531 747 1585 et
764 1520 904 1587 rabiosa
921 1522 1064 1590 silentiu
1084 1526 1235 1610 rodunt]

98 1606 212 1673 Solent
233 1610 321 1673 multi
348 1610 427 1670 inter
447 1606 658 1670 meditandum
689 1610 904 1689 cogitationem
930 1632 1085 1676 murmure
1112 1615 1236 1696 agitare,

96 1708 134 1759 ut
157 1696 201 1757 ait
222 1691 431 1775 Quintilianus
453 1695 507 1756 lib.
528 1691 573 1755 X.
599 1714 664 1779 cap.
686 1691 734 1756 111
754 1692 799 1776 [§.
819 1695 890 1776 15].
931 1696 1135 1764 Aristaenetus
1156 1701 1235 1762 libro

97 1779 239 1849 secundo
253 1772 352 1867 [epist.
365 1779 396 1858 3]
416 1777 456 1841 de
472 1777 639 1847 caussidicn
655 1778 840 1844 meditante:
858 1777 916 1845 sal
932 1776 1014 1846 tna
1027 1778 1136 1867 δήπου
1152 1780 1237 1863 πρὸς

96 1861 223 1931 ἑαυτόν
242 1864 429 1947 deducitur
453 1863 609 1927 silentium
626 1874 730 1926 autem
749 1866 898 1928 familiare
918 1867 973 1948 iis,
1023 1870 1055 1930 ui
1078 1871 1110 1931 in
1127 1870 1236 1933 studiis

93 1952 180 2017 setin
194 1962 366 2025 versentur:
388 1946 460 2013 ideo
468 1949 612 2011 Aretseus
621 1946 672 2012 De
686 1948 779 2012 tardis
791 1952 907 2015 morbis
921 1890 1051 2039 capit
1067 1954 1236 2041 depingens

93 2037 235 2101 bominis
255 2033 386 2101 studiosi
403 2034 500 2100 ritum
526 2054 589 2097 nou
616 2036 818 2120 praetermisit
835 2038 915 2100 hanc
940 2048 1064 2103 notam
1094 2045 1166 2116 τοῖς
1188 2037 1224 2105 di

95 2123 140 2186 sit
164 2124 208 2209 [p.
227 2125 273 2189 '57
288 2121 328 2183 E:
346 2120 490 2198 Boerh.]‚
519 2115 666 2201 σηκεὸιόν
688 2115 747 2203 μὲν
770 2122 833 2185 τοῦ
857 2117 1013 2205 σκήνους,
1042 2118 1158 2208 ἅχροοι
1179 2089 1238 2191 itui

95 2203 134 2274 dv
154 2203 288 2292 νεότητι
306 2203 461 2292 γηραλέοι
487 2201 544 2285 καὶ
566 2200 629 2268 ὑπ’
658 2201 788 2288 trucior
817 2226 864 2271 κω
895 2206 941 2271 oi:
972 2208 1015 2272 ita¹
1033 2211 1237 2291 scribendum,

94 2313 162 2358 non
181 2303 218 2356 ut
236 2291 352 2356 editum
373 2304 419 2355 est
435 2292 578 2371 κοῦφοιι
604 2288 676 2353 ideo
696 2304 800 2354 autem
820 2228 977 2374 radiosa,
999 2296 1068 2379 quia
1088 2295 1127 2359 de
1145 2300 1239 2385 plebe

95 2380 206 2465 aliquis
221 2376 423 2442 meditantem
438 2397 564 2438 cernens
580 2387 611 2437 et
627 2379 693 2455 ejus
708 2389 832 2457 gestus,·
847 2380 900 2464 qui
919 2379 989 2441 heic
1006 2392 1165 2463 nolanum,
1187 2387 1239 2444 fu-

95 2466 214 2530 riosum
231 2465 365 2549 putabit,
387 2474 419 2524 ut
432 2463 510 2524 inter
525 2459 624 2525 rabidi
645 2464 728 2526 canis
744 2475 833 2526 notes
849 2465 971 2553 ponitur
986 2466 1132 2549 medicis,
1154 2467 1240 2556 quod

97 2552 202 2614 u'ullos
214 2552 338 2613 latratus
353 2547 432 2610 edat.
1198 2598 1201 2604 ,

184 2638 240 2700 82.
269 2631 384 2721 Atque
410 2639 610 2718 exporrecto
631 2629 848 2697 trutinantur
871 2630 978 2699 verba
1006 2632 1174 2743 lateant
1193 2635 1242 2702 Ita

92 2722 135 2787 'tlt
153 2739 309 2800 murmur,
336 2720 487 2783 labiorum
504 2720 705 2781 motitatione.
752 2719 956 2784 Aristaenetus
976 2721 1109 2785 ibidem:
1134 2717 1242 2807 ηρέμα

98 2802 149 2873 vd
171 2808 257 2890 χεῖλε
280 2806 374 2869 κινεῖ.
418 2805 608 2885 [Labrorum
636 2806 827 2892 exporrectio
851 2818 954 2886 gestus
983 2807 1160 2872 adrniramis
1189 2811 1241 2875 vel

101 2889 300 2975 cogitabundi
315 2890 486 2977 peculiaris.
513 2886 586 2971 Pb]
676 2970 682 2983 ·

191 2981 244 3043 83.
274 2974 424 3064 Aegroti
445 2974 572 3039 veteris
588 2970 795 3036 meditantes
813 2972 973 3057 somnio]
1003 2975 1079 3040 Sani
1096 2977 1242 3041 homines

102 3074 177 3128 sunt
195 3056 382 3143 εὐόνειροιι
402 3063 521 3124 turbato
537 3061 669 3146 corporis
685 3071 765 3122 statu
780 3064 937 3124 turbantur
950 3072 980 3124 et
997 3064 1137 3139 somnis3
1157 3061 1243 3149 qued

104 3160 136 3213 et
146 3145 277 3213 medicis
283 3149 366 3211 'inter
381 3149 468 3227 signa
484 3146 586 3209 morbi
598 3147 786 3207 imminentis
809 3158 994 3209 numeratur.
1242 3174 1296 3234 293

192 3233 244 3301 84.
277 3230 388 3321 Gigni
411 3229 470 3296 De
498 3228 608 3294 nitito
638 3228 789 3293 nibilum
814 3231 1047 3313 [Recentiorum
1087 3232 1240 3318 mounque

100 3318 243 3386 Codicib.
264 3321 314 3383 'usi
327 3329 415 3383 sunt:
438 3314 538 3395 nihil,
561 3329 680 3404 praeter
692 3316 754 3396 Pt.;
774 3316 922 3399 schyb.
943 3255 1147 3404 quoqueAIS.
1160 3318 1241 3381 duo-

98 3410 159 3473 bus
178 3404 256 3470 locis
275 3416 446 3468 constanter
458 3399 569 3481 nituit,
593 3400 795 3471 inruilrilum
807 3401 858 3466 nit
868 3423 968 3488 posse
983 3403 1133 3484 reverti]
1156 3404 1242 3485 Phy-

96 3495 234 3557 sicorum
254 3492 378 3554 axioma
396 3490 649 3570 uulgatissimum.
691 3487 812 3550 lllarcus
833 3509 956 3574 quoque
974 3489 1143 3576 Imperetur
1162 3491 1241 3553 libro

98 3575 297 3727 qparto'[§34
315 3576 437 3725 3ῗέἑὲ
448 3569 550 3724 0ng
564 3569 601 3639 ἐκ
621 3573 683 3638 τοῦ
697 3568 839 3659 μηδενός
856 3570 1002 3665 ἔρχεται,
1023 3570 1136 3658 ὥσπερ
1160 3566 1243 3659 μήδ’

96 3683 146 3741 ις
168 3684 347 3815 τὲὄὲυῖῑῖἕο
371 3753 423 3823 est
440 3680 534 3830 ‘diroti
550 3740 712 3828 pollesi]
751 3742 870 3807 Seneca
895 3744 1024 3830 epistola
1041 3742 1180 3810 XLVIII
1204 3741 1245 3806 de

95 3836 266 3925 puerilibus
281 3834 450 3914 logicorum
462 3833 605 3920 ineptiis:
627 3831 689 3893 troc
706 3826 865 3915 estquod
886 3827 1002 3892 tristes
1024 3828 1187 3895 docemus
1212 3836 1247 3893 et

92 3915 256 4010 pallidi?
279 3918 358 3982 adeo
372 3917 497 4003 quidem
519 3918 633 4004 palle're
647 3918 729 3978 soliti
750 3917 947 4002 philosophi,
969 3928 1003 3978 ut
1022 3912 1248 3999 ἑνινόχροιτες,

98 4009 187 4097 quasi
202 4028 269 4069 non
283 4007 414 4067 multum
428 4024 446 4065 a
458 4004 587 4065 mortuis
603 4002 765 4078 differrent,
774 4004 866 4081 vulgo
884 4001 1061 4069 dicerentur.
1083 4005 1248 4103 Alciphron

100 4112 121 4159 e
141 4094 234 4157 istola
252 4092 370 4154 terties·
387 4082 519 4171 ἥκουσα
541 4083 615 4164 ἑνός
638 4090 706 4151 τῶν
728 4082 764 4149 ἐν
786 4088 827 4171 τῇ
844 4085 985 4171 Ποικίλῃ
1010 4088 1250 4170 doctosdoctorss

102 4172 330 4261 ὀννιιοδήνιον
346 4169 403 4239 καὶ
414 4170 634 4259 ἐνιοόχρωτος
646 4170 806 4255 στιχίδιον
819 4164 1130 4257 ἄποφθενγομὲνοο.
1161 4167 1250 4256 Apud

101 4262 377 4331 saresberiensem
390 4262 501 4343 legitur
516 4259 597 4321 ‘Hoc
625 4267 677 4321 est
691 4277 754 4321 cur
770 4254 904 4342 pullat.⁸
925 4261 1028 4323 smnus
1048 4263 1202 4342 eleganter
1219 4265 1251 4317 et

127 4346 281 4439 erperur'm
332 4344 398 4429 [Sic
419 4346 512 4409 etiam
532 4350 552 4410 6
573 4343 721 4409 Coddet
742 4346 859 4433 aliquot
879 4342 967 4430 edd3
992 4345 1049 4413 sed
1065 4364 1097 4413 r·
1120 4344 1251 4414 Weber.

104 4372 289 4505 Iiasauboni
315 4429 463 4515 judicium
481 4430 734 4511 confirmantem]
