2700 4972
164 346 206 397 ιν
303 428 306 433 Ι
532 324 985 419 interimo.
1083 324 1086 329 ·

165 504 445 586 additamentis
466 516 645 603 auctum,
679 531 781 611 quae
802 533 823 581 a
849 506 1064 584 lectoribus
1094 507 1297 585 desidera-

118 752 121 757 ·
165 678 255 741 tum
272 661 319 736 iri
343 658 584 738 credebam'
619 664 728 738 Nam.
738 674 898 761 praeter
914 660 1100 740 locorum
1124 664 1179 740 ibi
1203 665 1297 740 cita-

165 833 321 912 torum,
341 818 393 890 ¹si·
409 813 660 891 voluminosa
682 813 769 891 fere
791 820 956 892 Patrum'
982 833 1021 896 et
1041 819 1297 918 Chronogra-

164 973 345 1076 phorum
369 972 512 1072 scripta
536 971 721 1071 excipias,
753 972 968 1049 accuratius
989 974 1299 1051 indicandorum

47 1177 51 1187 ·
168 1151 404 1206 aerumnam
426 1126 623 1201 editiones
643 1129 888 1203 recentiores
901 1130 1092 1227 Passovii‚
1125 1132 1298 1209 Achain-

166 1286 249 1383 trii,
278 1282 436 1379 Orellii,
462 1280 654 1376 Weberi,
682 1281 843 1378 Plumii,
879 1282 1175 1363 dissertationes
1184 1287 1298 1364 ·Mei-

105 1462 110 1479 ’
168 1441 281 1538 steri,
305 1436 549 1533 Schindleri‚
584 1434 738 1536 aliaque
761 1435 813 1511 de
827 1439 968 1514 Persio'
984 1440 1126 1541 scripta
1141 1404 1299 1519 summa

89 1624 96 1639 ,
134 1674 140 1682 ,
169 1622 261 1672 cura
278 1595 424 1689 excussi
441 1592 748 1695 casaubonique
762 1594 1057 1701 commentariis
1076 1620 1122 1673 ea
1137 1598 1298 1695 inserui,

170 1778 273 1855 quae
294 1751 343 1827 ab
360 1748 441 1823 aliis
460 1748 524 1822 vel
539 1762 631 1848 post
653 1773 747 1824 eum
769 1748 851 1823 sive
869 1748 1067 1863 Codicum
1082 1752 1298 1831 collatione

169 1911 250 1984 sive
278 1904 405 1982 doctis
437 1904 735 2004 quaestionibus
764 1906 925 1997 inventa
951 1917 1084 1981 essent
1110 1906 1300 1985 meliora:

168 2088 223 2140 ne
238 2024 368 2139 lector
389 2070 549 2158 praeter
564 2058 668 2135 hanc
691 2050 912 2136 editionem
936 2058 1007 2135 alia
1024 2076 1188 2163 quoque
1203 2063 1299 2137 sub-

76 2250 86 2299 :
171 2216 268 2295 sidia
296 2186 1068 2314 'circumspicerecogeretur.··1ndicari
1094 2216 1232 2315 etiam,
1266 2218 1299 2292 si

171 2401 250 2478 qua
272 2358 511 2461 Cas'aubono
533 2372 693 2449 brevius
717 2384 880 2448 tractata
905 2373 955 2449 ab
976 2372 1051 2451 illis
1071 2374 1299 2475 interpreti-

171 2530 247 2605 bus
266 2528 431 2605 uberius
447 2524 715 2627 exponuntur.
767 2494 952 2631 Denique
979 2528 1109 2631 aliqua
1134 2552 1300 2632 quoque

170 2684 395 2780 meadedi,
419 2682 535 2785 plura
552 2684 594 2758 in
610 2682 856 2761 scholiorum
874 2664 1129 2784 collectione,
1150 2690 1255 2787 quae
1276 2709 1299 2761 e

172 2840 388 2922 Codicibus
416 2816 759 2941 praestantissimis
785 2838 864 2938 jam
893 2838 1088 2942 'paraturs
1118 2840 1301 2918 daturus:

170 2996 590 3076 Pseudo-Cornutum
621 2996 729 3070 enim
742 2994 892 3094 ¹injuria
919 2998 1067 3098 sprevit
1097 2995 1300 3073 Casaubo-

75 3122 80 3137 ¹
171 3179 266 3252 nus,
299 3126 437 3253 neque
466 3150 508 3224 in
533 3148 609 3227 hac
631 3150 809 3229 editione
830 3152 963 3253 recipi*
985 3150 1113 3228 voluit
1135 3150 1300 3227 redem-

170 3305 435 3413 ptor,·majus
458 3305 650 3395 volumen
673 3332 726 3383 ne
756 3304 958 3385 difficilius
978 3304 1177 3384 vendatur
1196 3307 1301 3382 veri-

86 3472 88 3477 ’
171 3460 254 3543 tusa¹
284 3459 578 3566 quare'factum
603 3478 682 3559 est,
716 3477 761 3540 ut
782 3476 964 3540 veterem
982 3464 1104 3540 vitam
1117 3462 1244 3538 Persii
1262 3475 1301 3539 et

172 3588 331 3697 scholia¹
349 3582 571 3695 l‘ithoeana
593 3620 679 3695 sine
705 3617 785 3694 ulla
812 3642 904 3695 mea
928 3620 1300 3719 curairepetantum

173 3774 360 3851 omittere
386 3786 521 3851 autem
542 3742 673 3870 nolui,
715 3798 769 3851 ne
800 3774 853 3850 ob
875 3771 1125 3874 plagulamm
1149 3772 1304 3874 aliquot

174 3929 462 4031 compendium
488 3943 651 4029 emptor
671 3928 960 4008 Casauboniani
992 3928 1126 4031 operis
1152 3926 1302 4030 aliquid

174 4084 428 4165 desideraret.
490 4084 572 4161 Sed
597 4088 743 4162 certior
760 4084 968 4162 faciendus
994 4108 1054 4176 es,
1084 4082 1186 4159 haec
1205 4107 1302 4183 qua-

171 4240 384 4344 liacunque
404 4237 499 4317 dedi
528 4242 736 4342 superiore
762 4266 868 4318 anno
891 4240 1035 4342 scripta
1057 4262 1145 4317 esse
1168 4251 1209 4314 et
1227 4238 1303 4311 im-

172 4421 324 4498 pressa,
362 4422 455 4475 cum
482 4396 640 4476 Gothae
661 4400 864 4475 Saxonum
889 4416 1181 4475 commorarer:
1207 4416 1303 4468 nam
