2700 4972
279 296 282 303 ’
322 310 386 381 sn
414 308 586 387 rursu
613 266 840 384 sarman
859 308 930 379 111.
1041 312 1047 323 ·
1120 298 1213 380 ¹'an

81 484 125 553 dis
143 482 238 549 donis
250 484 478 567 contra'legem
492 482 629 549 Cinciam
650 482 756 565 [latam
768 484 806 548 U.
827 482 863 551 C.
876 482 960 561 ⁸549,
982 483 1039 549 sed
1054 488 1119 567 jam
1142 496 1213 549 ante

82 572 243 639 Claudium
269 572 484 656 imperatorem
506 574 692 652 neglectam,
714 592 745 635 r.
768 571 814 635 Pl.
837 580 868 633 et
882 568 1035 653 Danaen]
1059 584 1160 650 notat,
1182 583 1213 634 et

82 680 187 722 eorum
207 657 440 733 illiberalitatem
460 658 646 742 perstringit,
668 656 719 741 qui
738 656 848 719 talibus
864 657 1041 721 muneribus
1058 659 1128 720 illos
1147 656 1264 719 ‹to-ast

82 755 185 807 narent
209 742 286 820 [iriro
302 740 383 803 r'ecte
402 744 584 804 observante
596 742 741 804 tlleistero
758 742 857 805 solam
874 754 961 805 notat
982 744 1141 809 avaritiam
1155 763 1213 827 pa-

82 840 255 907 tronorum,
278 848 355 912 quae
372 830 424 890 vel
444 829 481 887 ab
504 827 542 889 iis
567 826 649 889 dona
669 849 733 889 non
754 822 904 913 repudiet,
932 828 1040 912 quibus
1055 829 1132 890 nihil
1151 839 1214 890 erat

83 926 198 1000 praeter
220 934 347 976 suorum
366 932 508 992 agrorum
528 911 687 990 fructum]:
716 911 755 974 de
784 934 845 997 quo
871 916 957 1001 plura
977 913 1133 979 Juvenalis
1159 914 1214 975 illo

84 1002 147 1063 luco
161 999 282 1061 Satirae
299 994 372 1061 Vll.
407 991 586 1085 ¹[Pingues
602 996 734 1061 Umbros
750 999 878 1083 explicat
890 998 1052 1061 hleistems
1069 995 1111 1060 de
1127 996 1215 1061 locis

83 1080 372 1170 quibam-Persii
387 1081 483 1168 (Lips.
501 1084 596 1163 1810)
613 1106 643 1168 p.
659 1088 700 1148 56
715 1088 792 1145 bene
805 1084 943 1161 nutritos,
958 1086 1121 1147 habiliores
1136 1080 1217 1160 (der

82 1169 194 1234 durch
221 1167 297 1231 sein
321 1164 556 1231 Gerslenbrod
579 1165 836 1254 wolrlgem'tlnte
861 1166 1103 1250 &admonius
1134 1168 1218 1254 quod

79 1278 190 1322 venun
211 1276 281 1318 esse
307 1275 323 1315 a
345 1265 430 1339 paret
453 1256 548 1337 vetiam
577 1277 595 1317 e
621 1256 753 1316 collectis
778 1276 796 1314 a
817 1253 926 1335 Scalig.
956 1253 1157 1341 ap..Taubm.
1177 1253 1220 1317 ad
1327 1260 1330 1265 '

77 1340 180 1405 Plaut.
202 1341 271 1429 Mil.
291 1276 347 1417 lli
373 1344 399 1418 l,
422 1342 481 1419 53,
508 1340 602 1403 Voss.
622 1338 663 1401 ad
691 1338 797 1402 Catull.
817 1338 949 1419 XXIX,
977 1347 1032 1421 ¹13
1060 1339 1116 1403 scd
1135 1338 1221 1424 quod

77 1427 180 1493 Web.
201 1429 264 1489 huc
284 1428 376 1487 rel'crt
391 1424 574 1487 Umbrorum
596 1427 745 1575 populum
763 1426 857 1487 fuisse
878 1419 1093 1507 ἁβροδίαιτον
1113 1445 1221 1505 παροι-

77 1510 235 1597 utpotae
257 1532 293 1574 τι
315 1506 479 1591 βιοτεύειν
496 1514 566 1587 τοῖς
580 1515 631 1574 Au
655 1514 722 1589 οῖς,
744 1513 809 1589 ejus
825 1509 904 1575 fides
926 1524 991 1575 esto
1005 1532 1101 1599 penes
1116 1510 1221 1575 Theo·

79 1602 261 1687 poulpum,
282 1596 392 1661 Athen.
413 1592 488 1661 ΧΠ.
510 1618 540 1683 p.
555 1598 628 1663 527.
647 1596 700 1677 A.]

92 1724 96 1731 '
173 1710 389 1799 [7b-JPiper.
418 1714 594 1801 „Tempore
607 1712 703 1777 Persii
721 1714 809 1800 piper
826 1736 935 1780 rerum
953 1713 1095 1778 Indicum
1118 1716 1225 1797 magni

77 1803 216 1869 venibat
243 1812 275 1863 et
325 1796 450 1862 cadere
480 1798 676 1875 uniebatur,
713 1808 753 1861 ut
777 1820 903 1862 aurum
931 1800 990 1864 vei
1015 1811 1224 1887 argentum

77 1884 248 1954 P1.H.N.
329 1891 382 1973 ,7.
402 1884 518 1971 Piperis
536 1889 677 1948 arborem
691 1888 755 1963 jam
775 1884 899 1970 quidem
919 1885 1004 1950 Italia
1023 1888 1145 1965 habuit,
1169 1885 1227 1949 sed

77 1972 197 2047 ludica
216 1972 375 2037 viliorem:
399 1968 518 2033 decrat
536 1978 629 2033 tosto
650 1969 717 2033 itta
735 1971 921 2034 rnaturitas
943 1971 1085 2057 ideoque
1107 1982 1143 2035 et
1163 1992 1227 2034 ru-

77 2078 221 2147 garum
235 2054 436 2142 ‚colorisque
454 2053 658 2120 similitudo.
680 2056 755 2120 Plin.
770 2057 864 2119 ibid.“
906 2058 951 2120 Pl.
966 2080 984 2119 e
997 2057 1142 2121 Meistero
1158 2059 1179 2120 l.
1196 2059 1227 2135 l,

77 2146 138 2232 qui
151 2146 245 2307 hujup
263 2142 381 2224 generis
396 2144 482 2230 piper
497 2142 634 2207 Marsum
650 2144 791 2204 clientem
808 2155 938 2230 patrono
962 2142 1107 2207 obtulisse
1128 2143 1229 2217 anim-

77 2231 231 2299 advertit.
474 2258 477 2265 ·
988 2274 991 2281 .

177 2336 232 2397 76.
262 2326 457 2417 maenaque
487 2326 580 2417 qnod
602 2327 722 2414 prima
746 2314 900 2394 nondum
932 2326 1229 2417 defeceritorcoJ

79 2416 174 2491 Orca
204 2426 253 2481 est
278 2410 380 2498 ὕρχη,
413 2438 471 2502 qna
493 2418 631 2480 similiter
651 2414 760 2479 Graeci
784 2417 823 2479 ad
852 2421 1033 2480 salsamenta
1057 2419 1228 2479 utebantur.

82 2498 222 2571 suidas:
256 2495 404 2583 ὕρχας,
433 2498 575 2583 κεράμια
604 2496 718 2584 ἀγγεῖα
746 2498 947 2567 duodennio?
975 2501 1136 2585 ταρίχων,
1165 2496 1229 2565 δύο

86 2584 177 2657 (driu
193 2584 329 2670 ἔχονται
349 2591 415 2649 fere
429 2600 532 2651 tamen
546 2590 798 2652 salsamentorum
811 2610 886 2652 vasa
902 2600 933 2651 et
946 2585 1054 2651 Graeci
1067 2600 1097 2650 et
1111 2599 1231 2651 veteres

84 2670 196 2740 Latini
214 2670 375 2747 caramia
400 2672 555 2754 dixerunt,
588 2675 708 2759 prima
735 2696 819 2736 orca
843 2677 895 2738 vel
922 2696 996 2737 vere
1022 2675 1134 2759 prima,
1161 2694 1231 2733 cum

86 2765 198 2851 plures
219 2758 309 2820 datae
323 2759 434 2820 fuerint
451 2780 470 2821 a
485 2760 658 2838 clientibus,
680 2763 732 2824 rel
748 2784 804 2846 pro
817 2772 902 2845 parte
913 2761 1012 2845 prima
1025 2781 1060 2821 ac
1076 2759 1232 2843 superiore

92 2866 205 2924 orcae3
224 2842 311 2906 idem
324 2845 476 2928 utriusque
489 2846 740 2930 interpretationis
753 2858 798 2909 cst
810 2867 933 2909 sensus:
955 2856 1070 2921 tantam
1083 2840 1240 2924 ejusmodi¹
1268 2840 1284 2893 ἰ
1319 2900 1323 2907 .

92 2950 264 2997 muncrum
278 2931 399 3015 copiam
410 2931 515 2994 solitos
535 2943 679 3016 patronos
697 2934 851 3019 accipere,
872 2941 906 2991 ut
920 2952 1006 2993 orcas
1023 2931 1155 3011 integras
1166 2930 1235 2990 illa-

95 3030 145 3082 tas
160 3014 274 3103 perdiu
284 3022 427 3080 servent.¹
1228 3038 1233 3045 ·

188 3140 243 3200 77.
268 3130 339 3197 Hie
354 3131 484 3219 aliquis
498 3131 540 3196 de
555 3142 662 3223 gente
684 3132 823 3199 hireneo
841 3126 1083 3197 centurionum
1098 3129 1235 3210 Dicat]

99 3222 262 3287 Hactenus
281 3223 333 3283 liic
358 3221 465 3282 doctor
482 3222 524 3282 ita
545 3243 618 3284 suos
642 3220 805 3306 discipulos
833 3219 873 3283 ad
897 3221 1110 3306 philosophiae
1137 3216 1238 3281 studia

101 3302 256 3387 incitavit,
277 3317 422 3393 tanquam
435 3305 526 3391 ‘apud
543 3328 652 3369 omues
676 3317 826 3369 constaret
850 3306 888 3369 de
905 3308 984 3369 illius
1005 3305 1186 3392 praestantia
1207 3313 1239 3365 et

102 3394 144 3457 ad
158 3398 285 3457 beatam
297 3393 393 3456 vitam
408 3393 601 3455 necessitate:
623 3388 703 3454 nunc
724 3413 845 3455 memor
858 3390 978 3455 Romae
997 3414 1032 3455 se
1045 3394 1122 3453 haec
1140 3389 1239 3451 dicere

104 3479 309 3559 etinvenibus
322 3477 486 3556 Romanis,
508 3500 636 3563 quorum
648 3500 734 3540 aures
748 3500 855 3540 eorum
872 3480 1000 3542 vocibus
1016 3475 1151 3563 quotidie
1170 3496 1241 3559 per-

104 3567 275 3649 sonabnnt,
296 3564 348 3649 qni
356 3564 570 3649 philosophiae
590 3563 725 3627 studium
744 3562 909 3627 irridebant
932 3575 962 3627 et
985 3564 1157 3625 amoribus
1171 3560 1241 3621 Ro-

78 3656 83 3663 '
105 3652 208 3715 manis
228 3650 363 3711 alienum
376 3649 564 3729 dictitabant,
585 3647 625 3711 ad
646 3650 721 3712 istos
742 3650 912 3711 orationem
930 3649 1077 3711 convertit
1097 3658 1127 3711 et
1145 3647 1242 3709 vitam

105 3739 248 3824 ipsorum
269 3736 308 3796 ob
329 3734 405 3796 illud
426 3736 543 3819 ipsum,
567 3733 651 3820 quod
675 3736 903 3820 philosophiam
924 3745 1121 3821 aspernentur
1130 3738 1151 3809 ,¹·
1160 3731 1254 3803 vitiis

109 3823 256 3885 omnibus
267 3842 335 3883 esse
354 3821 519 3883 obnoxiam
533 3823 658 3906 probat;
680 3833 769 3905 atquc
781 3822 823 3883 ita
838 3812 939 3898 allicit,
960 3842 1000 3883 ue
1014 3817 1088 3904 quid
1098 3815 1244 3903 ponderis

109 3907 191 3993 apud
208 3906 375 3991 discipulos
391 3928 464 3968 suos
483 3908 594 3967 horum
609 3928 702 3969 voces
714 3909 853 3969 habeant.
897 3904 1035 3976 Primum
1045 3906 1136 3985 igitur
1149 3922 1246 3962 unum

110 3996 246 4079 aliquem
261 3994 390 4054 istorum
406 3991 520 4053 inducit
539 3992 701 4072 agrestium
715 4003 746 4053 ct
761 3992 936 4078 opicorum,
958 3992 1010 4075 qui
1028 3990 1069 4065 ad
1087 3985 1247 4071 studiarei
1316 4030 1320 4037 .

110 4080 266 4156 militaris,
288 4100 352 4140 non
371 4079 601 4163 philosophiae,
630 4077 789 4139 Romanos
808 4099 842 4139 se
864 4079 1015 4161 applicare
1032 4076 1144 4137 debere
1162 4072 1248 4152 jacti-

111 4169 232 4229 tabant:
255 4164 305 4227 his
316 4165 387 4229 toris
399 4186 516 4226 novem
530 4165 679 4226 continuis
691 4164 829 4226 versibus
844 4185 898 4224 eus
909 4160 1103 4246 reprehendit
1115 4180 1149 4221 ac
1161 4155 1249 4230 ridet,

132 4253 164 4313 ui
183 4250 362 4335 doctoribus
383 4250 548 4334 sapientiae
572 4271 697 4335 operam
719 4251 889 4329 navabant3
911 4247 1022 4311 deinde
1044 4242 1300 4330 sequcirtibus295

112 4274 237 4401 dnobus
252 4336 392 4400 rensibus
406 4334 574 4398 ostenditur
585 4338 646 4397 hoc
664 4334 749 4415 vulgi
761 4333 972 4397 Romanorum
993 4345 1024 4397 ct
1038 4335 1249 4418 plerorumque

113 4425 337 4489 omniumessu
349 4420 617 4503 judiciumanc'
636 4419 675 4486 de
695 4420 891 4511 philosophia
909 4419 1102 4489 sententiam.
1189 4444 1195 4451 ¹
