2700 4972
116 336 183 399 sss
224 301 228 309 ’
485 314 893 396 consensimus
942 328 946 335 ·

118 490 172 567 uti
189 492 344 566 cadauer
368 497 544 565 homiuem
567 506 744 573 mortuum
769 496 918 581 dixeris,
948 496 1244 583 simplicitatum

120 588 249 669 [verul]
269 585 445 653 bominem
468 585 651 673 appellare
670 586 887 672 nonpossis:
912 585 967 650 ito
987 585 1134 653 vitiosos
1146 584 1244 673 moloc

142 673 259 738 uidem
276 694 348 737 esse
364 671 608 751 concesserim,
633 669 697 735 sed
715 693 788 735 esse
808 671 966 737 obsolute
984 692 1159 759 nequeam
1175 694 1243 737 con·

115 698 235 846 {teris
258 768 323 823 est
343 758 436 822 enim
452 755 546 844 quod
561 756 721 823 o'rdinem
735 757 860 822 retinet
874 769 1060 845 seruatque
1075 768 1243 823 naturam.-

119 847 212 935 quod
226 867 307 911 vero
328 844 372 909 nb
387 845 455 909 lieo
471 840 603 929 deficit,
626 865 722 907 esse
743 843 867 923 etium,
912 845 985 909 uod
1002 844 1039 907 in
1057 843 1116 907 sui
1132 852 1244 909 nature

118 932 225 998 situm
240 940 302 1009 est,
315 928 534 1017 derelinquit.
565 931 684 995 Laudat
692 866 937 1017 Porphyriussse
948 931 1242 995 abstinentiaDerno-
1279 942 1284 1071 q

118 1021 206 1083 cratis
225 1018 384 1098 cujusdam
400 1038 514 1082 vocem
527 1018 736 1082 verissimam:
757 1019 919 1096 homines,
941 1019 1041 1103 quiin
1053 1019 1137 1081 vitiis
1151 1038 1243 1080 conse-

104 1116 252 1183 nescant,
274 1127 339 1167 non
355 1104 406 1167 diu
418 1106 534 1183 vivere,
549 1103 604 1167 sed
619 1107 713 1183 longo
726 1115 866 1189 tempore
878 1106 975 1167 mori:
1001 1098 1050 1168 Τὸ
1065 1105 1175 1177 κακῶς
1186 1104 1241 1187 ζῇν,
1282 1158 1284 1167 .

117 1194 159 1254 eit
172 1190 269 1268 [th.
286 1212 317 1277 p.
329 1189 403 1255 450.
419 1189 467 1253 ed.
477 1189 576 1270 Lugd.
595 1192 699 1268 tonet,
720 1184 835 1272 καὶμὴ
851 1189 1026 1272 φρονίμως
1042 1186 1114 1269 [nul
1129 1184 1241 1271 ooqqo'·

116 1279 194 1355 uos]
213 1273 270 1341 καὶ
292 1271 392 1350 ὁσίως
406 1269 627 1358 Δημοκράτης
652 1271 762 1357 ἔλεγεν
781 1269 823 1338 οὐ
842 1278 953 1351 κακῶς
975 1278 1036 1360 ζῇν
1051 1268 1155 1354 εἶναι,
1174 1270 1242 1339 tut

115 1357 225 1428 notis
239 1358 361 1445 χρόνον
373 1355 610 1444 ἀποθνήσκειν.

63 1459 118 1516 450
206 1450 277 1513 152.
301 1444 396 1511 Cirris
410 1455 444 1509 et
464 1467 586 1511 mones
599 1453 632 1508 et
638 1440 873 1533 fabulosus]
894 1440 996 1532 Impia
1009 1467 1077 1509 rox
1090 1440 1241 1531 Epicureo·

115 1557 184 1598 rum
206 1546 236 1597 et
256 1533 421 1612 similium,
451 1535 504 1618 qui
522 1544 593 1619 post
616 1544 750 1595 mortem
769 1552 932 1618 superesse
953 1530 1070 1617 aliquid
1096 1532 1250 1611 negabant,

64 1674 67 1679 .
116 1618 156 1704 de
171 1642 232 1706 quo
246 1621 400 1705 sapientes
419 1618 593 1683 dubitarunt
606 1639 783 1703 nunquamr
805 1619 981 1681 Aristoteles
995 1638 1072 1681 vero
1090 1618 1180 1679 etiam
1197 1614 1242 1677 ds-

115 1707 337 1769 monstratione
355 1706 522 1769 certissima
536 1705 631 1767 animi
647 1705 907 1767 immortalitatem
924 1705 957 1765 in
972 1703 1063 1767 tertio
1078 1701 1132 1783 [de
1144 1702 1240 1781 anima]

114 1791 274 1879 probavit:
302 1792 412 1854 sumsit
434 1794 478 1853 'ab
499 1791 645 1870 Horatio,
676 1811 822 1870 germano
847 1787 1015 1876 Epicureo:
1043 1810 1119 1851 nam
1138 1787 1242 1853 Persiu

116 1880 173 1942 sub
189 1877 341 1941 Luxuriae
354 1878 579 1963 personahaec
596 1878 738 1961 loquitur.
781 1875 864 1938 Sene
882 1874 922 1937 de
945 1894 1075 1961 corpore
1094 1896 1158 1937 non
1175 1874 1242 1935 mtte
1277 1866 1284 1921 i

115 1965 193 2027 haec
207 1962 267 2033 dici
307 1974 433 2042 essunt,
453 1974 484 2024 et
503 1964 545 2024 ita
561 1962 774 2044 Chrysostomi
790 1965 886 2026 verba
908 1959 1087 2045 accipienda
1102 1958 1241 2023 scribentis
1280 1958 1284 2033 ,ἱ

22 2088 27 2099 ·
115 2050 149 2111 in
162 2048 291 2111 LXXV
323 2064 382 2111 .su
404 2047 625 2127 erMetthseo,
647 2068 719 2111 cum
740 2046 920 2110 demortuo
942 2048 1138 2151 loquereturt
1159 2040 1241 2109 otili!
1277 2068 1284 2131 j

117 2128 294 2216 ὁρῶπλήν
315 2068 634 2216 inclamatoque
662 2130 718 2197 uui
746 2126 909 2216 ἀράχνης·
942 2150 1054 2195 nuato
1078 2128 1239 2213 incisori,
1282 2150 1284 2163 ·

116 2218 227 2285 πάντα
239 2218 348 2284 ἐκεῖνα
360 2222 486 2303 μῦθος,
508 2215 619 2283 πάντα
640 2214 726 2299 ὄναρ
749 2218 804 2283 nul
822 2214 899 2283 σκιὰ
921 2215 977 2282 καὶ
995 2213 1143 2301 διήγημα
1158 2212 1241 2295 ψιλὸν
1280 2214 1284 2284 l

116 2304 173 2370 stul
193 2301 319 2387 γραφή.
370 2303 543 2391 Aliquando
568 2304 651 2391 apud
674 2303 809 2369 Graecos
835 2304 945 2384 δρᾶμα
963 2302 1240 2386 plusquam-idest

115 2394 221 2456 fabula
239 2392 315 2468 fieri,
337 2389 377 2454 de
389 2414 427 2454 eo
443 2391 565 2468 dicitur,
587 2392 641 2476 qui
664 2392 697 2453 in
711 2412 868 2455 summam
886 2393 1094 2454 calamitatem
1112 2388 1240 2467 inciderit,

116 2490 150 2539 ut
172 2477 284 2541 alicubi
304 2472 469 2557 Gregorius
485 2476 695 2541 Nazianzenus
714 2478 854 2561 loquitur.

205 2567 276 2629 153.
298 2557 379 2624 Hoc
391 2560 484 2649 quod
496 2560 618 2642 loquor
633 2558 712 2623 inde
727 2562 805 2641 est]
827 2563 897 2624 Hoc
910 2562 1014 2647 ipsum
1028 2562 1176 2647 temporie
1184 2578 1241 2623 mo-

115 2658 264 2727 mentum,
287 2669 348 2732 quo
363 2648 441 2710 h'aec
457 2649 514 2711 tibi
528 2647 613 2726 dico,
635 2668 704 2734 pars
721 2660 767 2711 est
777 2648 918 2734 decerpta
931 2647 1020 2726 inde,
1044 2659 1076 2709 et
1089 2668 1181 2733 quae,
1200 2644 1241 2709 ubi

112 2735 252 2822 perierit,
272 2754 431 2819 nunquam
450 2734 489 2799 sit
505 2732 647 2796 reditura.
691 2734 819 2809 Plautus
841 2734 935 2808 [Asin.
949 2730 991 2811 ll,
1008 2739 1039 2813 2,
1056 2736 1131 2815 25]=

617 2818 759 2903 loquens
782 2817 921 2883 lacerat
943 2816 1047 2883 diem.

112 2901 169 2968 Est
187 2922 262 2969 vero
281 2924 374 2984 grave
395 2902 511 2967 dictum
532 2914 563 2967 et
582 2906 674 2968 nimis
694 2926 821 2985 verum,
862 2904 928 2967 uod
946 2926 1013 2969 non
1031 2917 1105 2969 uta
1126 2901 1242 2968 Luxurit

111 2991 347 3077 pronunciatum
361 2991 498 3076 accipere
513 2990 680 3069 debemus,
702 2991 758 3055 sed
772 3004 806 3054 ut
819 2928 978 3070 ahteis,
1000 2992 1063 3053 hoc
1082 3002 1130 3057 est
1145 2990 1242 3053 doctis-

114 3078 194 3141 simo
210 3075 399 3163 philosopho
416 3098 452 3138 ac
468 3079 705 3161 sapientissimo.
751 3076 804 3140 Sic
824 3089 869 3140 est
890 3076 1039 3141 omnino:
1062 3100 1122 3163 per
1140 3076 1243 3157 nupia

46 3160 277 3234 tlffltmomenta
296 3163 359 3226 vita
373 3162 463 3225 nobis
483 3164 577 3248 perit,
598 3182 797 3249 semperque,
819 3185 860 3226 ex
879 3184 940 3248 quo
963 3163 1071 3227 vivere
1089 3163 1242 3250 coepimus,

112 3251 279 3325 morimur,
301 3270 367 3311 non
381 3258 505 3335 repente
517 3258 555 3315 ,et
579 3244 731 3329 ἀθρόως,
754 3261 788 3311 ut
804 3252 915 3330 vulgus
936 3260 1022 3335 putat
1039 3251 1125 3313 male
1138 3268 1242 3313 senon.
1281 3266 1284 3348 q

111 3334 226 3414 Tangit
244 3333 365 3396 Persius
383 3354 446 3395 uno
468 3337 565 3397 verbo
593 3355 719 3415 gravem
745 3357 763 3397 e
793 3336 989 3432 philosophia
1011 3336 1136 3416 locum,
1165 3352 1243 3420 quent
1281 3350 1284 3413 ι

111 3430 277 3483 tractavere
299 3416 387 3480 multi
416 3421 580 3504 sapientes.
632 3419 751 3483 Seneca
774 3422 862 3505 epist.
887 3419 1023 3483 XXIV:
1050 3418 1242 3485 Meminitt
1281 3428 1284 3485 t

114 3502 217 3568 illum
232 3503 347 3566 locum
362 3502 553 3589 aliquando
570 3515 752 3584 tractasse,
776 3503 860 3571 Non
874 3515 1014 3592 repente
1028 3528 1094 3569 nos
1108 3506 1145 3571 in
1162 3524 1244 3569 ntor·

61 3594 196 3654 451tem
212 3587 381 3669 incidere,
410 3587 474 3652 sed
496 3590 698 3655 minutatim
718 3590 929 3677 procedere:
957 3591 1115 3679 quotidie
1140 3586 1244 3675 [neofi-

113 3697 210 3740 mur:
238 3674 392 3762 quotidie
415 3675 520 3758 enim]
550 3675 703 3742 demitur
724 3676 844 3765 aliquo
862 3698 948 3763 pars
967 3676 1088 3743 vitoe:
1116 3689 1152 3743 et
1175 3688 1244 3743 bant

113 3784 263 3849 quoque,
289 3782 369 3825 cum
389 3762 594 3841 crescimus,
617 3762 691 3826 vitri
705 3760 895 3841 decrescit3
916 3786 1004 3827 mox:
1027 3765 1121 3830 hunc
1135 3764 1243 3851 iprum,

112 3870 211 3936 quem
225 3870 247 3909 o
275 3847 374 3925 imus,
399 3846 494 3912 diem
509 3870 587 3912 cum
603 3861 712 3913 morte
729 3849 937 3916 dividimus:
959 3848 1244 3937 quemadmodum

112 3869 334 4019 clepsydlnm
350 3956 418 3997 non
434 3945 630 3999 extremum
645 3934 866 4001 stillicidium
880 3933 1055 4016 exhaurit,
1081 3937 1149 4003 sed
1158 3934 1244 4039 quic·

111 4018 199 4108 quid
218 4030 301 4083 onte
322 4017 491 4110 defluxit:
515 4020 564 4086 sic
586 4018 715 4086 ultimo
736 4020 840 4104 toro,
863 4046 932 4111 qun
953 4044 1028 4087 etse
1052 4022 1243 4095 desinimus

110 4128 179 4171 non
195 4104 273 4168 coln
288 4117 434 4171 mortem
446 4105 547 4191 facit,
570 4106 633 4170 secl
647 4110 723 4173 solo
737 4118 977 4177 consummat.-
997 4118 1083 4176 tunc
1096 4110 1146 4177 od
1157 4110 1244 4177 illam

105 4191 349 4283 pervenimus,
379 4191 443 4258 sed
468 4190 529 4258 diu
556 4193 731 4272 venimus3
760 4198 889 4262 deinde:
917 4217 1013 4261 mors
1037 4218 1110 4262 non
1130 4197 1245 4263 ultimo

107 4278 225 4344 venit:
248 4276 312 4343 sed
325 4300 413 4365 quae
427 4279 532 4367 rapit,
548 4280 674 4345 ultimo
686 4294 851 4348 moreest.
892 4282 983 4347 Idem
998 4287 1133 4373 epistole
1143 4280 1243 4353 CXX:

112 4362 277 4447 Quotidie
300 4364 445 4453 propius
474 4360 520 4430 alr
540 4365 666 4430 ultimo
689 4375 841 4443 staurus,
872 4376 908 4432 et
928 4367 1013 4450 illo,
1047 4370 1143 4437 unde
1162 4367 1245 4439 nobit

109 4448 316 4534 cadendum,
340 4451 429 4517 bora
442 4472 505 4517 nos
517 4450 627 4516 omnis
641 4450 804 4539 impellit.
847 4455 987 4521 Ibidem:
1010 4453 1245 4547 Erramusqut'

536 4808 700 4924 Α,
