2700 4972
82 254 157 397 ι111,
345 282 348 289 ’
415 324 419 332 ·
462 308 872 379 consternatus

47 488 50 498 “
93 497 154 567 est,
196 483 295 549 uoties
307 482 431 546 laudare
446 483 594 563 institues,
616 482 650 545 id
665 482 747 568 quod
762 483 989 548 nobilissimum
1004 484 1074 549 τῶν
1091 480 1128 549 ἓν
1146 479 1221 551 11111-

73 568 140 658 'eqi
161 506 265 654 pluer:
295 593 335 633 eo
353 580 516 656 praecepto
540 571 591 630 hic
616 590 689 632 usus
714 581 817 632 noster
835 571 1061 658 philosophus:
1091 592 1165 633 nam
1189 594 1223 635 ex

95 660 255 736 omnibus,
277 650 355 741 quae
369 654 427 717 diis
446 655 626 734 offeruntur,
648 652 833 740 quidvilius
855 659 1003 742 pulmone
1025 667 1057 719 et
1079 657 1222 723 lactibus?
1267 668 1269 737 ξ

94 743 175 827 atqui
188 741 309 806 Persius
324 741 575 826 appellationibus
592 741 657 802 istis
672 741 880 825 complectitur
894 763 1093 827 quaecunque
1107 740 1166 806 diis
1181 746 1224 805 of-

93 827 164 889 ferri
177 828 292 906 solent,
314 827 490 904 libationes,
512 827 645 904 hostias,
667 828 823 905 victimas,
845 830 1060 907 hecatomben,
1081 829 1226 910 myriom-

45 915 149 977 taetras
162 925 193 974 et
208 913 402 997 quantumvis
415 912 547 1006 pretiosa
561 909 696 973 donaria.

179 1003 230 1063 31.
252 995 346 1061 Ecce
364 1017 449 1059 avua
472 1005 534 1058 aut
555 1004 710 1057 metuens
730 992 850 1060 divum
871 999 1089 1079 matertera]
1112 996 1225 1062 Transit

92 1084 214 1147 Persius
232 1082 271 1145 ad
288 1083 424 1167 speciem
445 1082 536 1143 aliam
555 1094 699 1147 votorum
720 1083 858 1161 ejusdem
878 1083 1013 1165 generis,
1035 1085 1098 1146 hoc
1118 1095 1178 1164 est,
1197 1085 1225 1146 in

92 1171 202 1255 quibus
223 1179 365 1256 peccatur
382 1168 416 1228 in
438 1168 582 1246 materia,
604 1169 681 1230 sicut
700 1168 731 1228 in
755 1170 976 1254 superioribus:
1006 1167 1151 1232 sednon
1168 1181 1225 1233 tarn

93 1255 239 1334 graviter,
261 1264 295 1315 ut
308 1264 481 1315 mereantur
494 1254 571 1315 haec
593 1265 666 1317 rota
689 1255 825 1315 humana
838 1252 922 1333 dici,
944 1258 984 1318 ab
1004 1254 1182 1329 infimitate
1199 1267 1226 1319 et

91 1339 241 1425 imperitia
258 1339 423 1401 hominum
436 1341 571 1423 profecta
586 1340 687 1424 potius
708 1360 800 1423 quam
819 1340 951 1413 mulitia,
974 1362 1045 1403 cum
1062 1341 1117 1402 illa
1153 1341 1226 1405 riora

91 1436 194 1488 essent
214 1420 421 1502 ferina'vota,
443 1425 606 1485 hominum
627 1425 668 1507 τῇ
691 1424 790 1510 κακίᾳ
812 1423 1081 1507 τεθηριωμένων.
1164 1429 1225 1507 ujus

91 1511 211 1590 generis
227 1521 298 1573 sunt
309 1508 361 1571 illa
373 1520 461 1588 vota,
483 1530 561 1594 quae
571 1511 760 1595 persequitur
774 1509 881 1573 ordine
895 1510 1069 1590 luvenalis,
1092 1533 1149 1597 pro
1163 1512 1227 1599 opi-

90 1598 166 1675 bus,
186 1617 243 1681 pro
258 1595 409 1680 potentia,
431 1616 486 1680 pro
508 1596 695 1680 eloquentia,
718 1618 773 1681 pro
792 1596 914 1658 1111111111
935 1597 1048 1676 gloria,
1069 1600 1227 1682 prosumo,

89 1703 145 1767 pro
160 1681 374 1761 longaevitate,
389 1701 444 1766 pro
458 1683 568 1761 forma,
584 1692 614 1742 et
627 1681 737 1743 similia
751 1681 816 1746 his:
840 1703 918 1767 quae
933 1683 1039 1744 omnia
1053 1685 1166 1768 probat
1176 1682 1228 1746 Ju-

89 1767 207 1831 venatis
228 1777 281 1829 aut
302 1787 489 1852 supervacua
513 1787 581 1829 esse
601 1778 652 1828 aut
674 1767 854 1851 perniciosa.
901 1765 968 1830 Etsi
986 1779 1093 1830 autem
1114 1771 1237 1835 nullum·

89 1863 136 1916 est
150 1863 285 1937 tempus,
302 1874 362 1937 quo
374 1873 437 1914 non
450 1873 499 1915 res
510 1849 688 1931 hujusmodi
701 1852 792 1915 nobis
806 1873 843 1913 ac
856 1853 966 1916 nostris
979 1863 1141 1940 optemus,
1163 1865 1229 1935 sunt

88 1948 192 2000 tamen
209 1951 347 2024 tempora
363 1935 515 2022 quaedam
533 1937 715 2022 peculiaria,
744 1936 785 2000 ad
805 1948 879 2000 rota
904 1949 1009 2001 nostra
1030 1939 1229 2025 concipienda

89 2022 254 2088 destinata:
274 2035 349 2109 puta
366 2044 436 2084 curn
451 2045 579 2085 uxorem
594 2022 742 2103 ducimus,
766 2045 835 2084 cum
847 2035 1009 2086 nascuntur
1023 2026 1116 2088 nobis
1135 2026 1228 2107 liberi,

89 2130 160 2171 cum
173 2110 324 2173 honorem
339 2108 471 2193 aliquem
482 2106 603 2171 adimus
621 2120 672 2171 aut
686 2109 801 2172 similes
814 2109 946 2195 privatas
962 2110 1164 2176 solennitates
1180 2132 1229 2175 ce-

87 2196 250 2257 lebramus.
294 2194 457 2280 Propterea
472 2194 592 2257 Persius
608 2193 647 2256 de
659 2196 724 2258 istis
737 2195 817 2258 votis
833 2206 968 2274 acturus,
990 2206 1024 2256 ut
1036 2197 1149 2260 melius
1165 2219 1235 2261 rem-

89 2280 286 2367 exprimeret,
309 2279 349 2341 ad
364 2278 425 2340 diei
440 2280 553 2341 lustrici
571 2278 846 2343 considerationem
858 2302 916 2342 nos
932 2292 1038 2360 vocat,
1061 2303 1122 2367 qua
1133 2283 1228 2369 potis-

87 2367 202 2428 simum
215 2365 266 2427 die
285 2364 461 2429 effundebat
481 2365 567 2428 sein
587 2377 660 2429 rota
685 2367 812 2429 charitas
831 2376 993 2452 parentum
1015 2386 1088 2447 erga
1107 2368 1228 2435 liberos.

87 2449 133 2513 Ea
144 2452 235 2532 igitur
247 2461 320 2514 vota
338 2462 369 2512 et
381 2450 482 2514 vanos
498 2451 588 2531 ritus,
612 2451 697 2536 queis
712 2453 756 2513 uti
773 2473 843 2514 mos
859 2462 922 2513 erat
935 2452 967 2513 in
980 2452 1040 2515 illis
1054 2454 1229 2541 concipies·

88 2534 153 2617 dis,
176 2539 216 2599 ob
231 2538 338 2598 oculos
352 2537 438 2622 ponit
451 2534 589 2615 Persius,
612 2549 642 2599 et
658 2559 735 2600 mox
748 2536 882 2599 damnat.
896 2562 901 2569 ·
1185 2538 1192 2549 “

173 2619 262 2685 Ε111
280 2618 362 2685 avia
385 2629 418 2684 et
433 2628 589 2684 metuens
614 2616 733 2687 divum
755 2630 972 2700 matertera,
996 2625 1036 2703 c.]
1076 2619 1124 2688 Τὰ
1150 2622 1227 2689 ecce

86 2707 257 2773 transitioni
269 2708 362 2771 servit
384 2705 438 2787 [ad
452 2729 568 2771 novam
581 2730 648 2771 rem
659 2707 888 2788 inducendaml.
932 2708 1020 2772 Olim
1035 2731 1101 2772 non
1116 2711 1228 2791 statirn,

86 2805 122 2856 ut
135 2805 198 2857 erat
211 2805 298 2856 natus
313 2793 415 2856 infans
428 2794 534 2878 aliquis
550 2805 580 2856 et
596 2795 662 2856 tolli
675 2797 785 2873 jussus,
792 2817 848 2880 pro
859 2795 945 2858 vitali
954 2805 985 2856 et
998 2794 1128 2881 γονίμῳ
1143 2808 1228 2882 partu

33 2881 277 2958 197habebatur,
294 2877 351 2943 sed
364 2879 584 2964 aliquammulti
598 2884 836 2966 expectabantur
855 2879 935 2957 dies,
958 2881 1009 2964 qui
1031 2879 1129 2943 fidem
1146 2884 1229 2946 face

1 3001 2 3006 1
84 2976 152 3028 rent
165 2965 264 3029 vitalis
284 2967 403 3028 foetus:
426 2966 516 3050 plena
532 2964 610 3028 fides
627 2965 709 3052 apud
725 2963 859 3028 Graecos
881 2966 1011 3051 septima
1036 2969 1089 3030 vel
1110 2966 1227 3031 decima

85 3050 137 3114 die
156 3063 241 3137 parta
264 3049 453 3129 credebatur,
482 3063 516 3112 ut
536 3052 649 3116 scimus
673 3073 712 3114 ex
726 3052 885 3114 Aristotele
907 3062 937 3113 et
957 3047 1172 3138 Aristophane
1193 3075 1227 3117 ac

85 3135 209 3201 Graecis
222 3136 442 3218 grammaticis:
463 3148 530 3198 tum
546 3138 643 3200 securi
656 3140 769 3200 festrun
782 3138 826 3199 illi
840 3135 923 3198 diem
940 3139 1151 3204 celebrabant:
1173 3137 1228 3204 sed

84 3223 167 3309 prius
182 3223 363 3305 lustrabatur
381 3222 497 3300 infans,
520 3221 604 3307 quod
626 3223 731 3307 quinto
753 3222 803 3285 die
822 3219 956 3285 Graecos
971 3224 1127 3288 factitasse
1136 3247 1227 3289 eum-

84 3329 144 3393 que
159 3306 242 3369 diem
255 3300 466 3390 ἄμφιδρόμια
482 3307 612 3388 dixisse,
632 3331 671 3371 ex
686 3309 830 3387 Platone,
853 3307 948 3370 Suida
963 3319 1055 3392 atque
1068 3310 1225 3393 Hesychio

84 3404 194 3456 notum
217 3404 272 3454 est.
323 3393 447 3456 Plautus
470 3415 592 3479 quoque
624 3395 658 3456 in
680 3393 883 3470 Truculento,
915 3395 1021 3455 fabula
1054 3397 1179 3480 palliata
1198 3406 1227 3459 ct

83 3477 314 3541 Atheniensium
324 3479 461 3563 moribus
472 3476 704 3542 accommodata
727 3473 760 3562 (ἡ
777 3475 843 3562 γάρ
859 3474 963 3562 σκηνή
980 3481 1044 3543 τοῦ
1059 3476 1226 3566 δράματος

81 3558 265 3647 Ἀθήνῃσι),
287 3564 391 3648 quinto
408 3563 458 3626 die
474 3586 529 3650 pro
544 3586 640 3650 puero
657 3567 782 3628 solitum
796 3565 956 3628 sacrificari
969 3565 1105 3630 ostendit
1122 3567 1176 3649 111,
1197 3572 1225 3647 6,

84 3652 210 3716 280011.
229 3651 291 3711 fine
307 3648 511 3712 antecedentis
524 3651 657 3731 scenae}
700 3651 836 3715 Romani
852 3650 891 3712 de
929 3663 1010 3730 artu,
1032 3654 1135 3718 vitalis
1149 3665 1226 3719 esset

83 3755 197 3813 necne,
218 3733 352 3798 Pilumni
376 3739 489 3798 lectum
514 3738 721 3799 consulebant.
765 3736 889 3799 Servius
906 3672 969 3813 iad
987 3737 1062 3802 Aen.
1086 3739 1133 3819 X,
1156 3738 1224 3818 76]:

87 3813 206 3885 Varro
231 3818 434 3887 Pilumnum
453 3829 488 3884 et
508 3818 719 3890 Picumrrum
746 3819 939 3903 infantium
966 3819 1048 3884 deos
1074 3845 1150 3886 esce
1176 3823 1225 3887 ait

83 3903 198 3992 eisque
214 3925 279 3990 pro
295 3927 473 4004 puerpera
489 3905 620 3970 lectum
637 3906 673 3970 ia
699 3908 791 3971 atrio
808 3905 918 3969 sterni
925 3951 936 3980 ,
959 3905 1043 3970 1111111
1064 3910 1224 3997 explore-

83 3999 143 4055 tur
157 4012 202 4054 arr
220 3990 317 4054 1111111
327 3991 469 4072 (fortasse
478 3991 617 4056 vitalis:
629 3995 686 4057 etsi
699 3996 890 4080 ferripotest)
907 3992 954 4054 sit
965 3992 1025 4079 qui
1038 4004 1143 4060 natus
1160 4007 1224 4071 1111

81 4100 181 4164 neque
196 4075 324 4141 dubium
337 4091 490 4164 spectasse
505 4079 618 4142 eodem
634 4080 765 4143 Junonis
778 4100 935 4158 inensam,
957 4102 1035 4164 quae
1080 4105 1114 4146 er
1130 4096 1223 4147 totam

79 4162 313 4228 hebdomadam
326 4167 562 4250 proponebatur.
583 4165 786 4229 Tertullianus
799 4164 849 4227 De
864 4166 965 4227 anima
976 4186 1042 4252 cap.
1072 4168 1223 4233 'XXle

83 4246 149 4313 Cui
163 4247 342 4313 bominum
357 4271 424 4313 nort
437 4247 643 4314 adhaerebit
655 4250 798 4336 spiritus
811 4271 959 4336 aequam
974 4249 1017 4314 ab
1029 4250 1106 4337 ipsa
1117 4255 1223 4319 etiam

79 4334 193 4416 janua
207 4332 403 4407 11111νὶ11111
424 4333 561 4401 animas
584 4333 876 4422 aucupabundus,
899 4335 954 4401 vel
993 4359 1040 4400 aa
1056 4337 1222 4405 invitatus

82 4419 238 4515 totailla
252 4418 435 4508 puerperii
452 4421 718 4511 superstitione?
739 4420 796 4488 Ita
813 4443 931 4486 omnes
948 4359 1154 4493 idololatria
1168 4424 1222 4491 ab·
