2700 4972
100 340 168 406 us
478 276 892 427 connumerans

191 503 311 595 Usque
325 502 505 586 recusem]
525 502 691 591 Nunquam
703 513 807 565 tamen
823 498 976 580 adducar,
998 510 1035 563 ut
1059 494 1199 563 dolorem
1211 520 1242 563 er

104 616 141 661 ea
154 617 188 659 re
204 598 303 675 ullum
316 593 446 681 capiam.

192 701 241 763 16.
263 690 381 759 Minui
393 690 512 774 senio]
535 689 692 755 Hesiodus
715 685 796 773 [ἔον.
812 688 883 771 98];

35 790 109 867 (190)
194 774 365 863 Αἶψανάο
382 776 419 844 ἐν
439 774 597 862 κακότητι
609 773 727 862 βροτοὶ
739 769 1059 861 καταγηράσκουσιν

53 864 231 935 482P1autus
254 864 365 947 [Stich.
380 864 407 947 l,
420 870 450 947 3,
465 866 539 946 62]:

192 950 290 1103 Ξένον
309 970 465 1049 moerore
478 947 566 1013 adeo
580 948 686 1013 miser
704 956 811 1036 atque
825 942 1056 1037 aegritudine

224 1057 390 1102 onsenur:

106 1125 181 1191 hino
195 1136 242 1188 est
258 1121 342 1210 quod
358 1118 494 1185 serrium
505 1120 606 1184 Latini
618 1118 731 1207 poiitae
743 1130 864 1206 ponunt
874 1112 950 1183 ἀντὶ
962 1112 1151 1199 κακότητος
1163 1106 1184 1197 ἦ
1195 1132 1241 1176 κο·

108 1210 245 1293 κουχίας
263 1210 330 1273 sire
342 1210 495 1297 squallore
516 1220 546 1270 et
562 1208 675 1272 illuvie.
720 1206 845 1269 Plautus
870 1202 983 1283 [Stich.
999 1202 1028 1283 I,
1046 1208 1078 1279 1,
1094 1200 1172 1281 191:
1287 1276 1290 1297 Ι

195 1292 276 1359 Hae
288 1314 345 1357 res
361 1288 450 1358 mihi
463 1290 620 1357 dividiae
634 1300 670 1355 et
682 1288 778 1356 senio
793 1300 883 1354 sunt.

109 1382 273 1449 Manilius:
1286 1420 1290 1443 .

194 1461 425 1568 Aeternisque
448 1483 544 1527 senes
568 1462 674 1528 curis.
1285 1446 1290 1549 i

108 1553 158 1617 Ait
175 1549 301 1627 minui,
324 1572 395 1639 qma
407 1551 551 1614 homines
566 1552 653 1614 senio
668 1544 818 1614 incurvati
832 1547 970 1611 minores
1010 1554 1116 1635 arem:
1136 1542 1187 1609 vel
1198 1562 1243 1627 pro

111 1658 251 1702 macrum
269 1634 353 1701 heri:
385 1658 459 1699 nam
479 1636 626 1701 Horatius
668 1658 704 1699 ro
726 1632 820 1701 raldo
841 1644 965 1697 moesto
1010 1632 1017 1647 ⁸
1043 1632 1068 1693 ‘t
1088 1646 1244 1705 madum,

111 1746 168 1811 pro
182 1722 336 1807 gaudente
349 1721 506 1813 opimum
529 1720 636 1811 [Epist.
707 1725 737 1800 1,
754 1720 847 1803 1811:
1133 1799 1143 1815 ο

1109 1820 1142 1863 er
1161 1820 1213 1865 me

119 1968 123 1981 ,
241 1888 377 1960 Palma
392 1884 526 1983 negata
542 1912 719 1971 macrum,
741 1886 873 1954 donata
893 1866 1038 1952 reduit:
1050 1884 1213 1975 opimum.

203 2018 254 2079 17.
276 2008 325 2076 Et
343 2008 484 2099 signum
503 2010 540 2077 in
561 2008 694 2099 vapida
713 2030 800 2075 noso
821 2004 976 2098 tetigisse
1000 2004 1162 2091 lagana]
1187 2002 1248 2071 lion

114 2109 278 2185 propterea
291 2099 394 2163 minus
406 2098 570 2163 liberaliter
583 2111 650 2162 utar
663 2121 683 2161 o
706 2097 774 2161 'hus
788 2097 882 2175 meis,
903 2116 1006 2181 nsque
1019 2094 1150 2169 mutatis
1167 2090 1249 2157 mori-

113 2188 172 2248 bus
186 2185 261 2247 fiam
274 2206 384 2249 avarus
399 2196 431 2247 et
442 2178 665 2269 μικρολόγοςε
683 2120 800 2269 duplex
814 2193 888 2245 nota
902 2179 1181 2245 minutissimarum
1192 2200 1248 2245 sor·

115 2268 202 2333 dium
217 2282 281 2349 est,
303 2291 396 2355 quam
416 2271 486 2333 heic
505 2283 658 2350 recenset:
679 2268 777 2417 prior,
800 2267 969 2362 obsignare⁸
977 2269 1122 2347 lagenas,
1142 2266 1176 2329 in
1192 2262 1249 2415 qqli·

114 2358 173 2418 bus
188 2378 251 2417 non
264 2354 373 2420 vinum
384 2356 439 2435 sit,
460 2354 517 2419 sed
530 2378 646 2443 vappa:
668 2356 679 2417 i
718 2354 804 2418 enim
823 2365 869 2419 est
883 2350 1015 2438 vopulo
1031 2348 1186 2439 lagena:
1222 2372 1249 2415 s·

114 2440 205 2521 inde,
228 2462 299 2503 cum
312 2440 513 2521 resignandae
530 2454 616 2521 sunt,
638 2452 723 2504 tanto
739 2438 842 2504 studio
864 2442 1044 2519 observare,
1067 2460 1109 2501 an
1129 2440 1251 2505 sulas

114 2526 232 2606 integra
248 2526 308 2588 sint
322 2524 426 2607 signa,
448 2539 483 2588 ut
491 2548 568 2591 naso
581 2526 736 2607 contingat
751 2528 886 2607 lagenas.
914 2522 1097 2605 Adjicienda
1111 2526 1190 2587 haec
1201 2544 1252 2587 no-

60 2646 64 2653 ·
115 2611 154 2675 tis
168 2610 259 2674 Theo
281 2610 425 2691 hrasteis,
447 2632 508 2697 quo
525 2615 595 2675 loco
611 2606 820 2693 μικρολόγων
840 2632 944 2674 mores
960 2608 1192 2675 describuntur:
1216 2608 1252 2673 si-
1288 2616 1291 2651 ³

115 2698 190 2760 mile
203 2632 280 2759 illud
293 2696 353 2760 ibi:
375 2692 417 2761 τὰ
430 2691 532 2782 ἡμίση
547 2695 825 2780 :nudasnuidas
838 2690 1116 2781 ἀπογράφεσθαι,
1139 2708 1171 2761 et
1182 2690 1253 2784 apud
1288 2713 1291 2732 ·

115 2781 162 2845 Μ.
175 2781 330 2863 Tullium,
353 2778 520 2850 dematre:
542 2780 691 2873 lagenas
709 2780 821 2846 etiam
838 2778 960 2847 inanes
981 2780 1181 2871 obsignare.
1202 2778 1254 2865 [ed

116 2867 179 2931 dir.
195 2866 294 2947 XVI,
316 2872 376 2946 26,
397 2890 506 2933 rerum
521 2892 586 2933 non
599 2867 724 2934 sordida
738 2868 940 2957 parsimonia,
962 2868 1020 2933 sed
1034 2888 1079 2933 ne
1100 2864 1253 2933 dicemu-
1287 2916 1291 2952 ,

115 2962 176 3016 tar
192 2951 316 3016 inarres
337 2950 480 3041 aliquae
497 2950 629 3041 fuisse,
660 2974 748 3043 quoe
757 2950 892 3041 furtim
914 2962 1030 3019 essent
1049 2952 1252 3037 exciccqtoe.
1289 2956 1291 2977 '

114 3037 294 3103 Delendum
307 3038 399 3121 igitur
410 3042 554 3105 hocloco
568 3042 748 3129 exemplum
760 3061 824 3103 non
837 3036 1068 3127 μικρολογίας,
1079 3038 1141 3107 sed
1152 3042 1254 3105 hanun

113 3126 216 3189 nitatis
230 3126 262 3189 in
277 3124 406 3209 servos]

204 3232 253 3293 18.
274 3224 466 3313 Discrepet
481 3226 535 3292 his
555 3226 671 3309 aliua]
696 3228 728 3293 in
741 3226 772 3293 V
784 3227 871 3311 [62]:

266 3309 371 3377 Mille
386 3313 568 3379 hominum
583 3313 734 3401 species:

118 3408 150 3461 et
168 3409 215 3461 est
229 3398 371 3463 transitus
385 3400 656 3467 commodissimus
674 3400 715 3465 sd
729 3396 1003 3486 reprehensionem
1016 3397 1164 3467 sliomm.

64 3504 117 3569 488
205 3495 371 3565 Geminos
387 3500 575 3607 horoscope
591 3525 678 3569 varo
699 3498 872 3567 Producit:
883 3499 1015 3588 garrio]
1045 3500 1138 3569 Adeo
1156 3526 1257 3573 rerunt

114 3596 241 3651 estnon
258 3588 403 3653 omnibus
414 3592 538 3676 proban
552 3591 635 3655 ritas
649 3610 763 3673 genus,
784 3586 870 3675 quod
882 3586 942 3675 ipsi
961 3588 1143 3673 sequimur,
1172 3605 1256 3657 utne

114 3672 245 3753 geminis
262 3672 389 3759 quidem
400 3675 556 3755 iratribus,
577 3698 709 3762 quorum
724 3674 811 3737 idem
825 3675 1034 3758 horoscopus,
1058 3674 1175 3742 eadem
1189 3700 1256 3743 oon-

114 3759 230 3820 stitutio
245 3761 323 3821 coeli
335 3781 371 3823 ac
383 3760 536 3839 aidanum,
559 3761 682 3850 quando
699 3782 792 3825 conce
815 3760 838 3820 ti
853 3760 920 3823 sive
940 3760 1004 3821 nati
1018 3774 1110 3843 sunt,
1132 3766 1212 3828 inter
1227 3784 1257 3829 se

115 3843 279 3907 conveniat
290 3844 324 3906 in
340 3846 458 3909 ratione
474 3849 557 3911 vitae
570 3869 606 3910 ac
621 3860 755 3910 morum.
824 3866 880 3908 use
892 3842 932 3906 de
952 3846 1011 3907 hac
1026 3851 1212 3931 quaestione
1222 3848 1256 3915 Β.

113 3927 298 4009 Augustinus
317 3930 350 3992 in
363 3930 405 3995 V.
419 3930 470 3995 De
491 3932 705 3999 civitatensi:
726 3934 841 3995 illustre
863 3932 1041 4016 exemplum
1062 3935 1097 3995 in
1111 3934 1257 4001 Commo·

114 4012 157 4075 do
174 4026 204 4076 et
217 4014 390 4097 Antonino,
413 4018 542 4099 geminis
555 4021 706 4099 fratribus,
728 4018 826 4082 lllarci
838 4017 1029 4102 imperatoris
1040 4019 1125 4101 filiis,
1139 4022 1174 4087 in
1186 4046 1257 4110 quo-

49 4174 52 4181 ,
112 4120 184 4163 rum
199 4100 262 4162 vita
275 4101 352 4165 nihil
365 4103 655 4192 quicquamsimile:
678 4107 734 4170 etsi
748 4125 836 4193 pares
855 4106 923 4165 fore
943 4123 984 4166 ax
1002 4115 1161 4172 astrorum
1177 4130 1257 4173 cursu

111 4186 333 4333 promittebant
346 4192 571 4270 mathematici,
592 4204 628 4255 ut
649 4192 752 4256 scribit
768 4187 972 4274 Lampridius.
1018 4189 1174 4258 Caussam
1188 4216 1258 4259 vem

124 4275 204 4351 :ujus
219 4270 438 4359 discrepantiae
453 4280 516 4339 sato
530 4277 705 4342 adscribunt
719 4275 816 4338 iidem
826 4275 1052 4354 mathematici,
1075 4278 1117 4342 de
1133 4281 1258 4363 eujmri

113 4367 145 4417 et
155 4358 337 4421 necessitate
352 4362 506 4427 uberrime
527 4362 661 4449 disputat
683 4362 830 4424 Manilius
846 4359 934 4423 initio
958 4362 1075 4445 quarti3
1097 4363 1258 4432 horosco-

110 4460 192 4525 pus,
215 4442 311 4507 Dioni
327 4442 434 4511 Cassio
449 4444 490 4513 ni
504 4444 629 4531 μόριον
643 4441 682 4512 :d
696 4444 759 4532 τὴν
771 4440 864 4527 ὥραν
885 4442 1114 4529 ἐπισκοτοῦν,
1138 4448 1195 4521 dra
1214 4474 1259 4531 :st

613 4564 617 4589 ,
1095 4568 1103 4577 .

584 4816 666 4902 f
714 4852 726 4901 t
