2700 4972
313 333 373 399 AD
402 332 574 434 raasll
604 334 827 404 salutatu
856 337 903 404 ll.
1115 344 1178 407 127

67 507 103 570 tia
116 519 272 572 cessatura
287 509 326 570 sit
344 507 484 573 mriveroa
497 506 614 598 seruilia
637 510 676 571 ab
692 529 801 595 opere,
824 508 971 596 impedita
987 512 1175 596 tempestatis

67 594 261 673 tscoemtate,
282 615 376 680 quam
397 593 559 656 imminere
581 595 614 656 in
636 592 720 656 diem
740 595 901 658 crastinam
924 607 1068 680 tanquam
1089 609 1175 662 vates

67 678 268 758 idenuntiat,
291 701 361 741 cum
383 681 463 742 canit
485 678 628 764 [9sqq.]:

329 785 408 827 crae
423 761 530 851 firliie
552 785 672 828 iremus

116 847 245 912 Matris
265 858 303 912 et
322 847 410 936 alga
431 848 530 912 littus
552 848 671 913 inutili

161 934 328 998 Demisere
350 945 540 1022 tempestas
562 933 606 998 ob
628 933 726 999 Euro

203 1020 356 1100 Sternet,
380 1032 492 1108 aquae
515 1020 584 1085 niai
601 1017 706 1108 follit
727 1041 840 1109 augur

83 1108 86 1117 ’
116 1104 264 1169 Annosa
293 1106 423 1171 cornix.

67 1192 137 1255 lit'er
151 1192 277 1278 quidem
298 1204 329 1257 et
349 1194 491 1280 speciose
512 1191 552 1255 de
573 1196 642 1256 loco
659 1191 754 1255 Persii
769 1191 904 1256 Turneb.
920 1214 968 1279 ap.
985 1193 1030 1260 PL
1048 1216 1080 1280 p.
1099 1201 1169 1275 180,

65 1277 84 1339 d
105 1290 140 1339 ut
160 1281 344 1359 argumentis
364 1301 428 1341 non
449 1282 559 1365 probet
580 1277 696 1340 hostias
719 1279 835 1340 oblatas
862 1299 929 1348 esse
953 1276 1059 1344 Geniis
1077 1284 1171 1344 natali

66 1385 89 1426 e.
125 1359 232 1427 Genii
244 1366 344 1450 qualia
361 1366 487 1427 numina
504 1364 660 1428 veteribus
674 1364 795 1442 fuerint,
815 1383 846 1427 v.
862 1385 910 1449 ap.
924 1364 970 1428 Pl.
1012 1408 1019 1425 ·
1037 1371 1097 1433 178
1111 1369 1169 1454 sq.]

115 1444 201 1514 Nou
217 1457 256 1512 tu
265 1470 367 1532 prece
387 1449 501 1534 poscis
522 1447 638 1512 emaci
661 1446 761 1528 Quae
782 1445 852 1512 nisi
873 1446 958 1530 oeci]
1018 1455 1170 1534 geniosis-

66 1555 108 1597 ne
121 1534 246 1600 Persius
259 1536 322 1598 duo
337 1537 434 1622 capita
448 1537 499 1598 llla
513 1536 665 1622 proponit,
688 1532 727 1596 de
739 1535 850 1620 quibus
861 1537 920 1598 hac
933 1535 1029 1600 Satira
1043 1551 1169 1603 tractare

66 1620 172 1701 stituit,
202 1623 362 1684 materiam
387 1634 419 1684 et
445 1625 577 1683 lormam
607 1622 769 1684 votorum:
802 1619 940 1683 Macrino
964 1644 1021 1697 suo
1047 1622 1168 1690 debitae

66 1704 126 1770 udis
147 1708 359 1770 testimonium
379 1708 558 1793 perhibens,
588 1703 672 1790 quod
691 1705 724 1767 in
743 1717 852 1768 neutro
874 1709 984 1770 horum
1007 1718 1218 1795 peccaretrtttl

66 1790 91 1854 n
119 1793 153 1855 in
172 1794 313 1871 materia,
341 1795 412 1878 quia
431 1794 509 1855 nihil
533 1794 657 1877 petebat
680 1812 699 1853 a
720 1790 779 1854 diis
801 1813 910 1877 parum
928 1794 1094 1857 honestum
1114 1808 1177 1876 aut,

65 1880 113 1957 ius
125 1878 230 1964 ipsum
244 1878 359 1964 pudere
371 1878 526 1956 deberet,
546 1899 611 1940 non
628 1877 660 1938 in
674 1875 788 1955 modo,
810 1878 863 1961 qui
885 1879 1001 1941 nullam
1017 1901 1088 1942 cum
1108 1880 1167 1946 diis
1244 1894 1248 1902 '

66 1961 283 2027 odinationem
307 1975 462 2027 exerceret
486 1984 521 2026 ac
551 1984 592 2025 ne
619 1962 760 2047 precibus
787 1961 913 2047 quidem
926 1964 1027 2028 nimis
1048 1966 1166 2051 cupidis

65 2050 190 2113 tanxiis
203 2049 280 2112 deos
292 2051 481 2128 sollicitaret,
504 2047 588 2134 quod
603 2048 649 2111 illi
663 2049 780 2131 solent,
801 2048 854 2133 qui
870 2051 1071 2135 superstitiosi
1091 2074 1165 2138 pro-

65 2136 91 2199 ie
110 2133 184 2216 dicti
202 2147 274 2200 sunt
295 2137 448 2201 veteribus
471 2134 596 2197 Latinis.
639 2135 725 2196 Haec
745 2132 866 2197 Persius
886 2133 926 2196 de
939 2134 1095 2218 Macrino,
1123 2151 1157 2202 ut
1165 2152 1216 2208 177
1262 2176 1268 2188 »

65 2233 108 2285 set
121 2223 242 2284 occasio
257 2233 391 2283 caeteros
406 2218 593 2301 objurgandi,
616 2221 668 2303 qui
680 2220 713 2280 in
725 2231 854 2303 utroque
866 2221 979 2283 horum
996 2235 1165 2307 peccarent
1187 2269 1190 2273 -

116 2303 227 2370 Prece
245 2304 363 2393 poscis
388 2303 522 2385 emaci]
551 2299 646 2389 Εύχῇ
666 2299 828 2389 ἐμπορικῇ
836 2310 850 2367 .·'
875 2308 959 2385 cujus
979 2309 1164 2372 contrarium

65 2386 126 2457 teci
143 2388 255 2469 ἁπλῶς
268 2390 325 2457 καὶ
339 2390 533 2472 ἐλευθερίως
550 2385 720 2472 εὔχεσθαι,
744 2391 840 2452 oratio
860 2392 994 2476 simplex
1009 2403 1040 2455 et
1051 2394 1163 2459 libera-

65 2526 71 2557 ,
89 2499 112 2551 a
133 2477 178 2541 ud
191 2480 450 2564 sapientissimum
463 2477 603 2541 Marcum
615 2474 694 2560 Imp.
709 2476 761 2538 lib.
775 2473 807 2539 V
821 2466 853 2554 [P
863 2496 893 2540 v.
909 2489 1014 2540 autem
1031 2476 1163 2545 Gataker

76 2498 135 2642 lli
152 2562 186 2648 §
194 2563 226 2628 4.
235 2587 270 2649 p.
287 2569 330 2628 92
341 2571 418 2649 sq.l;
438 2584 578 2649 precem
591 2582 749 2625 emacem
762 2572 809 2625 est
820 2563 1073 2649 interpretariuel
1084 2588 1162 2652 quae

65 2652 118 2712 bet
132 2653 327 2729 conjunctum
342 2650 522 2714 sacrificium
536 2649 659 2728 majoris
673 2649 799 2726 alicujus
815 2649 958 2712 victimae
980 2663 1033 2712 aut
1052 2665 1162 2717 votum

65 2787 67 2799 .
85 2735 327 2823 consecrandae,
344 2734 433 2883 quod
446 2746 492 2798 est
507 2737 593 2805 ‚velut
607 2733 738 2819 pretium
756 2733 814 2796 diis
827 2754 1006 2820 repensum,
1027 2749 1063 2799 ut
1081 2739 1115 2800 fit
1128 2739 1162 2801 in
1206 2745 1213 2763 '

64 2821 162 2883 itione
177 2823 342 2884 contrahen
366 2842 401 2902 a3
416 2824 468 2885 vel
481 2841 559 2906 quae
568 2820 658 2882 toties
672 2821 729 2881 fuit
742 2819 907 2904 repetenda
918 2832 948 2883 et
962 2831 1026 2883 tam
1038 2823 1161 2888 assidue

72 2909 223 2986 λιπαρῶς
239 2904 293 2970 καὶ
307 2904 444 2983 ἐκτενῶς
455 2905 609 2984 facienda,
632 2917 666 2966 ut
681 2907 742 2967 hoc
763 2906 867 2991 ipsum
885 2907 974 2991 pretii
997 2909 1065 2971 loco
1087 2928 1161 2973 cen-

64 2993 201 3079 ipoasit,
266 2992 303 3071 a,
321 3004 360 3082 ut
376 2994 418 3056 ait
431 2991 559 3071 Seneca,
581 2988 683 3054 nulla
700 3011 755 3053 rea
773 2988 891 3054 corios
905 3000 1041 3056 coriatat
1055 3014 1161 3081 quom

64 3098 112 3141 ue
124 3076 226 3164 preci
247 3099 287 3141 us
301 3085 395 3142 emta
417 3085 478 3140 est.
582 3136 585 3143 ,
1061 3097 1065 3109 ·

109 3165 140 3229 4.
163 3161 264 3247 Quae
278 3161 348 3233 nisi
369 3160 520 3226 reductio
538 3181 690 3245 nequeas
706 3158 923 3224 committere
946 3159 1060 3246 dicia]
1073 3210 1078 3217 ,
1089 3167 1159 3230 Hoc

64 3250 186 3335 :turpia
206 3263 280 3312 vota
300 3253 382 3312 nulla
403 3251 479 3312 lacis
503 3260 533 3311 et
554 3246 720 3327 ejusmodi,
753 3264 831 3333 quae
854 3250 957 3333 palam
975 3272 1038 3313 non
1059 3254 1159 3338 possis
1264 3312 1267 3317 ,

64 3357 195 3421 neupare
210 3347 242 3398 et
260 3356 338 3403 voce
352 3337 421 3399 alta.
464 3334 656 3398 antecedens
674 3355 730 3418 pro
754 3335 952 3420 consequenti
965 3338 1084 3422 posuit,
1105 3360 1159 3402 re-

64 3417 139 3484 'etis
152 3417 223 3483 diis
241 3420 456 3485 committere
478 3442 534 3506 pro
554 3421 643 3482 tacita
666 3431 700 3481 et
716 3420 867 3484 submissa
883 3441 962 3484 uoce
984 3413 1169 3490 enuntiaret

64 3508 71 3569 i
91 3517 300 3570 secretorum
320 3509 420 3593 aliquo
441 3510 549 3571 volunt
571 3506 672 3591 loqui,
695 3526 712 3567 a
732 3508 819 3568 turba
842 3527 913 3571 eum
931 3506 1096 3589 seducunt,
1118 3532 1159 3575 no
1274 3580 1276 3584 λ

64 3593 129 3679 quis
154 3590 328 3673 Gorycaeus
352 3592 503 3656 exaudiat.
554 3589 639 3655 Cave
662 3602 750 3676 putes
772 3589 917 3655 damnare
939 3592 1079 3673 Persium
1108 3598 1158 3660 his

63 3679 121 3742 rbis
134 3699 241 3763 preces
253 3679 515 3757 immurmuratas3
536 3698 595 3762 qua
617 3675 656 3739 de
671 3698 704 3747 re
719 3699 803 3740 mox.

97 3765 137 3829 ·5.
160 3761 211 3826 At
236 3761 322 3825 bona
341 3785 427 3848 pars
442 3782 627 3847 procerum
645 3759 756 3824 tacite
779 3757 903 3824 litabit
922 3756 1068 3840 acerra]
1097 3768 1158 3830 Hic

63 3850 124 3937 ipit
145 3844 275 3932 ἔλεγχός
295 3852 427 3929 vulgaris
452 3849 559 3916 erroris
577 3848 609 3909 in
630 3847 770 3932 precibus
788 3846 951 3928 faciendis,
974 3849 1030 3912 elsi
1053 3864 1181 3916 autem·

63 3935 139 3998 letor
153 3935 246 4020 polita
267 3957 337 3996 cum
352 3937 411 3997 isto
427 3946 493 3995 tum
513 3933 706 4020 praecedenti
726 3934 924 4019 sequentique
944 3955 1034 3997 versu
1052 3939 1157 4001 tacitas

63 4043 123 4084 aces
137 4033 168 4083 et
180 4042 319 4083 susurros
335 4024 518 4107 templorum
539 4014 778 4103 reprehendere,
802 4040 866 4080 non
888 4031 992 4082 tamen
1006 4022 1081 4086 illud
1100 4036 1157 4103 est,

63 4130 77 4169 a
93 4108 259 4193 praecipue
273 4117 403 4191 spectat,
426 4104 481 4168 sed
495 4104 536 4167 ad
550 4105 763 4183 gravissimum
781 4116 956 4189 peccatum,
979 4108 1062 4192 quod
1082 4131 1156 4171 con-

63 4191 180 4255 itudine
193 4190 446 4255 immurmurandi
460 4203 572 4253 tectum
588 4192 714 4269 latebat:
736 4210 811 4253 nam
825 4191 958 4276 alioquin
975 4215 1028 4255 cur
1044 4207 1206 4280 repre-178
1235 4235 1240 4240 -

63 4277 167 4342 rderet
179 4275 300 4341 Persius
312 4276 395 4362 quod
409 4277 537 4362 publicis
552 4274 765 4338 Romanorum
779 4275 885 4340 ritibus
897 4288 961 4339 erat
975 4281 1153 4364 receptum?

63 4387 134 4429 neca
147 4361 200 4426 De
212 4363 369 4426 beneficiis
387 4363 464 4425 libro
476 4359 508 4425 Π
521 4361 561 4438 [e.
579 4363 623 4440 ll:
652 4354 692 4424 V
688 4369 746 4434 oto
763 4358 918 4425 homines
925 4361 1071 4448 porcius
1086 4361 1119 4445 f
1136 4400 1153 4412 -

63 4459 146 4530 rent,
168 4448 202 4512 ei
206 4446 336 4535 polam
343 4443 520 4536 socienda
535 4454 670 4509 essent.-
691 4441 909 4538 adeoetiom
920 4445 1012 4531 deos,
1030 4446 1154 4561 quibup
1227 4475 1229 4482 ’
