2700 4972
71 232 83 327 ἱ
166 322 171 327 .
313 270 1016 353 rnreesttsrrraonoaon
1119 358 1121 363 ,
1200 290 1245 355 ra

49 476 54 485 ·
106 450 213 519 libros
226 450 345 541 legere
358 453 516 535 conaris,
536 476 613 523 eum
637 467 768 523 nature
785 439 975 536 [temtari]
1000 455 1110 521 sacris
1132 452 1244 521 imbri-

104 551 158 607 τω
178 549 283 627 atque
304 538 461 605 initiatus
478 541 611 607 sacrati
629 542 741 628 operis
765 541 950 630 disciplina
964 541 1095 622 saeris:
1115 555 1145 605 et
1161 542 1244 607 doai

103 620 235 710 primae
250 647 297 702 se,
319 624 417 707 ἱερεῖς
431 637 462 689 et
475 626 668 693 sacerdotes
681 640 808 709 vocant,
830 641 864 693 ut
877 627 915 692 Ul
937 629 1025 691 ianus
1040 628 1060 691 J
1062 628 1244 693 uriscomul-

102 709 328 779 matussalae
348 710 559 790 sacerdotes:
586 712 700 778 Statius
718 715 877 779 Lucanum
931 714 1049 777 omani
1070 713 1165 778 chori
1184 736 1243 780 aa·

103 795 300 875 eerdotem5
321 795 470 880 Synesius
482 820 530 884 ep.
547 798 661 864 XCIX
673 798 712 863 tle
725 800 893 863 Theotimo
906 798 1016 886 polita:
1037 798 1131 864 αἰδοῖ
1143 802 1241 864 Μον-
1303 830 1306 835 ·

101 886 177 951 rev
189 878 271 960 τούς
283 882 384 965 ἱερεῖς
396 877 510 949 αὐτῶν
528 879 623 961 ἄξιον
637 883 818 968 septimae:
840 888 881 949 ita
894 887 1020 971 passim.
1048 885 1100 966 [V.
1113 888 1293 966 collectattt)

100 990 122 1033 a
133 967 294 1035 Brotean
316 967 357 1033 ad
369 969 505 1056 Propere·
522 969 579 1050 Ill,
594 978 623 1050 1,
640 979 668 1038 1.
691 969 804 1053 Pars]
847 972 931 1035 Nihil
948 982 1032 1036 vetat
1050 974 1131 1035 hunc
1146 970 1242 1035 Persii

100 1054 264 1119 locumita'
280 1057 434 1141 accipere:
455 1056 527 1142 quia
544 1069 647 1120 tamen
669 1058 858 1121 consuetudo
881 1059 939 1120 fuit
960 1070 1027 1119 tum
1049 1056 1186 1135 Romae,
1208 1070 1242 1119 ut

100 1142 136 1209 itt
148 1140 230 1209 aede
239 1141 524 1228 ApollinisPalatini
536 1142 618 1205 docti
633 1145 830 1207 convenirent
841 1155 872 1207 et
887 1164 942 1207 sua
958 1144 1067 1228 scripta
1082 1164 1121 1205 eo
1140 1141 1242 1206 defer-

100 1239 180 1306 rent,
200 1238 386 1311 praestatex
406 1250 444 1291 eo
459 1250 548 1291 more
563 1228 675 1314 politae
686 1234 781 1293 verba
790 1230 993 1315 interpretari,
1016 1227 1175 1314 quomodo
1188 1230 1241 1291 ille

100 1313 244 1400 superius
258 1314 493 1399 accipiebamus.
538 1315 620 1392 [Non
638 1319 768 1400 probant
780 1316 862 1380 Pass.
878 1326 908 1377 et
922 1313 1078 1392 Donnes,
1101 1316 1153 1399 qui
1171 1326 1242 1398 apte

98 1398 209 1465 laudat
221 1397 318 1467 ovid.
333 1397 421 1462 Pont.
435 1399 477 1479 ll,
495 1404 545 1478 10,
560 1406 619 1465 17:
641 1400 730 1466 Sunt
753 1411 871 1465 tumea
895 1400 983 1465 iuter
999 1408 1038 1463 'se
1060 1421 1242 1463 eommu-

97 1484 179 1551 nia
198 1506 329 1549 sacra
350 1485 480 1569 poetis,
510 1484 699 1551 Diversum
724 1486 880 1574 paremvis
904 1482 1242 1573 qrrisque·seqriamur

99 1570 182 1639 iter·
210 1568 259 1635 cf.
270 1568 407 1635 Turneb.
426 1570 505 1637 adv.
519 1570 616 1650 XXI,
632 1575 674 1652 6.]

167 1660 222 1725 ’8.
243 1655 333 1738 Quis
344 1655 516 1742 expedierit
519 1652 673 1743 psittaco
691 1679 789 1721 suum
807 1661 898 1740 χαῖρε
906 1653 935 1736 l]
968 1658 1054 1719 Haec
1069 1660 1133 1735 jam
1149 1659 1241 1719 altera

99 1763 174 1829 pere
191 1742 313 1829 prologi
327 1744 427 1822 hujus,
449 1764 542 1828 quam
558 1742 692 1806 diximus
704 1755 801 1805 totam
815 1765 883 1807 esse
898 1737 1125 1823 ἃιασυρτικήν.
1161 1740 1243 1805 Nam

99 1848 214 1895 eorum
227 1828 434 1913 interpretatio
446 1827 568 1914 pridem
584 1832 726 1914 explosa,
749 1828 802 1913 qni
819 1829 952 1892 arbitrati
969 1839 1040 1890 sunt
1059 1827 1098 1889 de
1113 1849 1149 1890 se
1163 1827 1242 1912 poi-

59 1928 63 1939 '
99 1925 166 1977 tam
179 1915 251 1977 heic
270 1914 356 1998 loqui
379 1926 410 1976 et
423 1935 564 1977 caussam
579 1915 706 1992 afferre,
729 1936 782 1977 cur
805 1914 845 1977 ad
870 1935 976 1978 versus
996 1912 1155 1975 faciendos
1176 1912 1244 1975 ani-

98 2021 191 2063 mum
206 2000 370 2085 appulerit:
393 2011 527 2079 egestate
545 2021 660 2086 nempe
680 2001 777 2063 fuisse
794 2002 932 2063 coactum
955 2010 985 2061 et
1005 2003 1105 2063 fame:
1126 2019 1186 2060 nae
1199 1998 1244 2060 ri-

77 2084 196 2157 dimili
211 2085 356 2151 homines
377 2097 463 2147 erant
483 2096 514 2149 et
532 2107 636 2149 rerum
656 2087 798 2149 omnium
817 2084 1053 2173 imperitissimi,
1075 2085 1185 2170 quibus
1202 2082 1244 2146 'de
1331 2132 1336 2141 .

97 2182 188 2237 tauto
215 2170 300 2249 viro,
328 2170 495 2250 natalibus,
525 2172 653 2258 opibus,
671 2172 855 2235 'eruditione
876 2171 1058 2256 conspicuo,
1085 2180 1130 2248 et,
1161 2167 1243 2254 quod

97 2257 209 2323 omnia
219 2268 354 2343 superat,
375 2257 587 2321 severissimae
603 2256 780 2345 disciplinae
792 2261 927 2335 alumno,
948 2268 1012 2319 tam
1027 2255 1158 2318 absurda
1172 2277 1245 2318 sen-

96 2343 196 2413 tentia
214 2343 315 2428 potuit
329 2343 460 2428 probari.
502 2341 625 2407 Scilicet
640 2366 765 2406 morum
783 2344 977 2430 publicorum
997 2362 1156 2405 censuram
1173 2361 1243 2403 sus-

97 2429 232 2515 cepissa
243 2427 381 2507 Persius,
403 2426 488 2514 quod
507 2430 608 2514 operis
629 2432 720 2510 hujus
743 2442 789 2493 est
811 2441 1041 2510 argumentum,
1063 2428 1089 2490 si
1109 2447 1242 2512 pauper·
1258 2452 1295 2506 20

98 2524 163 2581 tate
174 2512 301 2579 adaeus
315 2513 509 2579 mercedulae
522 2536 558 2577 ac
576 2515 615 2578 sti
637 2517 664 2578 is
681 2517 812 2578 miserae
831 2504 984 2578 desiderio
1006 2535 1083 2599 opus
1096 2513 1244 2575 instituis-

97 2601 170 2667 set?
187 2600 278 2667 ‘Non
299 2601 390 2681 igitur
411 2600 450 2662 de
472 2622 507 2663 se
529 2602 606 2664 haec
615 2538 757 2680 Persius,
778 2623 887 2665 verum
911 2600 950 2663 de
971 2600 1031 2663 illis
1046 2599 1121 2685 ipsis
1134 2597 1243 2697 poetis,

96 2687 211 2773 quibus
229 2684 329 2766 modo
348 2685 469 2751 dicebat
488 2708 524 2751 se
547 2687 718 2752 remittere
728 2684 1037 2771 Heliconiadesqne
1051 2681 1244 2770 pallidam-
1279 2754 1284 2771 ἢ

99 2796 163 2860 que
184 2769 348 2837 Pirenen.
393 2769 647 2858 Quamplurimos
669 2785 737 2837 tum
758 2772 880 2835 Romae
899 2792 948 2835 res
973 2770 1132 2833 familiaris
1157 2767 1244 2831 domi

98 2870 228 2940 angusta
254 2858 434 2945 impellebat
460 2857 573 2921 audere
599 2858 713 2944 aliquid
731 2860 765 2921 in
786 2860 895 2936 literis3
922 2858 1012 2920 multi
1033 2856 1073 2919 ad
1092 2859 1195 2918 iorum
1209 2876 1244 2916 se

99 2947 317 3024 conferebant3
338 2945 450 3030 plures,
471 2966 543 3007 cum
560 2965 650 3025 agere
662 2967 784 3008 caussae
805 2945 958 3007 nescirent
975 2952 1028 3005 aut
1048 2942 1141 3031 nimis
1155 2942 1244 3003 labo-
1297 2944 1304 2955 ’

97 3022 217 3095 riosum
230 3042 390 3117 putarent,
411 3028 453 3093 ed
490 3029 604 3094 oiitices
624 3031 761 3094 sardium
784 3043 929 3114 tanquam
945 3028 976 3091 in
992 3039 1115 3114 portum
1134 3028 1244 3088 confir-
1328 3096 1334 3111 ἱ

98 3117 235 3197 ςὶὼεηῒ.
276 3115 436 3181 Petronius
496 3117 591 3194 biter,
613 3117 719 3181 Persio
745 3117 897 3202 aequalis,
921 3115 957 3191 [c.
984 3115 1075 3191 118]:
1105 3110 1244 3188 Multos,

96 3200 287 3289 ojuvenie,
309 3222 450 3267 carmen
472 3200 605 3290 decepit
612 3227 624 3282 ,-
647 3224 749 3275 nam,
772 3211 808 3265 nt
826 3200 898 3289 qais
921 3220 961 3262 re
981 3219 1119 3261 versum
1139 3193 1244 3283 pedi-

95 3284 159 3355 [Μ
185 3286 367 3365 astruxit,
389 3286 535 3373 ptrtavit
563 3310 599 3353 se
621 3286 778 3352 ceratinae
805 3287 842 3351 in
866 3222 1064 3348 Hilicortem
1087 3282 1243 3346 vertisse:

96 3376 147 3441 aie
152 3368 355 3461 forensibus
373 3372 573 3438 ministeriis
592 3371 768 3439 moremati
780 3367 985 3459 frequenter
1003 3368 1054 3433 ad
1077 3365 1244 3432 carminis

96 3457 390 3549 tranquillitatem
405 3469 574 3546 tuaquom
594 3459 645 3523 ad
660 3470 805 3546 portum
813 3454 1015 3548 faciliorem
1029 3450 1244 3543 refugerunt,

96 3544 276 3617 credeliter
291 3548 421 3644 poimtt
429 3541 575 3633 facilins
596 3545 707 3610 extriti
723 3564 949 3633 peraequum
970 3537 1245 3605 controversiam

87 3628 313 3698 'sententiolis
334 3629 553 3694 vibrantibus
568 3632 713 3719 pictam.
757 3631 806 3694 Ad
822 3630 897 3693 istos
916 3630 995 3689 falso
1021 3625 1151 3689 creditos
1165 3623 1245 3710 poli-

62 3776 65 3781 .
96 3729 144 3783 tas
162 3715 318 3781 referendi
337 3729 499 3802 sequentes
516 3716 613 3781 Persii
625 3739 742 3784 versus.
784 3715 866 3780 Nam
876 3712 970 3798 ‚quod
990 3713 1035 3775 illi
1049 3709 1245 3799 impudentes

96 3807 261 3886 jactabant,
283 3804 455 3869 somniasse
468 3804 502 3867 in
519 3803 670 3869 Parnasso
691 3814 723 3867 et
741 3805 780 3866 ab
794 3802 870 3888 ipsis
884 3799 985 3865 Musis
1007 3797 1104 3862 fuisse
1118 3796 1245 3860 doctos:

97 3889 130 3953 id
142 3889 267 3953 Persius
282 3890 408 3969 refellit,
427 3909 533 3953 reram
549 3892 681 3955 afferens
701 3909 840 3952 caussam
854 3907 933 3972 quae
948 3883 1087 3949 misellos
1103 3881 1145 3945 ad
1164 3893 1246 3944 tem-

97 3978 148 4063 pla
163 3976 326 4041 Musarum
347 3987 494 4061 tanquam
515 3973 556 4039 ed
575 3977 717 4059 egestatis
737 3993 812 4039 suae
831 3975 953 4055 asylum
974 3970 1187 4057 compulisset:
1210 3977 1245 4028 ut

97 4064 149 4129 rel
172 4084 214 4126 ex
236 4068 275 4125 eo
295 4074 454 4148 appareret
471 4064 584 4126 horum
605 4064 715 4148 scripta
733 4083 798 4124 non
821 4059 985 4147 poetarum
1003 4053 1153 4140 paripate
1176 4074 1244 4116 esse

95 4143 303 4233 γεννήματα,
335 4146 407 4213 setl'
420 4148 592 4212 infelicium
620 4148 814 4229 ingeniorum
842 4139 1005 4227 ripaltam
1033 4141 1187 4229 quaedam
1214 4152 1246 4200 et

96 4233 191 4316 zap&
208 4230 318 4318 φύσιν
340 4228 544 4315 laesuram.
602 4234 768 4321 comparat
791 4233 868 4296 istos
888 4229 1010 4295 Persius
1026 4251 1104 4291 ,cnm
1126 4226 1245 4302 aribus,

97 4342 178 4407 (με
201 4333 313 4389 natura
328 4342 384 4384 saa
408 4322 565 4385 humanae
583 4320 670 4387 vocis
689 4322 830 4401 ignarae,
856 4328 922 4380 arte
942 4331 1046 4378 tamen
1072 4337 1110 4376 eo
1128 4309 1245 4413 perdu-

95 4420 225 4489 amur,
246 4417 407 4497 :transtra
424 4408 730 4493 embammatum·
754 4404 869 4468 Naana
890 4402 985 4466 aritio
1006 4400 1110 4482 generi
1128 4404 1246 4480 tepor
1326 4402 1329 4407 '
