2700 4972
49 422 73 442 ,,
164 404 213 445 xx
311 336 316 345 ’
454 428 458 435 .
572 359 941 475 ΗΕΒ-3η
1054 390 1059 403 =
1146 462 1149 469 ¹
1231 336 1240 355 ’

165 550 240 620 Pro
262 545 370 613 nihilo
386 532 551 637 pendor?
575 588 613 598 -
636 548 715 613 Ecce
733 552 812 614 intcr
832 554 941 638 pocula
963 545 1110 641 quaerunt
1264 563 1307 626 30

165 644 354 743 Romulidae
373 652 481 737 saturi,
510 655 583 743 quid
606 656 656 718 dia
675 656 819 745 poiimata
841 672 969 723 narrent.

133 820 135 831 .
165 768 244 831 Heio
265 766 388 853 aliquis,
418 765 465 826 cui
488 765 599 826 circum
620 767 767 829 humeros
788 767 984 848 hyacinthina
1006 771 1094 833 laena
1110 782 1179 848 est,
1239 846 1241 853 Ι

165 874 371 940 Rancidulum
392 870 539 957 quiddam
559 870 650 936 balba
672 872 711 935 de
731 862 805 936 nare
825 876 962 952 locutus,

111 1032 114 1039 .
166 981 338 1067 Phyllidas,
368 978 574 1067 Hypsipyles,
600 992 707 1044 vatum
728 993 758 1043 et
778 982 925 1069 plorabile
946 1004 973 1045 st
994 982 1082 1068 quid,

165 1090 289 1177 Eliquat
307 1109 343 1151 ac
364 1100 470 1151 tenero
492 1090 664 1175 supplantat
683 1090 779 1151 verba
798 1090 912 1175 palato.

96 1191 99 1195 ⁴
145 1200 330 1283 ''Assensere
351 1196 427 1261 viri:
470 1216 551 1256 nunc
571 1216 636 1256 non
657 1195 732 1259 cinis
751 1196 804 1259 illo
826 1195 936 1282 podtae

108 1302 111 1307 ’
166 1305 276 1370 Felix?
320 1325 385 1365 non
405 1302 503 1366 levior
524 1301 629 1388 cippus
650 1324 731 1364 nuno
753 1302 899 1389 imprimit
920 1304 1013 1367 ossa?
1056 1298 1059 1307 ’
1098 1316 1101 1321 “
1214 1286 1217 1291 ’

168 1411 307 1477 Laudant
329 1408 495 1475 convivae:
539 1432 620 1471 nunc
645 1394 709 1472 uon
731 1431 749 1470 e
768 1408 910 1501 manibus
931 1411 1005 1490 illis,
1125 1420 1137 1449 ³

166 1521 256 1587 Nunc
276 1539 341 1581 non
362 1540 380 1580 e
401 1518 518 1578 tumulo
540 1520 751 1600 fortunataque
771 1518 875 1581 favilla

44 1608 49 1633 ¹
83 1678 89 1694 ,
167 1627 335 1693 Nascentur
354 1604 480 1690 violae?
504 1661 545 1674 -
576 1622 705 1702 Rides,
735 1624 791 1704 ait,
821 1633 856 1687 et
877 1623 981 1689 nimia
1000 1624 1102 1717 'oncis
1260 1631 1309 1699 ²40

169 1730 328 1799 Naribus
351 1728 532 1817 indulges:
561 1752 607 1794 ou
630 1729 698 1795 erit
721 1731 779 1819 qui
800 1728 891 1796 velle
915 1744 1045 1798 recuset
1112 1784 1116 1791 s

171 1838 223 1906 Oa
240 1835 363 1926 populi
387 1836 572 1918 meruisse,
602 1848 636 1901 et
659 1836 760 1903 cedro
784 1836 895 1927 digno
917 1839 1051 1904 locutus

169 1945 343 2033 Linquere
355 1966 417 2007 neo
434 1944 607 2009 scombros
626 1946 818 2011 metuentia
832 1944 992 2011 carmina
1004 1968 1068 2011 neo
1083 1945 1189 2013 thus?
1205 1986 1243 1997 -

169 2053 323 2141 Quisquis·
341 2075 392 2131 es,
421 2073 440 2114 o
463 2051 559 2114 modo
585 2075 678 2137 quem
698 2076 739 2117 ex
758 2053 888 2119 adverso
912 2053 1108 2137 diceresed,

169 2163 241 2249 Non
263 2183 338 2242 ego,
367 2181 437 2222 cum
458 2161 578 2237 scribo,
602 2161 628 2224 si
649 2165 728 2225 forte
749 2162 823 2248 quid
844 2164 943 2250 aptius
966 2164 1044 2244 exit,
1067 2204 1106 2213 —
1269 2166 1338 2235 45·

169 2266 305 2349 Quando
329 2269 407 2330 haee
427 2288 494 2330 rara
514 2268 580 2332 avis
602 2279 667 2349 est,
684 2302 727 2315 -
747 2272 774 2334 si
796 2269 868 2355 quid
888 2283 994 2334 tamen
1015 2273 1113 2359 aptius
1134 2273 1212 2354 exit,
1274 2350 1277 2355 Ι

170 2374 302 2441 Laudari
321 2387 474 2438 metuam:
516 2377 723 2463 nequeenim
743 2379 822 2440 mihi
843 2378 954 2441 cornea
974 2380 1051 2443 libra
1072 2392 1135 2446 est:

106 2504 109 2509 ’
171 2482 236 2550 Sed
256 2484 329 2546 recti
349 2484 504 2575 finemque
525 2494 757 2571 extremumque
780 2508 848 2550 esse
869 2509 976 2550 recuso

173 2589 285 2655 EUGE
303 2602 392 2661 tuum
413 2600 444 2653 et
464 2587 617 2683 BELLE;
659 2610 734 2652 nam
754 2572 889 2655 BELLE
912 2596 973 2658 hoe
995 2609 1102 2660 excute
1124 2607 1242 2662 totum:

103 2758 110 2765 .
173 2682 259 2780 Quid
279 2721 343 2761 non
363 2684 445 2761 intus
464 2698 581 2763 habet?
623 2696 696 2761 Non
714 2698 785 2760 heic
806 2711 852 2762 est
868 2699 941 2766 Ilias
961 2703 1033 2766 Acci
1204 2758 1208 2769 .
1269 2706 1311 2771 50

172 2805 264 2870 Ebria
287 2806 429 2873 veratro?
468 2828 533 2868 non
554 2806 581 2869 si
602 2826 662 2892 qua
683 2804 814 2887 elegidia
833 2808 917 2873 crudi

172 2914 332 2978 Dictamnt
352 2914 517 3001 proceres?
556 2936 624 2977 non
644 2913 786 3000 quicquid
810 2915 941 3003 denique
961 2917 1047 2981 lectis

173 3023 320 3087 Scribitur
339 3022 370 3082 in
393 3006 515 3085 citreis?
560 3018 702 3085 Calidum
723 3022 782 3085 scis
804 3045 921 3110 ponere
942 3045 1068 3104 sumon3
1099 3108 1102 3113 Ι

172 3131 239 3195 Scis
264 3130 409 3192 comitem
428 3126 620 3191 horridulum
638 3130 705 3191 trita
726 3128 842 3193 donare
862 3131 995 3210 lacerna,

70 3270 81 3291 ι
171 3237 226 3316 Et,
253 3237 388 3312 Verum,
414 3237 532 3321 inquis,
561 3257 651 3315 am03
678 3258 788 3300 verum
808 3239 887 3301 milri
910 3237 1002 3301 dicite
1022 3237 1063 3301 de
1084 3242 1153 3303 me!
1271 3242 1312 3309 56

172 3343 238 3424 Qui
258 3345 355 3430 pote?
397 3344 446 3407 vis
466 3320 590 3408 dicam?
633 3345 769 3425 nugaris,
799 3334 871 3425 cum
891 3345 961 3425 titi,
995 3347 1095 3424 calve,

172 3450 297 3531 Pinguis
317 3438 502 3535 aqualiculus
524 3471 676 3537 propenso
698 3432 881 3539 sesquipede
901 3462 993 3517 extet.

173 3557 205 3625 O
226 3558 318 3636 Jane,
339 3579 365 3620 a
388 3569 472 3637 tergo
494 3578 588 3642 quem
608 3561 690 3620 nulla
713 3559 830 3623 ciconia
849 3558 959 3646 pinsit,

106 3690 107 3695 ¹
171 3665 237 3731 Nec
257 3687 366 3728 manus
387 3665 533 3728 auriculas
552 3663 664 3727 imitari
685 3667 809 3733 mobilis
830 3669 931 3747 albas,

171 3773 236 3837 Nec
257 3773 395 3854 linguae,
425 3784 571 3858 quantum
591 3773 672 3836 sitiat
697 3775 780 3839 canis
800 3774 946 3862 Appula‚.
966 3776 1102 3838 tantum!
1272 3786 1313 3847 60

172 3879 256 3958 Vos,
285 3900 305 3941 o
327 3880 468 3966 patricius
489 3881 629 3962 sanguis,
661 3903 739 3966 quos
760 3882 867 3949 vivere
886 3886 934 3947 fas
956 3894 1003 3947 est

172 3984 305 4073 Oocipiti
327 4009 434 4067 caeco,
462 3990 598 4074 posticae
619 3988 766 4061 occurrito
784 3992 914 4055 sannae!
939 4024 978 4037 -

258 4091 345 4174 Quia
364 4094 487 4182 populi
499 4116 623 4160 sermo
646 4094 724 4161 eat'l
742 4132 784 4143 -
805 4094 886 4179 Quis
908 4100 1015 4165 enim?
1050 4099 1109 4165 nisi
1137 4103 1271 4166 carmina

817 4206 907 4268 molli
960 4246 963 4251 -

171 4304 259 4371 Nunc
282 4307 409 4376 demum
423 4294 557 4377 ¹numero
574 4313 690 4390 fluere,
717 4322 751 4374 ut
770 4334 827 4399 per
847 4316 936 4419 laeve
956 4334 1083 4379 severos

172 4445 383 4459 ——-——...

243 4505 275 4558 V.
292 4506 337 4563 35.
355 4514 383 4563 et
397 4514 452 4564 tea.
469 4537 503 4547 -
525 4507 558 4562 V.
576 4508 620 4564 59.
639 4506 746 4563 tortora
762 4516 810 4565 or.
829 4536 864 4551 -
883 4510 916 4565 V.
935 4512 979 4567 60.
997 4518 1097 4565 tantoo
