2700 4972
490 338 744 405 ututur
786 340 826 407 Π.
933 440 938 454 Ι

76 508 113 573 Si
137 508 257 591 Cynico
279 510 406 603 bertram
428 513 567 597 petulans
591 504 727 576 Nouariu
748 515 851 577 vellet.

73 619 137 683 His
160 638 252 681 marre
273 616 423 698 edictum,
452 629 524 717 pqot
543 619 670 705 prandia
691 620 867 687 Culluhoiiir
889 622 941 688 do.
1034 616 1041 637 ¹

412 1120 505 1233 εἰ
546 1108 634 1233 τί
674 1166 876 1239 ιιι-ιι.

218 1334 288 1389 ιιι
337 1326 1074 1403 rnouruuuaoaru'un.

156 1492 262 1571 Hunc,
290 1492 445 1572 Macrine,
472 1490 555 1555 diem
575 1512 703 1558 numera
724 1498 853 1562 meliore
873 1501 994 1588 lapillo,

66 1598 136 1680 Qui
155 1602 213 1665 tibi
233 1603 370 1663 labentes
392 1601 519 1685 apponit
540 1599 687 1664 candidus
708 1624 814 1669 annos.

65 1708 178 1773 Finde
197 1730 319 1772 merum
341 1698 451 1772 Genio.
495 1706 567 1771 Non
587 1720 620 1770 ιιι
640 1730 730 1795 prece
751 1715 852 1797 poscis
874 1717 988 1797 emaci,
1019 1788 1024 1799 .

66 1814 159 1897 Quae
181 1804 244 1880 nisi
262 1796 395 1881 seductis
416 1836 552 1902 nequeas
574 1816 764 1881 committere
786 1819 875 1885 diris.
1124 1898 1128 1905 ¹

27 1944 32 1955 ·
64 1924 103 1988 At
122 1928 207 1989 bona
231 1945 303 2011 pars
323 1944 485 2011 procerum
504 1924 594 1986 tacita
615 1924 722 1988 libabit
742 1920 878 1993 acerras
1188 1937 1212 2001 6

63 2032 159 2096 Haud
181 2032 284 2097 cuivis*
298 2041 475 2118 promptum
497 2043 557 2112 est,
587 2052 784 2121 murmurque
805 2036 1000 2125 humilesque
1020 2059 1158 2102 susuuos

62 2140 191 2205 Tollere
212 2139 251 2204 de
271 2140 395 2226 templis
416 2150 447 2202 ct
470 2151 576 2227 aperto
594 2138 701 2205 virere
720 2152 805 2207 voto.

61 2246 166 2313 Meus
187 2246 294 2323 lona,
313 2244 442 2333 sama,
459 2241 578 2333 fider!
619 2248 696 2311 haec
718 2250 798 2313 clare
820 2260 852 2314 et
870 2263 904 2314 ut
925 2249 1028 2315 audiat
1040 2254 1178 2351 hospes:

61 2353 119 2420 Ille
139 2356 202 2421 ιιἸιί
220 2356 386 2421 introrsum
406 2365 438 2419 et
457 2356 515 2417 sub
535 2355 638 2437 lingua
658 2354 889 2423 immurmurat:
920 2381 940 2422 o
962 2356 994 2423 si

61 2461 204 2531 Ebullit
216 2460 343 2550 putrui
358 2460 586 2547 praeclarum
603 2458 734 2549 fratruo!
765 2476 812 2544 et,
844 2488 864 2529 o
886 2463 918 2529 si
993 2442 1002 2483 ²
1167 2476 1206 2537 lo

60 2569 132 2636 Sulr
153 2580 270 2637 rootro
293 2578 413 2657 erepet
433 2568 576 2657 urgenti
596 2569 687 2634 milri
708 2569 805 2636 aeria
826 2570 953 2637 dextro

59 2676 242 2744 Hercule!
273 2677 494 2766 pupillumve
517 2676 672 2757 utinum,
700 2698 802 2763 quem
822 2680 1003 2767 proximua
1022 2679 1149 2746 luceres

9 2852 16 2875 Γ
59 2785 227 2876 impello,
250 2789 476 2875 expungam!
518 2806 665 2873 nomque
688 2794 741 2849 eat
767 2785 941 2855 ocaliooua
964 2799 998 2854 cl
1019 2788 1097 2854 ucri

55 2892 139 2963 'Bile
162 2904 283 2959 tumet.
328 2884 442 2962 Nerio
460 2893 540 2981 jam
564 2892 668 2958 terlio
690 2891 832 2959 ducitur
853 2916 953 2959 texor.

59 3004 145 3068 llaec
165 2992 271 3068 sande
290 3016 325 3067 ut
344 3024 469 3091 poscas,
497 3002 644 3069 Tiberino
665 3003 700 3066 in
723 3003 839 3085 gurgite
860 3004 972 3085 mergis
1163 3006 1202 3070 15

58 3108 154 3177 Mane
174 3122 265 3199 caput
285 3112 332 3176 bis
352 3124 475 3198 terque,
502 3122 534 3174 et
557 3122 682 3175 noctem
702 3110 831 3174 flumine
851 3132 971 3197 purgas.
1070 3138 1073 3142 “

140 3254 229 3321 Heus
251 3275 326 3337 age,
353 3236 524 3341 responde,
550 3250 714 3315 minimum
736 3262 782 3316 est
803 3251 888 3339 quod
908 3252 985 3315 scire
1004 3253 1129 3347 laboro.

7 3324 17 3425 i
56 3358 209 3429 Delove
230 3362 459 3451 quidsentis?
487 3372 573 3424 estne
595 3370 628 3423 ut
647 3380 835 3447 praeponere
857 3380 943 3423 cures

23 3463 163 3549 Hunc,
189 3471 336 3537 cuinam?
357 3505 402 3518 —
424 3468 569 3533 cuinam?
597 3467 646 3533 ris
668 3464 777 3533 Staio?
808 3489 848 3531 an
868 3468 984 3531 scilicet
1003 3468 1127 3557 haereq,

56 3574 135 3657 (laris
147 3576 259 3669 potior
278 3578 403 3660 judexs
416 3578 559 3667 puerisve
581 3575 648 3663 quis
669 3574 769 3661 aptior
790 3575 897 3640 orbis?
1155 3581 1199 3645 ιθ
1264 3637 1269 3663 .-

6 3684 153 3753 Qfloc
141 3686 250 3769 igitur,
278 3708 340 3774 quo
359 3698 395 3749 tu
415 3684 504 3755 loris
525 3706 631 3749 aurem
650 3683 810 3769 impellere
831 3694 948 3759 tentas,

6 3880 9 3885 Ι
54 3792 113 3859 Dic
133 3792 269 3877 agedum
290 3794 396 3859 Staio.
435 3814 503 3885 pro
530 3786 719 3879 luppiter!
752 3784 897 3871 olore,
926 3793 1051 3872 clamet,

53 3896 238 3989 luppiter!
280 3915 311 3965 at
334 3924 404 3967 sese
423 3924 489 3967 nou
511 3903 622 3967 clamet
642 3898 782 3987 luppiter
801 3898 895 3987 ipse?

52 4006 212 4090 lgnovisse
233 4021 336 4096 putas,
367 4011 437 4101 quia
459 4033 530 4077 cum
550 4020 652 4088 tonat,
683 4008 768 4070 ocius
789 4006 852 4071 ilex

54 4114 175 4181 Suliure
197 4116 353 4182 discutitur
369 4141 456 4183 sacro
479 4140 571 4205 quarn
595 4129 686 4202 tuque
708 4114 910 4201 domusque?
1154 4116 1196 4180 25

52 4224 97 4287 Διι
116 4224 191 4313 quia
213 4249 277 4289 non
298 4226 383 4290 filrris
404 4228 511 4290 ovium
531 4227 732 4309 Ergennaque
755 4226 878 4303 jubente

53 4330 151 4397 Triste
171 4336 254 4413 jaces
275 4336 350 4399 lucis
375 4333 613 4423 evitandumque
640 4330 791 4409 bidental,

53 4440 172 4507 Idcirco
196 4441 338 4507 stolidam
359 4428 487 4530 praebet
506 4441 562 4506 tibi
582 4442 695 4506 vellere
715 4440 844 4509 buhen
931 4436 935 4443 ¹
