2700 4972
375 312 437 377 AD
467 312 641 379 PERSII
668 313 894 379 SleRtiM
920 309 991 386 ,V.'
1174 262 1233 385 eor
1307 340 1311 345 ·

106 502 235 547 summo
247 486 313 563 jure
327 483 445 569 eliquid
466 484 606 564 remittit,
635 497 669 547 ut
691 489 757 548 fere
775 495 916 571 parentes
932 485 1053 551 liberist
1073 486 1117 549 sic
1130 483 1296 551 dicitnsst

105 568 253 654 princeps
274 566 465 631 debitorum
492 567 629 657 reliqua
653 568 851 657 indulgere,
882 586 1011 656 quorum
1034 572 1175 653 exigendi
1197 578 1249 652 jus

105 654 232 743 habuit3
255 653 363 717 dicitur
376 667 410 718 et
424 655 464 717 de
480 657 564 734 aliis,
587 668 620 717 ut
639 659 704 720 fere
717 653 904 719 Graecorum
918 652 1114 738 introductu.
1148 656 1245 739 =Glos-
1312 734 1315 740 Ι

106 760 212 802 sarum
231 741 375 821 magister
397 742 523 826 exponit
545 737 798 821 δαψιλεύεσθαι,
819 741 912 827 ‚quod
937 754 983 807 est
997 740 1105 831 genio
1122 739 1245 806 indul-

101 844 192 911 gere
208 837 261 887 out
278 827 391 911 epulis,
410 848 478 889 non
493 828 669 914 simpliciter
682 823 884 914 indulgeret
905 827 978 890 hinc
993 829 1087 891 etium
1104 828 1244 907 obtinuit,

104 921 141 972 ut
157 909 294 972 dicerent
307 911 464 992 indulgere
478 934 535 997 pro
549 916 680 975 multum
696 912 819 976 studere
838 913 928 975 alicui
948 912 1006 993 rei,
1029 924 1063 975 ut
1081 910 1244 1001 indulget

106 1016 248 1081 campo,
269 998 332 1059 hoc
345 1009 390 1059 est
402 1001 516 1060 multus
531 1010 577 1061 est
590 1000 622 1060 in
638 1020 746 1084 compo
760 1010 791 1061 et
804 1020 841 1060 eo
858 1000 1032 1061 oblectetur.
1074 994 1182 1085 Inepte
1193 1003 1242 1062 fa-

105 1082 189 1143 ciunt
202 1081 261 1166 qui.
273 1104 342 1143 cum
355 1084 446 1147 venie
456 1082 677 1165 indulgentiam
698 1082 905 1147 confunduntt
938 1104 957 1146 e
977 1086 1126 1146 contrario
1148 1087 1241 1163 enim,

103 1168 159 1229 ubi
173 1179 221 1231 est
235 1166 438 1247 indulgentie,
459 1169 503 1231 ibi
513 1171 623 1233 veniae
638 1172 737 1233 nullus
751 1172 853 1233 locus:
873 1170 987 1257 quippe
1000 1172 1119 1233 nullum
1131 1192 1243 1257 pecce-

103 1263 171 1315 tum
186 1256 269 1331 ejus,
292 1255 340 1315 cui
351 1251 533 1335 indulgetur.
1015 1318 1020 1331 ,

104 1372 108 1382 ·
172 1334 297 1403 ‘Hunc
310 1337 389 1399 alea
407 1334 592 1423 decoquit]
613 1332 1083 1425 'Eutrotpu‚remfa1nittaoem
1095 1340 1176 1403 illius
1189 1342 1243 1403 ab·

103 1424 207 1487 sumit.
249 1422 455 1505 Symmachus
474 1426 551 1488 libro
564 1422 616 1487 lX
632 1426 732 1512 [epist.
751 1425 821 1505 83]:
846 1432 1005 1488 surrectus
1024 1422 1117 1488 nituit
1136 1422 1241 1487 deco-

103 1507 181 1595 quit
192 1504 395 1595 firmitatis,
419 1521 448 1572 et
461 1510 539 1574 libro
552 1510 600 1574 lV
615 1509 689 1588 [imo
704 1510 749 1588 X,
770 1532 818 1597 ep.
842 1512 911 1593 e1]:
934 1508 1095 1574 Floudoe
1119 1532 1239 1573 mone-

104 1602 161 1675 tae
176 1592 366 1681 nequitiam
380 1593 548 1682 decoquat
567 1593 673 1682 larga
686 1592 875 1682 purgati03
896 1599 948 1659 vel
969 1598 1050 1676 cogit
1068 1596 1240 1683 decoquere

92 1678 198 1743 tidem
212 1679 428 1759 creditoribus,
451 1680 534 1745 unde
549 1681 620 1743 dicti
633 1678 847 1756 decoctorem
870 1703 933 1743 non
953 1683 1035 1743 mole
1049 1684 1142 1745 etiam
1156 1692 1241 1745 retu-

101 1766 172 1829 leris
182 1764 228 1827 ,ed
243 1767 377 1853 corporis
394 1764 592 1829 incommoda
604 1788 644 1829 ex
662 1768 755 1847 longo
774 1768 838 1829 otio
852 1777 883 1829 et
904 1768 1073 1829 cessatione
1093 1769 1242 1833 exercitu.

103 1852 210 1915 tionis:
231 1850 403 1915 sedentaria
418 1854 500 1914 enim
522 1874 571 1914 res
592 1863 639 1914 est
659 1855 742 1914 olea:
766 1848 924 1937 decoquit
943 1852 1034 1932 igitur
1054 1855 1109 1915 erit
1126 1848 1238 1935 τῆκειε

101 1936 260 2043 quomodo
275 1938 434 2022 capiturin
446 1938 511 2001 istis
530 1936 644 2021 antiqui
657 1938 809 2031 scriptoris
829 1936 912 2021 opud
933 1938 1119 2002 stobaeum:
1142 1940 1238 2019 σῶμα

100 2022 200 2105 αργίη
217 2016 326 2106 trister,
346 2018 457 2106 ψυχὴν
472 2018 507 2086 δὲ
521 2014 724 2107 ἄμελετησίη.
770 2022 888 2101 [Prima
910 2023 1069 2109 explicatio
1088 2044 1162 2089 vera
1181 2015 1244 2087 e¹st.'

101 2107 150 2170 De
163 2107 291 2171 ludendi
302 2111 421 2188 imore,
444 2109 495 2194 qni
508 2109 566 2171 ista
578 2120 676 2171 aetate
691 2120 722 2173 et
732 2108 911 2195 insequente
926 2108 1099 2190 obtinuerit,
1115 2108 1236 2173 eJuve-

99 2195 160 2257 nel.
175 2196 214 2263 ol.
227 2192 377 2279 quaedam
392 2195 521 2275 collegit·
533 2194 592 2275 PL]

105 2282 111 2291 ’
184 2279 238 2345 58.
262 2276 330 2342 Ille
346 2276 387 2341 In
406 2274 579 2342 Venerem
593 2280 731 2364 putret]
758 2277 877 2365 Corpus
892 2278 1036 2340 cbntinuo
1056 2275 1188 2339 Veneris
1207 2286 1237 2338 et

98 2367 227 2427 alienun
240 2368 432 2449 voluptatum
448 2387 505 2427 usu
521 2367 752 2427 effoeminoturn
765 2377 855 2451 atque
870 2365 1054 2426 exhaustum
1069 2364 1110 2424 eit
1116 2368 1237 2445 putre·
1268 2422 1273 2439 ,

101 2470 156 2529 re,
182 2451 245 2513 hoc
262 2463 308 2514 est
326 2451 448 2555 penitus
470 2463 643 2535 corruptum
665 2472 751 2516 esse:
788 2472 862 2513 nom
886 2448 1015 2533 putredo
1039 2460 1085 2510 est
1109 2442 1234 2527 φθορά.

97 2535 150 2601 sic
168 2534 280 2600 Graeci
300 2542 464 2619 crescere
483 2548 513 2599 et
530 2534 641 2618 τήκειν
664 2546 818 2625 usurpent.
871 2528 1048 2597 'Menander
1074 2527 1303 2613 [At-utimum)

120 2630 191 2689 .10.
207 2622 334 2703 Μεὶιι.Ῐ;
356 2619 511 2688 ἐσθίοντα
529 2620 585 2687 καὶ
597 2618 749 2705 λέγοντα·
771 2614 931 2703 Σήπομαι
944 2615 1010 2683 ὑπὸ
1028 2621 1085 2701 τῆς
1110 2612 1234 2700 ‘domic

128 2720 196 2771 etus
212 2720 317 2771 auctor
329 2706 408 2795 apud
423 2706 609 2790 stobaeum:
632 2704 650 2772 ὁ
671 2704 833 2789 Διογένης
852 2726 932 2781 τους
948 2641 1233 2787 uotiov‘e'bquoue

96 2796 220 2881 ζῶντας
241 2791 303 2876 μὲν
324 2788 461 2881 ἑαυτούς
481 2787 597 2875 σήπειν
616 2796 769 2873 λουτροῖς
790 2786 966 2875 τέγγοντας
990 2782 1285 2873 κᾶφροόισίοις392

94 2875 268 2963 educerum
295 2880 355 2943 Hic
371 2878 478 2964 estqui
488 2873 766 2964 appellaturdyqde
774 2877 856 2961 βίος,
871 2877 949 2939 sicut
960 2866 1088 2957 ὑγροὺς
1102 2868 1233 2959 ὀφθαλ-

94 2961 188 3049 pedu,
203 2987 281 3051 quos
307 2966 466 3043 Horatius,
499 2985 592 3049 quern
617 2965 651 3026 in
673 2966 732 3027 hec
750 2984 828 3026 voce
849 2961 969 3029 Persius
989 2962 1137 3039 imitatur,
1162 2980 1232 3044 pu-

95 3056 167 3115 tres
182 3049 301 3113 oculos
314 3049 462 3114 vertendo
479 3048 563 3113 dixit.
582 3048 670 3144 [od.
692 3048 718 3127 I,
739 3052 791 3127 36,
810 3051 840 3125 7,
861 3047 915 3135 ubi
934 3068 964 3111 v.
984 3046 1051 3107 intt.
1074 3083 1114 3092 -
1135 3044 1231 3108 Aen:

93 3137 319 3218 ,‚Vet.schol.,
339 3135 499 3223 caraune
534 3143 642 3213 utret3
670 3130 769 3199 Codd.
789 3153 898 3195 omnes
912 3132 1025 3195 nostri:
1046 3126 1173 3214 putris3
1198 3130 1231 3191 in
1326 3128 1329 3137 '

94 3224 249 3285 nonnullis
269 3233 358 3287 vacat
379 3222 467 3282 est.“
506 3156 581 3306 ipse
603 3220 703 3283 enim:
734 3226 785 3281 est
802 3215 933 3303 putris,
955 3227 989 3278 ut
1008 3214 1121 3297 Oretl.;
1150 3214 1230 3295 Tig,

92 3308 196 3373 Hevn.
213 3313 249 3373 3:
302 3305 390 3369 utris
410 3316 473 3369 est.
514 3308 629 3373 Web.:
657 3303 787 3385 „Omisi
804 3312 856 3365 est
878 3340 917 3350 -
939 3302 1116 3363 auctoritate
1136 3300 1231 3363 etiam

95 3394 198 3459 Wim.
213 3404 243 3455 et
279 3396 390 3456 'hemn
404 3391 508 3455 Schol.
521 3392 554 3454 in
572 3388 773 3455 Cod.Peris.:
797 3386 868 3451 scil.
885 3393 952 3465 est,
975 3382 1066 3472 quod
1087 3382 1124 3449 in
1144 3382 1230 3449 aliis

94 3480 188 3543 mole
205 3475 362 3543 additur.
405 3478 487 3541 Hinc
504 3500 542 3541 eo
555 3477 803 3563 faciliusputret
817 3472 1002 3536 -inlibros
1015 3473 1074 3535 irre
1096 3493 1146 3535 ere
1159 3483 1229 3558 pot·
1265 3549 1268 3557 Ι

93 3568 193 3631 eret.“.
235 3562 277 3627 In
298 3558 473 3629 Venerem
484 3562 600 3649 putris
613 3563 706 3624 etiem
721 3558 895 3624 Serviusad
911 3556 1051 3638 Georg.l
1083 3556 1198 3637 ‚199.]
1266 3562 1269 3567 '
1295 3628 1298 3634 ,

177 3648 250 3715 Sed
271 3672 351 3713 eum
370 3644 714 3735 lapidoso'clrirogru
737 3643 901 3735 Fregerit
919 3639 1115 3731 articulos]
1148 3638 1228 3721 Quis

91 3738 128 3801 sit
139 3740 333 3824 voluptatum
344 3740 468 3815 fructtu,
491 3732 639 3799 ostendit:
661 3736 744 3796 luere
753 3752 866 3817 nempe
879 3751 969 3797 senes
981 3750 1090 3791 eorum
1100 3749 1226 3814 poenes,

89 3844 167 3909 quae
181 3822 530 3909 peccaverintjuvenes3
552 3819 651 3883 obiter
665 3830 767 3880 eutem
787 3808 865 3879 baec
886 3816 1070 3891 inseruntur,
1092 3812 1227 3875 sednon

88 3922 297 3997 praetecum,
312 3908 500 3993 etsiprueter
511 3904 682 3975 institutum
695 3922 884 3967 sermonem:
901 3898 935 3962 id
950 3901 1035 3962 enim
1049 3909 1168 3961 tantum
1177 3898 1227 3960 in-

87 3997 234 4067 stituerat,
256 3992 376 4057 diversa
388 3992 552 4069 hominum
564 3988 664 4055 studia
679 4008 929 4065 commemorare,
943 4008 982 4048 ex
997 4005 1126 4071 quorum
1140 4005 1227 4045 com-

87 4083 246 4167 paratione
262 4091 408 4142 cresceret
422 4077 547 4141 Cornuti
563 4079 641 4138 laus:
663 4096 772 4139 rerum
786 4074 858 4137 facit
875 4075 937 4134 hoc
956 4091 1077 4161 quoqpe
1092 4068 1132 4131 ed
1148 4068 1226 4132 Cor-

86 4168 150 4229 nuti
164 4163 308 4245 leudem,
329 4163 414 4250 quod
434 4175 516 4226 recta
531 4160 719 4225 institutione
736 4180 792 4223 sue
812 4158 957 4221 homines
974 4157 1082 4220 liberet
1101 4176 1119 4217 e
1135 4154 1225 4216 tantis

84 4253 192 4331 unalis,
215 4253 406 4336 quaesitam
427 4271 492 4311 non
515 4270 554 4311 ex
576 4249 688 4311 virtute
706 4256 805 4307 actam
826 4244 1021 4305 comitantur:
1044 4261 1136 4327 quare
1149 4260 1226 4300 mox

84 4342 276 4421 juvenesque
290 4358 440 4420 senesque
453 4336 604 4406 hortatur,
624 4343 659 4394 ut
674 4342 810 4418 petente
832 4328 967 4393 Cornuto
988 4323 1124 4389 miserie
1146 4321 1225 4388 vio-

85 4425 156 4487 tr'ca
177 4421 295 4502 canis,
317 4424 378 4485 hoc
392 4433 439 4485 est
454 4430 567 4483 certem
580 4417 784 4483 rationemito
795 4415 892 4481 vitem
903 4410 1096 4492 instituendi,
1116 4421 1150 4475 ut
1170 4430 1224 4474 se-.

523 4622 544 4659 θ’
659 4648 662 4654 ,
