2700 4972
303 448 306 457 Ι
364 350 427 417 ru
456 347 625 418 rursu
651 303 920 443 sirtarim
1172 360 1216 425 u

58 522 199 601 bacola,
225 521 476 585 homoeoteleuta
498 534 530 586 et
549 521 682 604 similes3
710 518 851 587 libralia
877 518 1043 611 ὁνθμικῆὲ
1071 526 1212 595 dictionis
1312 566 1315 575 ,

118 607 206 695 pria3
236 607 280 671 sic
299 607 441 683 Hebraei¹
459 608 624 689 rhythmos
651 628 726 671 suos
751 608 924 676 deliniuntr·
950 626 985 672 tr
1013 626 1092 675 arra
1120 622 1219 677 aarum
1305 670 1307 675 .

61 629 175 773 ΨΜ
197 690 298 778 cujus
319 690 433 754 oralia
454 701 508 754 eet
533 690 674 755 librata.
718 690 857 757 Imitatur
878 695 974 759 Persii
997 698 1080 759 hunc
1107 701 1212 765 locum

63 780 277 861 Hieronymus
296 779 327 839 in
346 778 433 865 epist.
448 777 487 840 ad
500 774 750 855 Pammachium‚
772 801 843 842 cum
864 783 981 844 scribit:
1003 778 1088 847 Non
1101 781 1213 871 pudet

66 860 290 929 Christianos
305 862 549 927 etsncerclotes
565 861 656 942 Dei,=
668 861 769 950 quasi
784 861 827 927 de
843 863 943 929 rebus
957 864 1108 947 ludinria
1121 891 1211 957 aga.

67 958 141 1028 tur,
163 946 280 1014 verbis
296 945 410 1011 dubiis
427 948 573 1013 haerere
599 960 634 1012 et
654 947 839 1035 ambiguas
855 949 988 1017 librare
1009 958 1212 1035 sententias,

66 1032 192 1185 pupius
218 1034 497 1122 loquensmagis
517 1055 623 1121 quam
645 1032 792 1099 audiens
811 1034 1008 1125 decipitur;
1024 1053 1068 1117 ¹et
1088 1044 1212 1131 saepius

65 1145 103 1186 eo
127 1144 182 1186 em
200 1122 290 1186 libro.

153 1196 305 1285 Dacians
340 1201 469 1269 osuisse
484 1200 860 1294 figuras.Laudnlur.]
889 1206 999 1275 Malim
1021 1209 1052 1289 [e
1067 1210 1212 1294 Scaligeri

64 1294 268 1377 conjecturaJ:
291 1224 422 1355 tliictus.
465 1291 679 1373 luvenalis-[L
696 1294 770 1373 56J:
970 1364 975 1373 ,

107 1388 111 1395 “
174 1382 203 1425 “-
401 1374 522 1441 doctus
543 1386 717 1462 spectasse
736 1378 834 1456 [adda
858 1399 874 1439 a
900 1378 1031 1463 entare]
1048 1376 1209 1446 lacunar.

87 1542 92 1549 ⁵
153 1462 221 1545 [87.
249 1458 395 1529 Bellum
414 1462 500 1527 boc!
527 1463 592 1527 boc
613 1461 778 1545 bellum?]
807 1462 852 1527 Ita
870 1400 1022 1545 iiuaub„
1045 1488 1138 1552 quem
1158 1489 1225 1541 se-‚

82 1549 166 1613 uitm
187 1546 328 1614 Reizius:
358 1570 395 1611 ac
419 1552 517 1613 fateor
539 1551 619 1613 mibi
644 1552 747 1613 solum
771 1553 894 1631 elegans
915 1550 1014 1625 rideri
1040 1564 1072 1623 et
1091 1574 1210 1617 verum.

62 1576 140 1703 ich,
153 1646 195 1699 tet
209 1632 297 1717 Tig.:
329 1631 360 1697 b.
383 1632 440 1698 lul
470 1631 600 1705 bellum
622 1633 712 1698 lrocl
740 1636 842 1701 Plum.
868 1657 908 1698 ex
930 1638 1033 1719 Hero,
1055 1638 1209 1721 omnibus,

64 1728 86 1791 ἵ
98 1720 187 1785 Pass-
211 1718 542 1799 etPseudo-Gornuto
564 1719 673 1784 edidit:
695 1716 738 1784 B.
759 1718 816 1786 ln!
835 1718 967 1783 bellum
990 1722 1078 1801 eall]

150 1800 229 1883 An,
252 1802 424 1880 Romule,
448 1808 495 1887 a]
530 1806 577 1869 An
599 1805 699 1868 adhuc
724 1805 772 1870 vir
793 1807 851 1873 es?
878 1807 1007 1870 minime
1033 1829 1123 1889 vcro,
1151 1808 1209 1873 sed
1248 1848 1251 1855 ·

61 1892 167 1973 mollis
183 1903 214 1954 et
226 1892 456 1956 'effoeminatus
489 1888 664 1954 Romulus
679 1902 725 1954 est
738 1891 837 1978 quivis
849 1890 1062 1956 Romanorum
1069 1915 1081 1969 ,-
1102 1895 1217 1958 mollia.

60 1980 142 2042 facte
158 1976 298 2064 dictaque
311 1999 370 2040 nec
387 1976 532 2040 Romano
551 1999 609 2040 nec
629 1979 758 2040 masculi
778 1978 899 2067 spiritus
921 1979 988 2041 viro
1011 1980 1209 2046 conveniunt.

51 2063 182 2127 -lllarcus
195 2062 365 2126 Antoninus
380 2061 480 2145 null
494 2061 533 2147 [ξ.
552 2063 599 2167 ⁵i²
621 2056 728 2146 πάσης
748 2058 837 2146 ὥρας
859 2056 1013 2145 φρόντιζε
1030 2064 1207 2149 στιβαροῖς,

55 2144 102 2227 ὥς
118 2142 283 2231 Ῥωμαῖος
312 2145 368 2213 aui
393 2142 517 2232 ἄῤῥην,
547 2168 586 2213 eo
609 2142 761 2233 ¹irtacool
788 2144 869 2231 parci
890 2150 948 2237 τῆς
970 2146 1131 2233 ἀκριβοῦς
1150 2148 1209 2217 aul

55 2228 232 2300 ἅπλᾶστου
246 2231 462 2319 denudamus:
486 2234 556 2320 quia
579 2232 743 2297 credebant
756 2232 926 2297 Romulum
945 2234 1013 2298 urbi
1034 2256 1053 2297 a
1073 2256 1108 2299 se
1132 2258 1208 2300 con-

54 2320 139 2384 ditae
159 2318 351 2409 praesidere,
379 2318 452 2382 ideo
472 2322 556 2382 bona
579 2330 610 2381 et
629 2322 710 2382 mala
731 2319 776 2381 illi
801 2321 940 2383 ferebant
962 2331 1104 2407 accepta:
1131 2322 1207 2387 indo

15 2456 18 2461 .
54 2402 112 2471 is'ta
135 2404 234 2471 Persii
249 2407 471 2492 expostuatt03·
492 2405 630 2469 similiter
646 2404 806 2470 luvenalis
830 2402 1015 2471 cum'ltIarte
1033 2410 1207 2495 expostulat

56 2490 160 2557 Satira
177 2488 212 2555 ll
236 2490 278 2570 [v.
297 2493 387 2571 126]:
899 2500 902 2505 '

148 2570 153 2583 '
738 2598 757 2640 o
776 2585 884 2664 pater
902 2573 1017 2648 Urbis,

150 2656 251 2725 Unde
270 2656 371 2749 nefas
396 2667 533 2724 lantum
549 2656 668 2725 Laliie
675 2661 906 2748 pastoribua?
928 2660 1018 2728 uude

148 2742 252 2811 Haec
271 2744 407 2835 tetigit,
435 2744 609 2824 Gradive,
634 2757 710 2810 tuos
723 2747 839 2814 urtica
852 2749 1020 2837 nepotes?

61 2832 152 2923 Apud
176 2834 397 2905 Salustiumin
421 2832 570 2898 Oratione
586 2832 696 2920 Lepidi
717 2836 802 2917 [frag.
816 2836 897 2899 Hisa¹
919 2834 944 2899 I.
967 2859 997 2921 p.
1011 2834 1043 2915 5]
1065 2829 1205 2898 Romu-

61 2920 117 2985 lur
129 2918 269 2985 estSulla
282 2931 442 3002 tyrannus:
465 2939 553 3004 quae
567 2926 694 2982 cuncta
708 2941 832 2983 saevus
845 2917 1089 2985 ialeRomulur
1103 2917 1207 3007 quasi

62 3004 106 3071 ab
127 3001 283 3069 externis
310 3012 547 3089 raptatam,
574 3006 616 3066 ait
640 3005 701 3068 ille.
756 3005 861 3085 [Bene
884 3004 1014 3070 Plum.:''
1027 3002 1208 3082 „Romuli

61 3093 191 3157 nomine
211 3092 374 3154 utebantur
385 3088 521 3153 Romani
542 3091 576 3151 in
596 3110 665 3169 eos,
688 3112 765 3175 quos
782 3093 952 3173 significare
971 3093 1118 3155 volebant
1141 3090 1206 3155 dis-

61 3179 238 3244 simillimos
263 3197 331 3239 esse
348 3170 492 3254 Romuli,
520 3178 711 3261 multumque
734 3178 773 3239 ab
786 3178 878 3240 ¹illius
924 3177 1066 3240 raestanti
1092 3176 1205 3241 virtute

61 3268 189 3342 abesse,
226 3260 364 3348 inprimis
399 3264 527 3340 molles,
562 3262 769 3340 effeminatos,
807 3199 960 3329 cinaedis.
1017 3259 1064 3341 Ite
1094 3260 1205 3328 catull.

59 3348 195 3425 XXIX,
209 3346 250 3411 5:
274 3343 427 3410 Cinaede
444 3344 615 3423 Romule,
634 3344 723 3409 haec
746 3343 877 3411 videbis
898 3356 935 3410 el
943 3343 1072 3434 feres?
1113 3346 1206 3412 Idem

57 3456 167 3501 ursus
188 3445 236 3497 est
257 3433 344 3497 verbi
366 3454 430 3518 seq.
454 3452 592 3511 cavere,
625 3431 709 3518 quod
733 3434 857 3518 proprie
884 3432 924 3497 de
947 3435 1072 3499 canibus
1099 3436 1204 3499 clunes

56 3518 214 3586 adulando
227 3518 409 3599 agitantibus
424 3518 546 3597 dicitur,
568 3528 602 3580 ut
619 3518 733 3601 κερκῷ·
753 3517 900 3583 calvam:
920 3518 1004 3582 unde
1021 3520 1055 3581 in
1073 3531 1204 3606 utroquo

55 3626 201 3673 sermone
217 3603 257 3666 de
271 3604 328 3684 iis,
349 3605 402 3689 qui
422 3626 478 3691 spe
491 3603 649 3667 commodi
663 3603 752 3666 alicui
764 3603 940 3684 adulantur,
963 3617 994 3668 et
1011 3603 1052 3667 de
1066 3608 1203 3669 obsceno

56 3695 194 3757 clunium
211 3701 310 3753 mour.
352 3690 423 3751 Hoc
438 3711 513 3755 vero
530 3692 600 3753 loco
621 3710 685 3752 non
705 3687 745 3752 de
764 3690 910 3770 cinaedo,
931 3689 988 3754 sed
1003 3689 1044 3753 de
1058 3689 1203 3754 Romano

55 3778 195 3843 auditore
212 3797 252 3853 so,
266 3774 426 3854 abjiciente
449 3787 480 3839 et
499 3775 583 3839 canis
602 3774 699 3839 instar
717 3775 892 3840 blandiente
914 3774 1112 3857 cogitandum
1134 3798 1204 3842 esso

57 3868 139 3929 bene
162 3861 285 3926 monuit
310 3858 426 3940 Pess.“]

140 3952 195 4015 88.
218 3943 313 4010 Men'
329 3952 467 4008 moveat
482 3941 625 4030 quippe,
646 3953 699 4022 el,
722 3949 831 4028 canl]
854 3943 1060 4027 Quintilianus
1077 3944 1204 4011 Institu-

56 4036 140 4099 tione
158 4031 322 4096 undecima
351 4033 394 4112 [1,
415 4029 445 4115 ξ.
467 4030 542 4110 50]:
575 4029 884 4096 Commoveaturve
911 4029 1094 4119 quisquam
1117 4031 1193 4119 ejus
1202 4050 1255 4110 ιη
1311 4068 1314 4073 ·

52 4117 222 4207 fortuna,
247 4136 349 4204 quem
370 4112 544 4179 tumidum
567 4136 610 4179 aa
627 4116 683 4178 sui
698 4114 900 4200 jactantem
920 4126 955 4181 et
975 4114 1203 4181 ambitiosum

61 4205 255 4270 institorem
270 4201 488 4289 eloquentiae
505 4198 541 4263 ia
558 4200 707 4286 ancipiti
718 4213 809 4267 sorte
828 4201 977 4269 videat?
1003 4198 1110 4269 Non.-
1131 4202 1208 4267 imo

62 4290 174 4356 oderit
190 4310 289 4354 reum
304 4285 410 4351 verba
424 4296 660 4372 aucupantem
676 4297 712 4351 et
725 4289 872 4354 anxium
887 4286 930 4352 de
938 4284 1048 4376 fama
1068 4286 1204 4378 ingenii

64 4387 96 4443 et
111 4376 172 4444 cui
185 4396 260 4440 esee
278 4370 408 4437 diserto
421 4381 539 4450 vacet3
561 4393 700 4440 caussam
718 4388 789 4463 pete
802 4399 843 4441 ex
861 4374 974 4441 eodem
987 4385 1109 4438 auctore
1123 4377 1202 4440 libro

65 4478 149 4532 sexto
168 4475 201 4530 et
220 4460 374 4545 Dionysio
402 4460 500 4524 Halia
520 4457 554 4521 in
576 4457 731 4526 Isocrates
752 4463 808 4527 ubi
825 4463 869 4527 sic
892 4465 960 4543 lege
987 4463 1071 4523 hunc
1096 4464 1203 4529 locum
