2700 4972
363 349 424 415 an
455 348 621 425 ruasn
650 326 873 418 sarman
895 352 960 435 vc
1167 360 1233 424 aaa

98 518 260 584 videbatur
272 524 401 586 verbnm
415 519 584 608 plaudere
605 545 677 586 cum
696 533 801 609 quarto
824 544 895 587 casu
915 523 1015 604 jungit
1041 525 1124 611 atqui
1138 527 1231 590 εῑίοω
1302 586 1305 593 τ

98 605 214 670 Statius
231 607 374 693 Papinius
395 611 438 672 sic
457 612 576 672 locutus
592 621 638 673 est
660 631 724 672 non
747 611 858 673 semel:
878 609 912 672 in
934 611 1132 697 epithalamio
1149 611 1231 675 Vio-

97 693 232 754 lantillae
251 693 336 774 [silv.
355 694 380 774 l,
401 702 430 773 2,
453 694 544 775 146]:
1024 738 1027 743 ,

188 776 360 864 Claroque
369 777 565 866 gaudentes
581 776 788 864 plauserunt
801 775 929 843 limina
942 779 1047 868 cygni
1054 802 1068 858 ς

95 865 129 927 in
153 863 293 952 epicedio
316 868 410 952 patris
429 865 517 945 [Silv.
534 866 575 943 V,
593 864 791 948 3‚139sq.]:
1229 881 1283 941 51⁶

161 966 165 985 ²
208 1018 211 1023 ,
472 973 538 1013 nou
555 949 655 1013 toties
673 947 836 1013 victorem
854 948 1003 1014 Castora
1018 969 1122 1036 gyro,
1202 962 1206 973 ’

185 1028 264 1098 Nec
271 1030 430 1122 fratrem
451 1046 546 1100 cestu
568 1033 696 1100 virides
709 1032 877 1121 plausere
895 1034 1105 1121 Therapnae
1111 1057 1124 1113 ς

93 1129 188 1206 atque
201 1119 244 1211 ita
258 1120 393 1206 usurpari
410 1142 428 1184 a
448 1121 548 1208 poe‘tis
568 1123 664 1185 multa
681 1122 775 1185 'verba
794 1133 898 1185 contra
918 1143 1008 1185 usum
1033 1141 1231 1186 communem

92 1228 137 1269 ne
150 1206 267 1270 tirones
284 1206 410 1292 quidem
424 1208 580 1288 ignorant,
601 1228 642 1268 ne
663 1204 703 1269 ad
721 1204 908 1271 Graecorum
930 1209 1073 1292 exempla
1094 1228 1178 1291 opus¹
1191 1206 1232 1271 sit

85 1293 272 1371 'coningere
324 1292 414 1370 [Non
435 1292 654 1378 praetereunda
677 1293 709 1354 in
733 1293 787 1354 tali
813 1294 882 1355 loco
906 1293 1067 1378 explicatio
1086 1291 1231 1375 Weben',

88 1373 233 1462 pavisse
259 1379 403 1458 legentis:
440 1378 674 1457 „Nutriebantur
702 1376 899 1463 Cappadoces
926 1379 1089 1441 machinae
1113 1376 1234 1456 inclusi,

92 1474 129 1525 ut
142 1483 213 1526 sese
225 1478 354 1527 movete
368 1486 433 1525 non
448 1476 574 1550 possent
587 1475 677 1549 atque
685 1462 759 1525 inde
772 1464 900 1549 pingues
914 1464 1031 1528 fierent.
1073 1462 1233 1549 Pingues

90 1549 187 1629 igitur
210 1550 296 1633 prole
318 1550 359 1613 sis
382 1560 437 1613 est.
479 1549 553 1629 Ejus
574 1551 692 1630 generis
714 1549 948 1611 instrumentum
966 1550 1089 1635 respicit
1100 1548 1231 1612 Martial-

90 1633 182 1715 (loco
195 1636 226 1712 l.,
249 1572 316 1712 „pp
328 1632 384 1714 60)
407 1656 443 1697 ac
460 1636 599 1698 similiter
616 1633 755 1697 Raderus
779 1633 819 1696 ad
834 1634 923 1697 lllart.
941 1634 997 1713 Vt,
1020 1640 1062 1700 22
1083 1634 1231 1720 interpro-

90 1730 176 1782 tatur
188 1722 315 1800 longam
327 1719 485 1806 compedis
491 1724 645 1800 formam,
666 1721 763 1784 servis
775 1719 926 1785 venalitiis
939 1721 1124 1800 injectam.“]

182 1845 235 1906 78.
249 1836 341 1903 Rem
356 1834 511 1926 duplica.
540 1837 628 1903 Feci
636 1864 646 1898 .-
657 1837 742 1928 jam
755 1836 904 1925 triplex:
926 1837 1004 1919 jum
1019 1835 1107 1919 miltes
1121 1860 1231 1925 quor·

84 1932 141 2005 xto,
163 1920 247 1993 Jam
263 1920 379 1986 decies
398 1922 490 1987 redit
510 1924 546 1988 irr
565 1928 714 2011 rugam]
744 1924 890 1988 Naturam
911 1926 1028 2003 morbi,
1051 1923 1166 2009 dequo
1182 1928 1231 1987 lo-

89 2010 204 2096 quitur,
225 2010 384 2091 ingeniose
403 2014 443 2074 ob
459 2014 564 2074 oculos
579 2012 679 2097 ponit:
699 2030 773 2073 nam
790 2022 824 2071 ut
843 2011 1001 2072 temulenti
1016 2010 1099 2072 sitim
1112 2011 1230 2089 vinum,
1321 2080 1323 2085 ¹

88 2095 257 2181 hydropici
278 2117 355 2180 aqua
377 2097 486 2176 irritat,
507 2120 570 2158 non
594 2095 698 2160 sedat:
720 2096 764 2158 sic
783 2096 866 2156 avari
887 2096 1024 2158 animum
1043 2116 1107 2156 non
1129 2099 1231 2180 explet

77 2232 84 2241 .
111 2181 179 2243 uod
193 2192 312 2267 partum
334 2192 394 2259 est,
417 2179 473 2244 sed
491 2179 531 2244 ad
546 2185 663 2261 majora
683 2179 925 2266 concupiscenda
950 2181 1058 2259 allicit3
1080 2201 1161 2266 pene
1176 2181 1231 2244 iis·

89 2205 168 2331 δον]
187 2267 289 2330 verbis
307 2268 488 2330 sententiam
512 2266 644 2329 eandem
664 2268 811 2351 expressit
825 2262 958 2329 Basilius
979 2266 1011 2327 in
1033 2266 1170 2327 Homilia
1190 2265 1230 2329 ad

90 2354 205 2417 divites
213 2352 229 2412 ι’
241 2354 383 2430 πολλῶν,
406 2355 462 2430 ait,
485 2348 572 2433 ὑμᾶς
591 2347 711 2426 ἐνδεεῖς
723 2354 815 2415 ποιεῖ
826 2346 863 2415 τδ
880 2352 938 2435 τῆς
953 2347 1133 2433 ἐπιδημίας
1148 2345 1229 2415 οίκό-

88 2451 229 2519 ρεστον·
251 2441 321 2513 τοῖς
341 2433 419 2502 δέκα
434 2436 608 2512 ταλάντοις
633 2433 711 2501 δέκα
732 2432 827 2519 ἔτερα
845 2434 1063 2515 προστιθέναι
1085 2432 1229 2501 σπονδά·

90 2528 175 2605 ζεις·
198 2518 331 2588 ἐπειδᾶν
353 2519 385 2587 δ’
404 2522 509 2588 είκοσι
530 2518 679 2606 γένηται,
702 2516 786 2586 ἄλλα
809 2524 956 2586 τοσαῦτα
976 2519 1149 2605 ἐπιζητεῖς·
1172 2519 1230 2586 καί

90 2608 145 2677 ἀεί
166 2622 222 2674 σοι
238 2604 275 2673 τδ
295 2600 558 2692 προστιθέμενον
579 2602 656 2690 οὐχί
680 2603 742 2691 τὴν
760 2603 1040 2693 δημήνίστησιν,Ι
1054 2601 1129 2673 ἄλλ’
1148 2601 1230 2672 τίνα-

89 2691 209 2779 φλίγει
222 2690 288 2777 ’τὴν
301 2690 424 2775 δρεξινι
447 2706 477 2757 et
494 2697 589 2757 multa
609 2695 640 2755 in
662 2692 794 2757 eandem
809 2695 990 2756 sententiam
1011 2695 1055 2757 ibi
1073 2693 1230 2757 facundis-
1283 2750 1292 2765 ,

87 2784 191 2849 simus
203 2780 256 2842 ille
269 2792 364 2864 pater.
407 2778 515 2843 Simile
533 2781 613 2842 item·
625 2776 700 2840 illud
720 2776 829 2842 Galeni
850 2778 901 2841 De
923 2779 1078 2841 curatione
1099 2780 1229 2843 morbo-

87 2890 162 2932 rum
189 2866 300 2930 animi:
328 2857 380 2947 ciel
400 2866 549 2929 ποθοῦσι
569 2865 636 2928 τῶν
657 2860 844 2944 ἔμπροσθεν
869 2860 904 2947 σί
925 2856 1102 2951 ἄπληστοι,
1132 2858 1297 2950 &cresson

88 2948 158 3021 κᾶν
183 2946 359 3016 διπλάσιον
376 2946 392 3014 ί
411 2963 488 3029 ωσι,
518 2946 712 3030 τριπλάσιον
734 2945 1011 3035 προσκτήσασθαι
1029 2944 1226 3013 σπεύδουσι·

88 3016 158 3125 κᾷν
179 3032 375 3119 τριπλάσιον
390 2973 506 3119 lxmae,
535 3032 959 3119 τετοαπλασίωνίφίενται.
1003 3034 1178 3120 Simplicius
1194 3034 1228 3097 in

86 3126 117 3191 E
140 3122 224 3186 icteti
237 3120 446 3185 Enchirffium
460 3125 630 3203 eleganter:
653 3117 695 3184 διν
710 3114 1009 3205 discussoriam,
1027 3120 1133 3185 ε’ίκοσι
1149 3120 1229 3205 βου·
1295 3124 1298 3129 '

88 3212 240 3293 λομεθα·
260 3203 324 3294 uuio
338 3205 460 3283 είκοσι,
481 3202 722 3284 τετταράκοντα
740 3204 797 3271 καί
814 3203 953 3290 ἐφεξῆς·
974 3204 1032 3271 καί
1046 3202 1150 3313 erigus
1172 3200 1228 3270 ori·

88 3292 150 3363 δὲν
168 3297 226 3377 τῆς
245 3292 290 3369 είς
303 3287 340 3357 τδ
361 3286 551 3377 ripasticaria
572 3285 752 3375 ἀπληστίας
773 3286 943 3374 napaeos,
966 3287 1022 3355 καί
1042 3287 1164 3376 ἡοοον
1178 3287 1229 3355 ἐκ·

86 3384 183 3534 peina
199 3376 301 3469 φύσις
313 3375 344 3459 *)
361 3377 406 3455 είς
420 3374 592 3457 ἀοριστίαν
605 3374 760 3443 ἐκπίπτει.
803 3377 896 3440 Rem
912 3372 1073 3464 duplico,
1096 3388 1161 3440 uta
1185 3375 1229 3441 ud

108 3469 277 3533 urenalem
299 3463 409 3545 [XIV‚
432 3466 506 3544 229]
527 3462 744 3548 patrimonio
764 3459 1031 3551 conduplicare.-
1060 3475 1092 3525 at
1111 3399 1228 3526 reriire

88 3554 128 3621 in
143 3572 272 3639 rugam
292 3571 348 3636 pro
361 3550 553 3635 multiplicari
575 3561 605 3612 et
621 3544 981 3628 πολλαπλασιάζεσθαι,
1004 3549 1228 3629 elegantissime

87 3637 428 3713 annumeramus,
474 3656 580 3696 uamm
600 3647 646 3698 est
669 3636 825 3721 proprium
849 3653 999 3722 rugare:
1020 3646 1123 3696 contra
1145 3631 1229 3721 apud

86 3726 275 3793 Juvenalem
295 3720 375 3798 [ead.
396 3657 471 3800 3253
492 3722 525 3781 in
549 3721 704 3789 simillima
726 3722 876 3784 sententia
897 3740 1019 3784 summa
1040 3718 1147 3782 dieitur
1170 3737 1230 3781 ru-

82 3831 179 3902 gam
200 3805 357 3885 trahere,
386 3828 464 3892 quae
486 3804 627 3869 nondum
650 3805 747 3869 tendit
768 3827 870 3892 neque
896 3809 998 3891 explet
1020 3805 1218 3891 marsupium,
1225 3827 1278 3886 517

85 3898 146 3965 sed
169 3894 271 3959 adhue
288 3892 376 3955 hians
397 3905 428 3955 et
447 3895 553 3955 laxum
570 3903 616 3959 est
632 3912 668 3956 os
686 3892 781 3955 illius:
801 3893 844 3954 ita
861 3893 987 3975 melius,
1009 3911 1101 3979 quam
1124 3902 1158 3953 ut
1174 3892 1226 3954 alii

123 4190 169 4260 Ρ)
187 4183 260 4305 ”lt
274 4173 1227 4304 '⁹⁸3³tttl‘tttltt‘ltlllttllltffl“titttetta&
1279 4191 1281 4195 ’

158 4270 435 4382 :23⁸10ffin0ndum
451 4288 583 4371 inveni⁹in
599 4319 748 4389 Simplicio,
765 4269 1069 4390 {nanquanoeltltt'geiter
1089 4317 1148 4373 olim
1165 4317 1228 4371 milri

159 4399 245 4450 lecto:
263 4392 376 4474 ideoque
385 4386 482 4472 ἐπέχοι.
517 4388 691 4513 Inspiclantor
709 4389 759 4444 loci
772 4390 890 4444 Senecae
906 4389 1009 4459 (paullo
1021 4387 1128 4459 post).“
1143 4386 1227 4443 Mert-

159 4483 209 4520 cos
228 4463 344 4516 Caraub.
359 4478 386 4515 ιο
404 4458 556 4530 reputatae
588 4459 678 4528 Lech]
744 4480 748 4486 ’
844 4527 919 4593 22*
