2700 4972
307 336 371 402 AD
404 334 571 403 PERS-ll
599 336 822 403 SATlllAM
851 338 892 402 V.
1115 350 1189 435 καὶ

425 443 432 489 Ι
481 440 486 451 ,

151 499 241 585 ’Art’
255 498 348 571 οἷσθ’
367 501 388 573 ὅ
398 528 456 591 μοι
475 496 680 574 πεπονθέναι
694 507 819 587 densim
842 502 925 589 ὄντα
939 505 978 575 td
989 514 1135 597 πλῆθος·
1178 532 1251 611 (158)

155 590 266 657 Εἶπον
282 590 425 657 δικίδιον
436 580 683 671 τῖααςεῦκατὰ
693 590 791 673 ξένου
804 594 971 679 μετοίκου,
1010 656 1013 661 .
1180 624 1234 685 867

159 672 230 761 Τὴν
245 672 350 753 νύκτα
362 680 519 758 secuso
534 676 591 743 καὶ
604 682 715 744 latoio
730 676 767 744 ἐν
780 684 852 757 ταῖς
862 674 962 761 Ιὁδοῖς
979 684 1118 770 σεαυτῷ,

141 756 258 844 ”dep
274 785 308 829 τε
322 764 429 829 πίνον
446 758 678 843 κᾶτιὸεικνύς,
700 763 780 843 τούς
794 764 914 851 φίλους
935 758 969 831 τ’
982 758 1098 847 ἀυτῶν,

142 842 249 914 Ὦτον
264 844 406 927 δυνατὸἐ
419 840 504 917 εἶναι
518 847 639 935 λέγειν·
661 838 690 915 oi
704 844 864 937 perpletis
879 845 997 929 ἀνοίας
1003 852 1022 915 !'

130 929 332 998 Cornicuris
353 942 468 999 tecum
492 934 611 1001 clauso
629 940 836 1018 murmure]
866 936 936 1001 Hoc
949 934 1092 1025 estquod
1105 933 1183 1001 dixit

66 1020 206 1086 omicus:
236 1022 346 1097 λαλεῖς
366 1018 405 1087 ἐν
430 1026 502 1099 ταῖς
524 1018 617 1099 ὁδοῖς
639 1024 788 1108 decerpi.-
814 1020 991 1087 comicun'
1011 1034 1058 1087 est
1076 1024 1179 1087 solum

65 1107 200 1169 nbulare
215 1128 304 1169 more
316 1108 462 1188 cornicis,
485 1107 524 1173 de
543 1131 603 1195 qua
616 1106 761 1191 Virgilius
777 1104 902 1191 [Georg.
914 1108 940 1189 l,
957 1109 1033 1190 389]
1043 1104 1057 1173 τ’

126 1189 178 1254 Et
190 1190 267 1255 solo
284 1190 430 1255 insieco
445 1213 562 1255 secum
584 1193 759 1296 spatiatur
779 1214 908 1268 areum

65 1276 140 1339 liter
155 1274 270 1358 l’lum.,
292 1277 348 1341 sed
365 1279 467 1342 minus
483 1280 693 1377 prohabrliter3
717 1280 795 1344 Prat.
807 1278 977 1363 :·„Locum
998 1274 1081 1341 hunc
1100 1280 1182 1341 forta

65 1362 177 1449 spexit
189 1363 409 1445 Hieronymus,
431 1365 519 1450 epist.
534 1362 598 1431 IV:
620 1362 688 1429 olis
702 1363 798 1428 intro
817 1385 855 1430 ee
869 1362 987 1428 nescio
1002 1358 1088 1450 quid
1100 1382 1181 1426 eor·-
1283 1404 1286 1413 .

65 1442 203 1511 iocantes
231 1446 338 1511 certa
367 1446 603 1536 [stupentibus
628 1452 666 1514 in
691 1458 826 1514 terrum
849 1447 981 1531 oculis]
1008 1446 1182 1512 tumentia

66 1530 260 1595 minantur
294 1546 361 1598 cett
370 1536 389 1567 ‘⁴
453 1536 512 1599 Alii
540 1536 719 1623 explicant:
756 1556 868 1601 vocem
895 1536 1023 1599 cornicis
1046 1526 1182 1613 imitari,

66 1618 93 1681 lii
118 1616 270 1705 denique:
286 1642 347 1720 per
361 1617 555 1685 corniculus
571 1622 660 1685 alicui
675 1621 788 1707 aliquid
802 1623 988 1697 insusurrare
1007 1621 1040 1682 in
1059 1641 1181 1698 aurem,

66 1714 77 1766 t
99 1703 198 1767 medii
225 1726 296 1769 aevi
323 1707 499 1792 scriptores:
527 1708 578 1770 hic
598 1709 690 1788 igitur
714 1708 801 1792 quasi
820 1707 880 1771 sibi
898 1709 979 1771 clam
996 1706 1182 1777 immurmu-

66 1789 141 1873 tre];
171 1788 212 1853 de
236 1812 391 1855 murmure
419 1791 632 1856 meditantium
658 1791 774 1855 dictum
799 1790 840 1855 sd
865 1790 998 1855 Salicem
1020 1790 1069 1854 ΠΙ
1096 1789 1181 1871 [dih
1303 1786 1307 1805 ¹

68 1886 154 1938 rave
187 1874 235 1939 est
262 1872 344 1959 perd
368 1868 677 1961 ,uuutpuoeo'cqroffi
708 1876 765 1941 sed
792 1878 902 1941 melius
929 1880 1038 1957 jungas
1066 1876 1181 1939 nescio

66 1956 130 2065 uid
148 1980 280 2127 μεῖνα,
302 1972 337 2025 ut
360 1963 393 2025 in
415 1960 514 2027 Satira
542 1965 657 2052 prima:
686 1958 826 2050 grande
854 1958 1001 2049 aliquid.
1032 1957 1179 2048 [Inepte,

66 2059 129 2111 κοσ
154 2066 209 2125 υς.
1033 2084 1038 2091 -

128 2068 191 2198 ἴδω
210 2128 289 2196 Nec
310 2130 447 2219 stloppo
477 2130 631 2198 tumidos
656 2128 809 2198 intendis
834 2152 996 2218 rumpere
1023 2127 1180 2211 luccae]
1264 2168 1267 2179 ·

66 2217 145 2283 'ertia
163 2230 253 2298 nota,
280 2218 365 2304 quod
388 2222 507 2283 soleant
524 2220 659 2307 imperiti
679 2219 792 2306 poetae
817 2212 880 2305 τὴν
902 2214 1032 2303 γνάθον
1052 2218 1180 2301 wopis,

67 2326 100 2367 nc
112 2314 161 2367 est
174 2304 274 2367 inflati
286 2326 372 2369 essa:
394 2318 497 2392 potest
510 2307 571 2368 hoc
585 2308 637 2371 vel
660 2305 699 2370 ad
723 2326 827 2369 mores
846 2304 967 2383 referri,
989 2304 1060 2389 quia
1077 2302 1180 2387 impe-

67 2388 201 2453 tissimus
216 2390 343 2475 quisque
362 2404 392 2454 et
408 2384 616 2474 ἀφυέστατος
636 2391 802 2477 plurimum
816 2389 876 2454 eibi
895 2390 928 2452 in
946 2388 1040 2453 literis
1057 2386 1179 2467 tribuit,

67 2472 146 2539 elad
159 2476 270 2562 scripta
284 2488 315 2539 et
327 2477 423 2555 illum,
446 2498 538 2562 quem
555 2477 658 2562 paullo
676 2488 747 2541 ante
765 2472 958 2553 dicebamus,
979 2475 1098 2537 hiatum
1115 2494 1179 2535 car-

67 2561 132 2625 inis
147 2571 180 2625 et
194 2556 668 2645 αομαοφακολοόὸημοοόνην,
686 2572 721 2625 ut
733 2556 848 2651 diceret
861 2558 1021 2641 Comicus;
1042 2556 1179 2707 seloppo

67 2646 184 2733 aiptum
195 2648 473 2726 invenimus„non
485 2645 642 2734 scloppo,
662 2648 697 2711 in
717 2646 862 2711 omnibus
880 2646 1010 2732 antiquis
1024 2666 1109 2708 mem
1130 2665 1180 2707 rs-

67 2752 105 2810 s,
126 2754 192 2794 non
210 2735 315 2795 solum
336 2733 447 2812 Persii,
466 2734 523 2799 sed
542 2737 636 2797 etiam
657 2732 804 2797 Prisciani
823 2730 954 2819 [psat.
970 2728 1041 2809 Pu.;
1061 2728 1181 2794 variant

67 2838 144 2881 men
160 2816 278 2881 codd:
300 2838 328 2881 e.
346 2840 373 2881 c.
395 2818 416 2884 6
436 2840 486 2904 ap.
500 2820 576 2883 aen.
593 2831 625 2882 et
643 2818 740 2882 schol.
757 2817 790 2879 in
811 2814 889 2881 Cod.
904 2813 1006 2881 Pan:
1026 2810 1180 2903 scloppo,

67 2901 96 2965 st
119 2922 187 2965 non
207 2924 275 2967 esse
295 2906 370 2967 tanti
388 2916 469 2967 recte
490 2903 568 2967 dixit
580 2905 672 2982 ach„
694 2902 779 2988 quod
797 2923 815 2964 c
836 2913 867 2963 et
885 2910 899 2965 t
917 2902 952 2969 in
976 2898 1075 2965 Codd.
1101 2902 1180 2962 inter

68 3010 75 3049 t
89 2999 162 3053 sunt
174 2989 365 3067 simillimae,
377 2988 418 3053 de
431 2990 615 3054 formatione
627 2987 770 3053 vocabuli
782 2988 821 3050 cf.
829 2984 905 3067 1²th
919 3008 984 3053 vox
996 2996 1042 3049 est
1055 2986 1179 3065 elegan-

68 3075 171 3137 rlicta
184 3072 225 3136 ad
246 3073 482 3161 exprimendum
498 3076 586 3139 illum
605 3095 733 3153 sonum,
754 3094 849 3159 quem
871 3073 984 3135 buccae
1005 3070 1129 3133 inflatae
1148 3074 1179 3132 e't

69 3171 103 3221 tu
128 3160 253 3223 collisae
280 3159 384 3225 edunt.
435 3158 565 3225 Glossae
583 3171 727 3225 ¹veteres:
759 3155 934 3244 stloppus,
965 3148 1178 3239 uotpvypdgr

68 3244 125 3330 sud
138 3244 318 3309 Marcellum
330 3246 518 3332 Empnicum
531 3245 629 3331 capite
641 3240 800 3309 xxvtll.
817 3244 850 3307 in
865 3241 999 3307 carmina
1017 3239 1058 3305 ad
1072 3246 1176 3305 rosas:

68 3328 183 3416 tolpus
197 3353 222 3393 α
237 3329 331 3394 coelo
349 3328 498 3395 cecidit:
518 3333 617 3395 scn'be
636 3326 781 3417 stlopus.
1165 3408 1170 3415 Ι

131 3414 180 3481 14.
205 3409 249 3481 V
243 3413 328 3481 erbo
345 3425 449 3504 togae
463 3414 639 3505 sequeris]
660 3414 803 3501 Sequitur
812 3411 947 3477 laudatio
960 3404 1046 3477 nord
1058 3402 1177 3477 utere.-

68 3502 140 3565 ima
163 3504 231 3565 laus
251 3496 273 3585 ἡ
297 3504 366 3569 τοῖν
389 3496 564 3587 ὀνομάτων
588 3496 725 3585 ἐκλογή,
753 3511 785 3565 et
807 3511 854 3563 est
875 3518 982 3563 revera
1006 3497 1104 3584 prima
1125 3498 1177 3561 vel
1252 3578 1255 3585 Ι

68 3588 157 3651 imae
178 3589 319 3674 proxima
338 3589 466 3653 oratoris
487 3600 542 3653 aut
558 3587 670 3675 poeitae
689 3590 754 3675 lans
777 3584 887 3649 electio
904 3595 985 3647 recta
1000 3585 1178 3648 verborum.
1250 3596 1254 3605 ·

69 3696 99 3752 u,
124 3675 238 3758 inquit,
259 3675 353 3738 uteris
366 3675 469 3740 verbis
487 3674 520 3737 in
536 3674 694 3737 communi
710 3694 769 3735 usu
782 3670 906 3757 positis,
928 3690 993 3731 non
1012 3690 1053 3731 ex
1065 3668 1229 3747 ultimaffig

69 3760 217 3844 niquitate
230 3762 380 3847 repetitis,
401 3770 435 3823 ut
450 3759 576 3847 quidam
588 3759 684 3846 inepti
696 3758 867 3833 faciebant,
887 3754 964 3819 sicut
982 3750 1024 3817 a'd
1046 3754 1178 3839 primum

69 3848 235 3925 cebamus,
255 3869 320 3909 non
340 3847 433 3909 etiam
451 3844 624 3933 ampullatis
641 3856 673 3908 et
691 3838 970 3929 sesquipedalibus,
997 3835 1104 3901 verba
1126 3846 1180 3900 to-

69 3952 126 4003 ne,
162 3933 272 4017 quibus
293 3944 419 3995 utuntur
447 3944 582 3999 oratores
601 3931 648 4007 in¹
662 3932 748 4008 foro,
776 3926 832 3989 ubi
853 3922 1061 4001 nullanetus
1086 3917 1178 4005 ἀγών

69 4012 228 4095 ἐπάξεται.
280 4014 350 4101 [De
370 4017 538 4082 materia
558 4016 686 4095 humili,
708 4012 804 4101 qualis
824 4010 923 4075 Satira
947 4023 1010 4091 est,
1029 4008 1179 4073 intellexit

69 4102 294 4253 tebpfflum
319 4184 472 4251 collidus
494 4183 593 4266 ocri]
628 4184 728 4249 Altera
750 4186 839 4247 lausz'
860 4179 944 4269 quod
964 4181 1004 4245 sit
1025 4148 1179 4263 ἔμπυρος

69 4276 97 4360 ξς
111 4276 215 4359 καλῆς
228 4276 289 4341 τοῦ
306 4270 410 4355 λόγον
428 4269 634 4347 αυνθὲαεωςι
658 4268 839 4335 electionem
859 4269 1026 4333 verbomm
1037 4264 1179 4352 proxime

70 4362 173 4448 quitur
187 4358 357 4425 eorundem
371 4360 553 4447 compositio
567 4369 659 4437 recta,
680 4354 795 4507 qplqpo
807 4366 873 4417 tam
881 4355 979 4415 multa
992 4350 1179 4437 praecipiunt

70 4460 191 4513 retores.
242 4446 361 4513 Senem
387 4446 480 4510 etiam
502 4440 682 4532 epistolall
766 4460 858 4505 .sos
881 4435 1091 4545 reprehendit,
1126 4435 1179 4525 qui
