2700 4972
93 357 159 422 846
256 376 264 395 ··
287 345 537 414 PERSIANA
557 347 774 415 HORATII
794 336 1047 416 lrtlrsrlo.

180 515 345 591 Primum
361 538 427 606 ego
448 538 502 581 me
518 515 678 596 illorum,
701 514 858 581 dederim
873 514 996 603 quibus
1011 537 1090 581 esse
1101 515 1228 601 poetas,

179 604 383 702 Excerpam
397 624 561 668 numero:
583 612 692 690 neque
710 602 805 667 enim
822 600 1030 667 concludere
1050 619 1191 667 versum

181 689 329 755 Dixeris
345 710 417 753 esse
433 687 541 766 satis;
564 708 694 776 neque,
711 687 833 777 siquis
850 686 1001 759 scribat.
1026 686 1085 752 uti
1098 711 1182 764 nos,=

181 774 342 840 Sermoni
359 774 542 861 propiora,
562 785 663 859 putes
683 773 774 839 lrunc
800 795 873 840 esse
888 782 1060 863 poetam}

28 930 36 943 ,
96 876 210 939 etcum
225 863 267 925 ait
282 864 316 925 in
331 862 387 925 Vl.
403 863 471 925 libri
486 859 528 937 Π,
540 881 570 925 v.
587 867 644 926 17:

181 944 275 1028 Quid
293 944 391 1033 prius
406 946 579 1011 illustrem
593 943 723 1009 Satiris
737 944 904 1031 Musaque
914 942 1108 1031 pedestri?

96 1035 207 1098 eadem
246 1055 347 1098 rursus
365 1035 441 1096 ratio
457 1044 524 1111 est,
541 1054 593 1093 eur
613 1032 733 1096 Persius
753 1029 1026 1118 semipaganum
1046 1052 1084 1094 se
1103 1032 1224 1115 appellet

12 1166 15 1173 ,
96 1131 128 1183 et
155 1142 207 1183 cur
223 1056 339 1182 inritas
357 1141 428 1183 suas
448 1119 593 1181 Horatius
613 1118 708 1180 modo
728 1115 925 1202 pedestrem
945 1120 1111 1195 Musam,
1136 1113 1222 1178 modo

46 1256 50 1261 .
93 1202 283 1277 Sermones,
303 1217 338 1267 ut
350 1205 384 1267 in
401 1215 506 1288 quarta
517 1205 608 1288 primi
616 1203 830 1291 Epistularum,
847 1205 932 1267 inite
971 1262 974 1273 ,

96 1302 103 1359 .“
222 1287 318 1368 Atti,
340 1297 536 1369 nostrorum
548 1285 752 1352 Sermonum
775 1285 923 1353 candide
936 1280 1068 1377 judex.
1113 1322 1118 1329 ·

467 1490 541 1556 rs
598 1489 854 1593 eurus.
952 1464 959 1483 ”

43 1641 95 1699 527
181 1635 213 1694 2.
236 1624 331 1708 Quis
349 1623 445 1713 leget
467 1624 590 1706 hasal]
616 1624 720 1690 Prima
745 1639 830 1713 parte
847 1624 965 1691 Satirae
986 1627 1083 1705 hujus
1103 1618 1222 1687 utenti

93 1716 213 1780 Persius
235 1714 369 1801 pluribus
388 1714 527 1776 versibus
546 1711 580 1774 id
601 1714 762 1776 consilium
785 1714 844 1778 sibi
887 1711 989 1775 robari
1008 1704 1220 1782 inscribendo,

15 1872 18 1877 ,
94 1800 189 1950 quod4
199 1800 394 1886 paucioribus
415 1799 517 1862 verbis
541 1795 628 1859 datur
653 1800 691 1861 ab
715 1800 844 1862 Horatio
864 1735 965 1863 ξαῇιει
986 1797 1099 1859 ultima
1119 1790 1219 1869 libril,

94 1908 125 1951 v.
147 1892 167 1951 7
210 1908 225 1949 s
248 1909 275 1949 .:

228 1907 247 1971 q
344 1986 464 2051 neque,
487 1975 520 2028 te
533 1974 572 2030 ut
587 1964 735 2030 miretur
748 1963 859 2048 turba,
872 1962 1043 2044 labores„

225 2051 412 2118 Contentus
432 2051 557 2136 paucis
576 2049 768 2115 lectoribus.

179 2146 209 2206 3.
234 2136 350 2226 Turpe
371 2147 405 2201 et
422 2134 643 2220 miserabile]
671 2137 807 2202 Videtur
819 2136 954 2201 alludere
975 2134 1017 2199 ad
1035 2137 1096 2200 ista
1114 2133 1219 2213 Horatii

16 2272 21 2287 .
94 2224 158 2290 Sat.
177 2225 202 2304 I,
216 2225 247 2306 4,
267 2247 299 2289 v.
315 2230 356 2291 21
376 2245 461 2310 sqq·:
786 2292 797 2298 ,
941 2256 944 2263 ·
1095 2286 1100 2293 .

621 2347 626 2361 =
656 2305 787 2373 Beatus
799 2307 956 2373 Fannius
972 2306 1068 2371 ultro

221 2392 364 2465 Delatis
383 2389 500 2479 capsis
521 2401 554 2457 et
569 2391 741 2482 imagine,
771 2414 850 2459 cum
866 2400 947 2456 mea
963 2414 1067 2456 nenio
1165 2460 1173 2469 ,

221 2477 362 2586 Scripta
380 2479 495 2628 tepet:
755 2540 765 2562 0
1059 2484 1063 2493 “

94 2568 171 2631 haec
187 2578 233 2630 est
252 2561 273 2648 ἡ
291 2587 327 2630 εκ
340 2567 402 2629 τοῦ
433 2562 568 2629 vavtlov
582 2563 725 2647 μίμησις.
952 2608 956 2620 .

134 2659 233 2801 1112.
257 2648 353 2731 Quid
365 2645 542 2735 suciamll
571 2651 716 2716 Horatius
737 2652 771 2715 in
791 2649 883 2715 simiti
903 2647 1129 2713 deliberatione
1145 2644 1219 2708 initio

70 2736 117 2800 ·l·
167 2737 263 2800 usai·
302 2738 393 2800 Vs5i
555 2742 559 2747 Ι

5 2830 10 2835 “
223 2785 318 2903 Quid
330 2817 488 2906 faciam,
515 2817 726 2905 praescribe.
751 2817 953 2901 Quiescas:

94 2929 135 2971 ex
155 2909 213 2969 hac
234 2909 395 2971 collatione
414 2908 588 2988 intelligitur
609 2929 677 2970 acre
698 2919 729 2969 et
742 2908 919 2971 uehemens
936 2904 1035 2969 Persii
1057 2900 1221 2985 ingenium:

92 3015 167 3056 nam
179 2994 223 3056 sic
236 2995 322 3080 petiit
334 2994 509 3072 consilium,
533 3006 567 3056 ut
587 2997 651 3072 ejus
663 2991 757 3054 dandi
794 3004 955 3056 otestatam
968 3012 1036 3053 non
1048 2993 1157 3065 saciat,
1175 2984 1224 3051 sed

91 3081 196 3142 statim
215 3092 249 3142 ut
267 3079 379 3159 dutum¹
391 3079 547 3165 repudiet,
577 3077 660 3163 quod
680 3100 744 3140 non
767 3015 923 3142 dubitabat
946 3075 1055 3139 datum
1075 3077 1129 3141 iri:
1150 3070 1224 3160 quod

34 3190 41 3205 ·
90 3163 182 3245 igitur
198 3167 303 3229 lectori
327 3164 532 3250 supplendum
547 3167 681 3252 reliquit,
711 3165 792 3250 apud
814 3164 977 3227 Horatium
998 3164 1156 3225 habemus
1177 3180 1224 3222 ex·

91 3271 246 3335 pressum:
274 3248 449 3329 Quiescas.

180 3341 229 3400 13.
252 3332 445 3398 Scribimus
464 3332 609 3410 inclusi,
639 3355 799 3397 numeros
820 3331 898 3413 ille,
920 3330 979 3397 lsic
999 3329 1095 3418 pede
1119 3327 1223 3408 libes]

91 3416 206 3483 Affinis
221 3443 327 3485 versus
343 3421 387 3484 illi
395 3423 563 3484 Horatiano
579 3420 649 3506 [Ep.
665 3419 742 3500 11,1‚
761 3423 850 3500 117]:

219 3503 410 3569 Scribimus
423 3503 554 3569 indocti
575 3503 732 3592 doctique
746 3504 912 3592 poemata
932 3501 1089 3593 passim,-

91 3589 148 3652 etsi
161 3612 218 3653 uec
232 3593 380 3655 sententia
394 3591 504 3655 eadem
519 3614 643 3676 prorsus
657 3614 713 3655 uec
725 3594 828 3656 verba.
1042 3592 1046 3601 '

95 3732 101 3747 „
175 3681 228 3741 20.
251 3675 414 3764 Ingentes
431 3675 607 3762 trepidare
633 3674 751 3757 Titos]
774 3676 937 3765 Ingentes
956 3672 1033 3741 Titi
1051 3676 1096 3739 its
1117 3672 1224 3738 dicun

90 3781 109 3823 a
124 3759 245 3840 Persio,
266 3775 300 3826 ut
313 3764 432 3826 Horatii
448 3761 533 3827 celsi
548 3761 749 3839 Blsomnes,
772 3763 805 3825 in
821 3765 907 3840 Arte,
928 3782 959 3824 v.
978 3760 1065 3826 342:

220 3845 314 3912 Celsi
323 3857 549 3932 praetereunt
563 3858 706 3912 austera
712 3855 881 3935 poemata
896 3844 1104 3922 Rhamnes,-

38 3928 205 4010 sssdocte,
230 3946 264 3996 ut
284 3935 404 4015 omnia,
426 3937 544 4000 notavit
566 3938 626 3999 hoe
642 3939 705 4015 jam
727 3934 802 3999 olim
819 3932 995 3997 Hadrianus
1013 3931 1181 3997 Turnebus
1197 3927 1224 3991 in

90 4017 153 4080 suis
172 4018 383 4084 Adversariis„

174 4108 229 4168 21.
261 4101 423 4168 Tremulo
450 4103 652 4192 scalpuntur
674 4103 735 4170 uiri
767 4102 892 4169 intimo
916 4103 1056 4185 versu]
1087 4101 1225 4169 Horatius

90 4184 268 4255 carminum
282 4191 359 4252 libro
374 4189 432 4270 IV,
453 4190 527 4255 Oda
542 4190 640 4271 XIII,
661 4214 691 4257 v.
707 4193 727 4258 5
741 4214 804 4290 squ
824 4190 827 4195 ’

217 4272 268 4338 Er
290 4285 395 4339 contu
413 4274 561 4340 tremulo
578 4286 665 4362 pota
683 4273 889 4362 Cupidinem

217 4356 371 4423 Lentum
389 4359 587 4443 sollicitoss
1008 4362 1019 4395 ²

87 4447 230 4509 falluntur
244 4444 353 4512 eruditi
373 4448 446 4528 viri,
467 4448 519 4535 qui
538 4441 725 4511 tremulum
746 4454 887 4512 contum
903 4446 1148 4535 interpretantur
1167 4450 1226 4515 sni-
