2700 4972
139 313 278 400 'srvis
427 310 712 403 'csosssu
754 336 1031 406 varanes·
1089 295 1100 313 ⁵

253 517 289 578 V
310 516 361 582 44
388 514 517 572 Caecum
534 511 642 569 vulnus
656 510 758 589 habes]
791 512 833 570 De
847 513 1063 590 gladiatoribus
1082 525 1230 593 tractum,
1253 490 1305 595 qui

171 614 293 684 accepto
305 602 447 671 vulnere
469 599 609 657 inaurato
625 596 724 655 balteo
740 606 854 675 tegunt.
1086 624 1092 639 ι

256 690 291 751 V.
313 689 364 751 49.
387 683 516 762 Puteal]
537 684 750 741 Foeneratores
763 683 801 741 ad
814 685 917 762 puteal
929 685 1080 745 Scribonia
1093 685 1208 764 Iicirni,
1222 664 1307 767 quod

172 786 218 837 est
231 776 263 835 in
271 775 393 856 porticu
404 770 481 831 lulis
493 764 542 829 ad
549 769 715 828 Fabianum
733 788 852 844 arcum,
875 771 1037 831 consistens
1048 773 1194 834 solebant

637 1037 745 1044 n———u—-cn
754 1033 823 1045 -Οὺν-
835 1038 845 1043 -

447 1265 522 1341 IN
575 1265 932 1345 SATIRAM
982 1248 1073 1340 Vs

258 1459 293 1521 V.
311 1461 339 1522 9.
366 1458 528 1516 Coenanda
545 1456 685 1535 Glyconi]
708 1458 826 1537 Glycon
838 1455 1010 1535 Tragoedus
1026 1455 1137 1536 populo
1150 1456 1226 1515 mire
1239 1457 1307 1536 pla-

170 1546 249 1607 cuit:
281 1554 312 1603 et
333 1543 400 1602 ideo
425 1564 442 1600 a
465 1542 583 1619 Nerone
601 1544 799 1603 manumissus
819 1552 878 1619 est,
911 1542 990 1601 datis
1012 1541 1134 1620 Virgilio
1149 1543 1308 1622 Tragoedo

170 1628 294 1692 domino
316 1631 395 1710 ejus,
425 1648 481 1706 pro
501 1636 587 1706 parte
608 1628 748 1703 dimidia,
777 1648 867 1707 quam
887 1627 1071 1707 possidebat,
1100 1631 1308 1691 sestertiorum

169 1718 311 1777 tercentis
324 1715 464 1777 millibus.
506 1712 635 1773 Hicsuit
648 1716 917 1793 staturaelongae,
946 1715 1022 1773 fusci
1043 1715 1195 1794 corporis,
1227 1716 1309 1777 labio

168 1804 302 1864 inferiori
316 1802 457 1860 demisso:
479 1809 638 1876 antequam
653 1803 869 1860 subornaretur
886 1800 1041 1859 deformis·
1072 1801 1189 1860 nescius
1202 1800 1308 1882 jocari,

168 1899 295 1972 propter
310 1887 392 1964 quod
405 1906 473 1944 eum
487 1887 633 1944 insulsum
646 1888 763 1946 Persius
780 1887 879 1946 dixit.

256 1974 291 2033 V.
309 1975 356 2036 14.
384 1975 418 2032 V
414 1972 483 2030 erdo
503 1985 593 2048 togae
607 1973 747 2052 sequeris]
772 1975 852 2051 Toga
868 1982 913 2030 est
926 1991 1038 2048 purum
1048 1972 1188 2050 pallium,
1210 1975 1308 2033 forms

135 2080 139 2091 ·
169 2060 303 2123 rotunda
317 2068 347 2116 et
361 2060 486 2130 fusiore,
522 2067 610 2134 atque
624 2058 828 2117 inundante
806 2079 888 2118 sinu:
918 2066 948 2114 et
966 2057 1022 2115 sub
1043 2057 1153 2117 dextro
1174 2060 1331 2139 venienu.

170 2167 261 2225 super
272 2145 433 2205 humerum
454 2144 608 2202 sinistrum
629 2145 769 2221 ponitur.
800 2146 886 2227 cujus
908 2142 1163 2202 similitudinem'
1152 2168 1187 2205 sn
1206 2146 1334 2226 operi--

169 2232 278 2293 mentis
303 2230 546 2304 simulacrorum,
576 2229 625 2288 *vel
647 2230 834 2309 picturarum
860 2229 1033 2307 aspicimus,
1063 2248 1170 2308 easque
1193 2240 1310 2293 statuas

170 2328 286 2399 togatas
303 2336 459 2376 vocamus.
498 2317 578 2393 Toga
597 2335 670 2374 vero
685 2318 813 2375 Romani
832 2317 863 2374 in
883 2308 1150 2394 praemebamur,
1179 2319 1212 2377 in
1228 2318 1309 2379 bello

169 2403 399 2486 paludamentis.
439 2400 579 2460 Mensura
596 2410 680 2480 togae
692 2402 791 2483 justae
804 2421 888 2460 senas
901 2399 987 2459 ulnas
1002 2400 1140 2461 habebat.

256 2490 291 2550 V
305 2493 356 2551 22.
383 2489 563 2567 stantaque
577 2501 694 2546 nostrae
709 2492 791 2547 Pers
807 2502 861 2547 tua
876 2490 917 2545 sit
934 2487 1058 2544 Cornute
1072 2491 1209 2563 animae]
1231 2493 1309 2550 Sen-

170 2576 267 2637 tentia
282 2596 299 2633 a
314 2573 484 2653 Pythagora
497 2582 613 2647 tracte,
634 2566 788 2634 dimidiam
802 2576 918 2633 animae
928 2592 998 2630 suae
1009 2583 1127 2651 partem
1142 2574 1216 2635 dicit
1231 2578 1310 2636 Cor-

170 2670 294 2736 nutum,
315 2670 352 2718 ut
366 2658 510 2718 Horatius
523 2618 696 2737 Virgilium:

299 2792 304 2803 .
338 2746 379 2803 Es
395 2765 490 2802 serves
510 2744 813 2803 animaedimidium
833 2766 928 2803 meae.
987 2806 990 2813 ⁴

254 2835 289 2894 V.
304 2837 355 2897 31.
378 2831 542 2889 Sarsinatis
554 2831 678 2909 laribus]
703 2831 782 2904 Quia
798 2831 914 2889 Gabino
930 2830 1052 2904 babitu,
1082 2831 1245 2911 cinctuque
1262 2832 1309 2893 l)ii

168 2929 292 3003 penates
319 2917 546 2992 formabantur,
584 2916 720 2975 obvoluti
742 2926 812 2995 toga
834 2936 924 2995 super
953 2917 1114 2985 humerum
1143 2916 1310 2994 sinistsun,

169 3010 278 3068 dextro
302 3004 396 3063 nudo.

256 3093 290 3151 V.
307 3094 357 3156 33.
383 3087 538 3147 Candidus
556 3086 657 3166 umbo]
679 3090 909 3170 Συνεκδοχικῶς
923 3110 980 3171 pro
995 3100 1075 3170 toga.
1118 3088 1265 3167 Alioquin
1278 3100 1308 3151 et

167 3183 199 3239 in
217 3185 376 3260 praetexta
388 3173 535 3233 candidus
550 3173 641 3231 umbo
659 3182 713 3232 est.
819 3212 822 3217 -

254 3265 289 3324 V.
311 3264 363 3324 47.
384 3262 500 3319 Nostra
520 3261 569 3319 vel
586 3257 722 3339 aequali]
757 3259 824 3318 Hoc
841 3261 1007 3321 secundum
1028 3261 1206 3343 Astrologos
1227 3264 1306 3325 dicit.

167 3352 205 3411 Es
220 3350 271 3409 bic
283 3367 386 3407 sensus
400 3354 515 3404 tractus
532 3355 576 3403 est
594 3346 632 3404 ab
649 3345 792 3404 Horatio:
1291 3380 1296 3395 .

335 3433 394 3489 Seu
411 3428 506 3504 libra,
531 3452 583 3488 seu
597 3453 644 3488 me
659 3432 800 3507 Scorpius
816 3434 938 3508 aspicit.

252 3519 287 3579 V.
302 3521 352 3584 52.
375 3516 467 3574 Mille
481 3516 638 3574 hominnm
656 3516 780 3595 species]
805 3517 842 3574 Et
855 3516 1013 3577 Horatius:

339 3604 417 3679 Quot
435 3607 572 3680 capitum
591 3604 696 3659 vivunt
705 3644 714 3675 ‚
746 3602 867 3659 totidem
887 3605 1051 3663 surdiorusn

334 3689 454 3747 Miltia.

166 3778 204 3836 Et
225 3776 398 3836 Terentius:
446 3840 448 3844 ι
480 3821 485 3837 .

337 3863 416 3938 Quot
436 3862 558 3936 capita,
590 3871 633 3916 tot
653 3864 826 3918 sententiae.

251 3947 286 4007 V.
300 3948 352 4012 53.
376 3948 411 4007 V
406 3946 461 4005 elle
481 3966 570 4002 stium
593 3947 699 4024 curque
720 3948 772 4024 est]
797 3948 836 4004 Et
855 3947 1007 4026 Virgilius:

330 4065 374 4077 -
396 4031 488 4089 trahit
511 4050 568 4087 suu
591 4052 736 4109 quemque
755 4034 906 4109 voluptas.

251 4117 286 4177 V.
304 4116 354 4183 54.
377 4116 438 4175 Sub
456 4118 518 4173 sole
541 4114 660 4193 recenti]
682 4117 736 4175 Est
751 4115 801 4174 hic
813 4137 915 4176 sensus
928 4118 965 4176 ab
978 4116 1106 4176 Horatio
1121 4116 1254 4175 tractus:
1269 4176 1277 4199 Ι

332 4206 397 4261 Hic
418 4213 515 4261 mutat
536 4222 646 4259 merces
667 4216 804 4278 surgente
828 4225 849 4260 a
869 4206 940 4261 sole.
1288 4246 1291 4251 -

251 4289 286 4349 V.
303 4293 353 4354 73.
373 4289 504 4365 Quisque
517 4288 552 4344 V
549 4285 641 4363 euna]
665 4287 877 4346 Velina-tribus
891 4308 1016 4348 numero
1030 4288 1157 4345 aliarum
1173 4286 1306 4347 tribuum

166 4377 303 4435 accessit:
325 4386 356 4434 et
369 4373 420 4452 qui
436 4374 516 4432 circa
530 4372 668 4431 Velinum
685 4373 783 4432 lacum
803 4373 999 4448 babitabant,
1027 4376 1155 4433 Romam
1168 4370 1306 4431 translati

55 4530 58 4535 .
166 4472 245 4522 sunt.
288 4464 401 4522 Romae
418 4466 518 4519 autem
535 4467 601 4518 erat
620 4461 822 4537 consuetudo,
845 4463 948 4540 utqui
964 4481 1001 4521 ex
1018 4459 1249 4521 manumissione
1257 4456 1305 4517 'ei-
