2700 4972
102 343 168 412 818
286 328 551 409 ‘ADDENDA
584 340 650 409 ET
682 338 1030 409 GORRIGENDA.
1169 418 1175 425 ,

102 512 195 577 Huet.
217 524 252 576 ut
273 513 373 595 Pium.
402 513 565 578 intellexit:
600 512 724 595 „Rheni
751 513 902 596 imagines
931 512 1109 601 pingendas
1132 519 1229 584 loesi!

102 598 144 661 V.
157 601 200 666 60
219 599 306 665 idem
319 613 354 665 ut
371 622 448 664 nos:
471 600 550 679 „nisi
569 602 650 663 hane
668 602 841 687 impensam
866 603 1141 687 comprobaveris,
1158 606 1229 692 peri-

103 684 151 748 bis
173 688 299 765 jubente
312 684 485 773 Principe.“
826 766 830 777 Ι

187 770 223 836 P.
253 776 328 839 881.
366 771 409 835 V.
436 772 490 839 59.
534 766 717 835 Rectissime
756 764 822 834 H.:
865 768 1040 850 „Tritavus
1086 797 1176 841 mens
1205 790 1229 842 et

101 852 225 921 Manius
259 856 373 921 Terrae
414 867 487 920 sunt
524 856 594 919 filii:
637 856 730 937 igimr
760 854 885 921 Manius
912 857 973 921 ille
1011 863 1118 939 major
1152 884 1229 928 meos

102 950 151 1004 est
189 946 364 1007 aunculus.
427 941 554 1026 Proprie
591 940 694 1029 itaque
733 944 852 1005 locutus
901 954 948 1006 est
989 942 1170 1015 Persius.“·
1188 958 1228 999 '-

101 1024 143 1089 V.
167 1032 217 1093 61.
240 1024 301 1093 G.:
336 1024 430 1109 „Qui
453 1022 554 1113 prior
575 1047 630 1107 ea,
656 1026 728 1093 i.·e.
754 1026 922 1107 epcmristiz
955 1030 1012 1115 qui
1041 1045 1122 1095 natu
1143 1039 1230 1114 major

102 1132 137 1174 es
157 1132 227 1193 me,
256 1136 308 1177 cur
329 1112 369 1177 de
396 1112 565 1176 hereditate
584 1134 656 1177 mea
676 1110 811 1179 virentis
830 1134 865 1177 es
886 1114 1058 1201 sollicitus3
1090 1140 1146 1185 cur
1163 1121 1229 1183 mihi

86 1197 177 1273 ,viro
197 1198 375 1286 videntique
395 1199 444 1264 vis
464 1196 678 1265 succedet&

186 1284 222 1351 P.
243 1289 316 1352 888.
346 1282 384 1349 G.
412 1305 535 1370 quoque
556 1279 748 1370 plausisse:
782 1282 877 1370 palpo
902 1296 1065 1371 percutere
1087 1301 1158 1355 cett.
1195 1291 1228 1355 V.

102 1372 145 1437 78
165 1367 251 1434 idem
272 1374 350 1451 conj.
378 1379 563 1456 quartum
597 1390 629 1437 v.
653 1390 701 1457 sq.
734 1388 864 1456 rugam
884 1373 967 1457 expl-
988 1375 1145 1459 „plicam
1165 1398 1227 1457 ergo

36 1508 40 1522 .
102 1452 261 1541 decuplata
287 1469 343 1520 est.
386 1453 512 1540 Deprm
539 1472 576 1533 e,
606 1467 721 1542 puncto
751 1454 892 1537 designa3
938 1454 1080 1548 ascapo
1113 1466 1230 1528 staterae*

101 1543 309 1607 tranantem
350 1538 484 1624 Scaliger
505 1475 654 1631 §spinga
673 1545 824 1630 probasse
843 1540 974 1610 rideam.
