2700 4972
146 362 189 427 οι
516 320 932 424 counnurrarus

27 548 37 569 ⁸
68 534 71 549 '
149 527 261 613 doaso
284 523 362 594 οὐδ’
383 523 468 613 ὄναρ
491 523 679 610 ἀλλότριον.
728 528 906 595 Plutarchus
925 531 1006 593 inter
1025 529 1115 611 slgns
1133 533 1293 617 profectus

148 623 231 682 hunc
245 624 366 702 quoque
379 619 480 703 ponit:
503 621 696 682 velletacere
716 614 800 702 q‘uod
812 629 930 679 rectum
948 627 1011 696 est,
1033 638 1135 701 neque
1156 616 1190 679 id
1211 620 1294 681 vello

150 705 221 769 sciri
232 716 277 781 et,
299 713 333 763 ut
349 705 416 788 ipse
427 704 573 788 loquitur,
594 706 677 766 foras
689 725 754 765 non
765 714 911 787 spectaro.
954 700 1053 783 Origo
1069 704 1178 766 erroris
1192 704 1292 783 hujus,

151 782 250 877 quem·
257 789 328 851 heic
344 790 439 874 carpit
453 788 589 868 Persius,
612 801 659 852 est
675 788 757 874 quod
772 790 867 849 finem
881 789 1037 850 actionum
1058 809 1186 851 suarum
1212 791 1293 851 male

151 886 333 955 statuerent:
353 876 386 937 in
399 877 482 937 fama
495 896 609 961 nempe
623 875 707 954 vulgi
722 886 752 935 et
763 875 866 953 lingua
881 874 1060 950 hominum,
1082 875 1221 960 quitinis
1234 897 1294 936 nu-

63 996 66 1001 ·
152 961 285 1042 gatorius
301 973 348 1023 est
362 972 392 1022 et
405 961 504 1024 inanis
519 982 553 1022 ac
572 973 736 1037 ventosus3
765 970 848 1021 extat
868 957 912 1021 B..
930 960 1090 1040 Augustini
1108 961 1211 1041 gravis
1228 961 1293 1047 epi-

151 1049 230 1111 stola
248 1047 305 1124 [est
317 1068 364 1133 ep.
377 1046 485 1127 LVI],
507 1068 566 1132 qua
581 1046 768 1109 Dioscorum
782 1047 843 1106 hoc
856 1045 993 1107 insaniae
1008 1060 1120 1125 genero
1139 1068 1213 1108 cum
1225 1048 1293 1111 vul-

152 1156 192 1214 go
206 1134 409 1195 insanientem
421 1153 529 1195 severe
547 1133 671 1214 castigat
682 1135 772 1193 allato
790 1131 882 1192 etiam
897 1133 958 1192 hoc
970 1131 1067 1195 Persii
1080 1134 1162 1195 loco.

195 1261 213 1303 ,Ι
237 1214 334 1280 Scire
349 1226 447 1279 tuum
459 1212 636 1297 uitauerat
659 1217 729 1280 Non
742 1221 840 1296 juvat,
862 1218 940 1278 nihil
953 1220 1051 1281 valet:
1067 1218 1204 1298 formula
1219 1238 1292 1281 con-

150 1302 319 1368 temnendi.
358 1303 501 1369 Clemens
513 1303 752 1389 Alexandrinus:
776 1305 817 1387 τῇ
835 1301 1007 1389 κενοδοξία
1022 1295 1191 1384 ἐπιλέγειν,
1212 1304 1293 1369 urso

152 1390 218 1466 δεῖς
237 1385 364 1469 ὄνειροι
377 1383 522 1472 χαίρετ’,
545 1384 645 1454 οὐδὲν
658 1382 712 1472 ἤι’
733 1383 817 1469 ἄροιο
840 1388 914 1464 [non
930 1389 1052 1453 inveni:
1072 1391 1133 1453 alia
1150 1392 1294 1476 exempla

151 1478 223 1539 satis
236 1479 333 1538 multa
349 1498 398 1563 ap.
420 1477 486 1541 intt.
500 1476 541 1539 ad
554 1476 679 1538 Lucian.
696 1474 735 1536 dc
748 1472 890 1536 mercede
908 1473 1046 1538 conduct.
1066 1472 1094 1556 §.
1121 1480 1171 1555 16,
1189 1476 1292 1547 ¹Hein-

153 1561 233 1624 dorf.
250 1560 291 1623 ad
304 1562 380 1625 Plat.
397 1560 532 1647 Sophist.
549 1567 580 1626 2.
597 1584 629 1647 p.
645 1564 705 1626 271
723 1563 780 1645 sq]
805 1552 946 1622 dicebant
961 1572 1008 1624 ct:
1035 1556 1157 1636 Οὐδεὶς
1170 1554 1293 1625 τούτου

150 1641 258 1728 λόγος,
276 1659 309 1709 ut
321 1649 464 1724 inveteri
474 1650 653 1734 proverbio,
664 1647 738 1728 ’Τῆς
752 1641 989 1729 λανθανούσης
1002 1648 1166 1733 μουσικῆς
1183 1640 1297 1723 orldsla>

82 1782 83 1785 ,
129 1727 266 1814 ’λόγοςι
287 1735 329 1796 ita
350 1734 426 1796 olim
440 1734 713 1812 concinnabamus,
735 1730 817 1818 quod
833 1731 998 1796 Suetonius
1015 1732 1096 1811 [Ner.
1113 1734 1167 1815 20]
1188 1734 1293 1799 vertiti

152 1814 324 1882 Occultae
339 1818 494 1881 musicae
510 1817 628 1881 nullus
644 1826 696 1879 est
710 1828 893 1902 respectus.
1294 1846 1297 1853 ·

237 1910 290 1970 28.
311 1901 364 1968 At
374 1903 541 1989 pulcrum
555 1913 608 1966 est
619 1902 732 1990 digito
749 1900 959 1983 monstrari]
984 1900 1125 1990 Septima
1137 1905 1292 1991 particula,

152 1991 245 2053 aliam
259 1989 398 2071 ejusdem
415 1992 529 2053 farinae
545 1993 751 2070 objectionem
765 1992 970 2076 complectens
984 2010 1024 2052 cx
1041 2010 1176 2074 persona
1199 1992 1293 2053 collo

103 2079 138 2133 80
154 2076 283 2157 cutoris3
318 2072 430 2163 digito
460 2075 668 2153 monstrari,
704 2074 1070 2141 ὄακινλοὸειαιιῑσθαιι
1111 2097 1174 2162 quo
1198 2079 1292 2141 verbo

151 2161 241 2224 Philo
258 2184 332 2225 usus
349 2174 440 2247 atque
459 2163 527 2234 alii3
551 2158 809 2241 monstrabilis,
833 2154 1125 2237 δακτνλόδιιατοςι
1147 2160 1291 2226 Sidonius

98 2316 101 2323 ,
150 2249 229 2333 libro
243 2246 300 2312 Ill.
323 2248 382 2333 [ep.
397 2253 429 2323 7,
442 2248 497 2309 ubi
512 2246 659 2327 Savaro]:
683 2244 724 2309 ol>
742 2245 860 2311 omnia
870 2244 1062 2333 felicitatis
1076 2256 1291 2335 naturaeque

152 2329 240 2479 hqaa
272 2330 511 2397 monstrabilis
518 2354 531 2411 3
557 2337 609 2399 vel
641 2329 809 2418 ἐπίσημος.
853 2332 915 2413 [V.
936 2345 997 2398 ret.
1023 2334 1122 2397 schol.
1155 2344 1187 2397 et
1209 2335 1289 2400 Psss.

151 2440 169 2480 a
202 2420 235 2480 h.
250 2422 269 2481 l.
708 2448 711 2453 ·
1274 2434 1278 2441 '

238 2419 291 2569 29].
323 2500 409 2566 Tea’
439 2503 650 2569 cirratorum
678 2511 817 2567 centum
841 2499 976 2566 dictata
997 2499 1110 2599 fuisse
1138 2502 1213 2568 Pro
1235 2500 1291 2569 ai·

150 2586 224 2652 lrilo
234 2587 417 2674 pendas?]
442 2590 514 2654 Mos
530 2603 670 2665 veterum
690 2591 969 2670 ludimagistrorum
991 2602 1069 2670 erat,
1090 2600 1125 2652 ut
1140 2590 1291 2678 discipulis

153 2676 218 2740 suis
229 2697 295 2738 non
309 2697 417 2739 eorum
437 2688 555 2739 tantum
571 2688 730 2738 auctorum
741 2676 850 2762 scriptu
863 2679 1096 2762 preelegerent,
1109 2698 1188 2762 quos
1206 2688 1290 2743 veru

50 2827 51 2832 ,
151 2774 213 2825 stas
230 2761 473 2841 commendaret,
495 2763 658 2825 sedetiam
669 2762 854 2826 nobilissimi
872 2766 1016 2847 cujusque
1030 2762 1207 2848 aequalium
1221 2782 1291 2828 suo-

80 2900 81 2903 ,
151 2868 229 2909 rum.
258 2847 381 2912 Marcus
396 2846 515 2912 Tullius
529 2847 570 2911 ad
586 2845 627 2926 Q.
642 2851 768 2911 fraucm
790 2846 864 2926 [HL
885 2852 913 2926 1,
932 2846 960 2930 ᾗ.
978 2846 1029 2927 ll:
1061 2846 1228 2913 Alterum
1243 2856 1291 2913 est

79 2992 82 2996 .
152 2930 196 2996 de
213 2931 375 2998 Calventi
388 2932 500 2998 Marii
515 2934 671 2997 oratioue
688 2930 780 3019 quod
791 2930 929 2996 scribis.-
949 2931 1058 2996 miror
1072 2932 1136 2997 tibi
1145 2934 1290 3021 placere

153 3038 206 3081 me
220 3016 271 3081 ad
284 3020 397 3105 ipsum
411 3018 616 3097 rescribere,
634 3016 848 3104 praesertim
863 3038 944 3082 cum
958 3017 1056 3081 illam
1067 3040 1169 3083 nemo
1183 3018 1291 3085 lectu

153 3126 211 3169 rus
227 3103 283 3184 sit,
297 3104 359 3170 sie
385 3126 404 3168 ο
418 3103 508 3170 nibil
521 3104 751 3192 rescripsero3
764 3116 881 3185 meam
894 3103 931 3168 ia
945 3102 1053 3167 illum
1058 3105 1164 3190 pueri
1175 3110 1292 3172 omasi

151 3200 321 3276 tanquam
337 3127 471 3255 dictata
487 3189 699 3278 perdiscant.
743 3190 897 3255 Videntur
912 3194 973 3253 hoc
988 3191 1076 3273 docti
1088 3184 1290 3276 tiri‘itxoogi-

150 3288 231 3340 tasse
247 3289 278 3341 et
292 3278 421 3343 studiosi
434 3281 614 3365 expetiisse,
636 3300 698 3363 quo
712 3277 831 3341 facilius
843 3279 876 3339 in
890 3279 1032 3339 notitiam
1043 3279 1210 3343 hominum
1223 3300 1291 3368 per-

30 3426 33 3430 .
150 3364 307 3427 venirent:
328 3385 421 3451 quare
434 3378 534 3427 narrat
544 3365 695 3428 Eusebius
709 3367 787 3427 libro
804 3363 864 3426 IX.
887 3363 1062 3426 lllaxiruum
1078 3368 1245 3446 tyrannum
1262 3372 1291 3430 et

149 3451 332 3512 acerrimmn
350 3449 572 3514 Christianismi
592 3453 717 3513 hostem
737 3452 838 3513 literas
858 3452 916 3512 sub
934 3449 1023 3512 Pilati
1045 3451 1175 3514 nomine
1197 3454 1292 3516 coru

151 3544 228 3612 ctas,
252 3535 505 3599 contranelisrum
525 3537 559 3597 in
584 3535 780 3600 Servatorem
798 3534 906 3597 mundi
925 3538 1050 3620 plenas,
1076 3535 1291 3620 ludimagistris

151 3619 312 3684 tradidisse
323 3622 356 3684 in
371 3623 485 3686 scholis
492 3621 721 3709 praelegendus.
747 3617 901 3684 Cirratos
918 3622 978 3683 dici
989 3630 1101 3707 pueros
1118 3621 1172 3708 qui
1184 3624 1291 3687 ludrnn

147 3708 353 3791 frequentant,
382 3709 459 3770 item
482 3705 668 3794 capillatos
689 3719 720 3769 et
745 3704 906 3783 crinitos,
945 3709 1038 3769 etiam
1066 3709 1153 3792 pueri
1184 3712 1289 3775 sciunt

149 3790 248 3868 [Vide
262 3792 362 3856 Plu'm.
384 3805 414 3856 et
427 3793 530 3858 Passa
559 3795 669 3880 quibus
691 3816 755 3854 non
778 3803 823 3855 est
842 3795 1045 3876 improbabile
1061 3794 1155 3877 etiam
1177 3797 1212 3859 in
1234 3799 1290 3860 hac

146 3897 225 3941 voce
240 3880 335 3942 latere
350 3881 490 3942 aculeum
507 3892 537 3942 ct
552 3879 592 3942 ad
611 3878 802 3965 impudicam
817 3880 980 3941 mollitiem
993 3896 1159 3965 puerorum
1171 3880 1289 3970 respici,

146 3961 302 4047 inquibus
316 3966 406 4028 multi
418 3965 565 4046 cinaedi]
609 3966 819 4047 Hieronymus
840 3963 984 4028 adversus
1002 3964 1167 4032 Rufinum:
1192 3966 1290 4057 quasi

146 4069 214 4113 noa
239 4047 450 4114 cirratorum
469 4050 569 4115 turha
590 4049 811 4119 Milesiorum
836 4045 872 4112 ia
892 4046 1019 4112 scholis
1033 4046 1211 4137 figmenta
1230 4053 1289 4117 de-

145 4142 281 4281 lcantet3
312 4137 386 4201 vide
407 4136 543 4201 eundern
564 4139 598 4200 in
619 4138 818 4227 Apologetico
839 4135 880 4199 ad
900 4135 1131 4215 Domnionem,
1152 4143 1208 4204 ubi
1230 4145 1295 4204 hoc·

158 4240 215 4282 oco
230 4222 331 4297 utitur„
653 4230 656 4235 '

233 4296 401 4395 30.'J'Ecce
419 4304 507 4372 inter
519 4306 646 4393 pocula
661 4315 835 4395 quaerunt
851 4302 1067 4369 Romulidae
1088 4309 1227 4393 saturi]
1252 4310 1289 4375 In

60 4452 63 4457 .
135 4392 298 4478 'hacparte
312 4408 423 4461 octava
437 4395 591 4459 satiricum
610 4395 794 4467 cachinnum
808 4392 903 4478 poeta
921 4405 1059 4474 exercet,
1083 4408 1117 4457 ut
1132 4398 1219 4479 istis,
1238 4399 1289 4484 qui

143 4477 260 4542 laudari
272 4501 329 4543 sua
345 4480 491 4569 poimata
503 4503 522 4542 a
535 4480 658 4545 Nerone
678 4492 708 4543 et
719 4480 988 4566 proceribustunti
1005 4479 1230 4565 aestimabunt,
1244 4484 1287 4548 rei
