2700 4972
314 984 1104 1123 onustare

96 1186 1216 1368 nouanturrrruauro.

561 1544 768 1554 ...ω-,ιι-

29 1738 231 1870 05asNemo,
253 1789 305 1875 qui
317 1792 368 1855 vel
380 1788 558 1855 summatim
573 1786 769 1853 humanitatis
780 1784 881 1853 studia
892 1786 999 1871 attigit,
1013 1784 1115 1855 Persii
1124 1786 1223 1855 Satine

96 1878 189 1958 legit,
217 1877 291 1960 quin
311 1877 416 1939 statim
439 1875 616 1937 imitationis
639 1875 825 1937 Horatianus
847 1874 949 1959 aliqua
969 1877 1086 1939 saltem
1110 1875 1224 1957 saeida

97 1959 319 2050 deprehendat:
341 1972 406 2025 tam
425 1964 521 2024 multe
542 1961 626 2022 enim
641 1960 723 2023 illius
744 1971 809 2022 tarn
825 1959 930 2045 paucis
953 1980 1089 2024 numero
1102 1962 1225 2026 vestan

97 2048 256 2135 expressit,
272 2057 306 2107 ut
317 2050 449 2127 fungum
462 2066 531 2111 esse
545 2055 691 2131 oporteat,
707 2048 790 2124 cujus
801 2046 950 2123 animum,
967 2046 1101 2109 simulac
1114 2047 1147 2110 in
1157 2048 1225 2109 bunc

99 2134 213 2201 librum
240 2133 348 2195 oculos
375 2132 520 2211 conjecit,
547 2135 612 2210 ejus
638 2131 684 2193 rei
707 2131 808 2216 aliqua
828 2152 893 2193 non
918 2132 1070 2217 percutiat
1096 2132 1225 2219 suspicio

98 2218 140 2283 Et
150 2230 255 2281 tamen
270 2237 308 2280 ea
320 2227 399 2296 arte,
420 2239 460 2279 eo
473 2215 586 2296 judicio
604 2217 638 2278 in
657 2218 716 2278 bac
737 2227 822 2303 parte
838 2237 910 2279 usus
927 2227 975 2280 est
989 2216 1088 2304 polita
1100 2218 1227 2299 ingenio·

26 2330 32 2345 ·
98 2304 255 2381 sissimus,
276 2313 319 2381 ut,
339 2303 392 2388 qui
403 2301 483 2365 adeo
502 2304 598 2365 multa
616 2323 679 2364 non
690 2323 747 2365 sua
761 2312 899 2388 usurpat,
921 2323 996 2367 suus
1008 2314 1117 2367 tamen
1131 2305 1228 2390 ubique

99 2391 139 2454 sit
150 2411 208 2451 nec
221 2389 313 2451 alieni
327 2388 468 2452 beneficii
484 2390 549 2450 fere
556 2387 732 2491 pmcquam,
753 2408 861 2452 verum
894 2389 995 2472 ropria
1009 2388 1119 2473 omnia
1130 2391 1229 2453 habete

100 2474 258 2539 videatur:
279 2468 345 2556 aspin
364 2469 429 2554 γὰρ
445 2466 526 2551 παρ’
550 2475 656 2537 unco
677 2468 764 2556 λάβῃ
786 2494 834 2550 τι,
858 2408 950 2549 tices
964 2466 1063 2559 αὐτῷ
1075 2467 1231 2557 χρώμενος

62 2632 65 2637 ,
101 2560 192 2626 ἴδιον
209 2552 248 2621 cd
262 2554 394 2640 ληφθὲν
410 2561 518 2621 ποιεῖ.ο
538 2556 622 2643 quod
644 2557 720 2621 olim
734 2557 929 2623 eruditissimi
948 2560 1045 2623 critici
1059 2558 1103 2624 de
1117 2558 1233 2642 Thucy-

56 2642 62 2653 ’
104 2645 177 2709 dide
196 2645 370 2706 Homerum
396 2643 536 2705 imitante
557 2644 795 2729 pronuntiarunt.
848 2639 954 2723 Quare
979 2644 1135 2731 equidem·
1156 2648 1233 2711 facile

2 2737 12 2768 s
104 2733 232 2812 ignosco
247 2740 296 2794 tot
319 2728 625 2808 commentatoribus,
652 2750 730 2815 quos
752 2731 857 2816 palam
877 2740 925 2795 eat
941 2728 987 2795 ita
1007 2732 1235 2815 negligenterin

53 2820 171 2891 524hoc
187 2816 313 2895 negotio
329 2836 398 2879 esse
412 2824 566 2893 versatos,
590 2826 625 2877 ut
644 2816 712 2877 loca
732 2836 797 2878 non
816 2834 915 2903 pauca
931 2836 1098 2903 perperam
1118 2838 1236 2905 accepe-

104 2903 183 2980 rint,
204 2900 373 2986 quaedam,
395 2899 451 2964 sed
472 2900 614 2979 illustris,
642 2922 706 2962 non
727 2900 997 2965 animadverterint
1014 2923 1089 2967 esse
1109 2915 1237 2991 conupn

104 2988 229 3050 unicam
247 2989 288 3050 ob
311 3007 449 3050 caussam
472 2987 569 3065 hanc,
590 2984 674 3071 quod
694 2985 832 3050 Persium
849 3008 923 3049 cum
932 2986 1066 3051 Horatio
1089 2986 1238 3071 ddigenter

73 3149 77 3157 Ι
106 3071 291 3136 contendere
312 3093 437 3135 suarum
462 3071 594 3156 partium
623 3092 691 3135 esse
709 3073 848 3135 animum
876 3093 1036 3158 nunquam
1064 3072 1239 3139 induxerint

107 3158 173 3223 Nos
186 3178 261 3221 vero
275 3178 369 3242 quam
383 3158 443 3221 illis
455 3157 616 3219 tribuimus
628 3158 753 3221 reniam
767 3179 808 3220 ne
827 3159 866 3220 ab
886 3158 953 3221 aliis
966 3170 1076 3244 petere
1088 3160 1152 3249 ipsi
1170 3182 1240 3249 opus

108 3246 308 3321 haberemus,
330 3262 527 3329 quaecunque
543 3243 575 3304 in
597 3264 636 3305 eo
653 3264 764 3323 genere
785 3244 1000 3308 observatione
1023 3242 1123 3327 digna
1142 3244 1241 3333 depre-

109 3326 333 3407 henderemus,
362 3329 467 3391 omnia
493 3326 630 3391 studiose
651 3328 831 3411 collegimus
855 3330 1003 3419 atquein¹
1030 3352 1134 3395 unum
1157 3332 1241 3399 veluti

111 3434 310 3476 communem
324 3415 427 3475 locum
441 3413 502 3474 huc
514 3414 712 3493 conjecimus.
756 3414 921 3500 Speremus
934 3437 999 3479 nou
1013 3414 1173 3499 ingratum
1185 3422 1242 3483 ioue

111 3499 277 3577 tironibus,
298 3519 429 3584 quorum
444 3496 551 3562 studiis
566 3498 713 3584 prodesse
734 3513 893 3588 optamus,
913 3512 1057 3567 nestrum
1074 3502 1161 3569 istud
1173 3526 1244 3569 ωι-

111 3584 233 3649 silium:
262 3604 333 3647 cum
349 3584 526 3670 praesertim
543 3585 721 3651 imitationis
743 3597 857 3665 artem,
884 3586 953 3657 sine
971 3608 1034 3673 qua
1054 3610 1141 3675 pens
1155 3590 1244 3657 infin-

113 3681 219 3732 ctuose
231 3681 369 3733 vetemm
387 3670 477 3733 lectio
491 3671 590 3749 buerit,
611 3672 722 3735 nullius
735 3671 872 3751 magistri
883 3682 1047 3759 praecepta
1059 3692 1163 3763 aeque
1174 3680 1245 3743 bes

112 3755 198 3840 ipsos
211 3753 337 3817 doctum
353 3756 428 3833 sint,
449 3767 540 3838 atque
561 3756 622 3818 hoc
640 3758 877 3842 pulcherrimum
895 3756 971 3821 tanti
984 3758 1043 3823 viri
1063 3766 1245 3850 exemplum.

116 3839 150 3902 si
165 3852 302 3903 extarent
314 3840 422 3902 Lucilii
434 3839 565 3917 Salinae,
588 3864 653 3903 non
669 3841 775 3905 dubito
790 3844 883 3906 etiam
900 3844 934 3905 in
943 3843 1004 3907 illis
1019 3849 1152 3933 reperiri
1162 3870 1247 3937 quss-

118 3924 190 3986 dam
204 3946 306 4011 posse,
329 3927 436 4011 quibus
450 3938 554 3989 noster
569 3949 624 3990 sua
637 3929 744 3991 fecerit
762 3928 895 3991 auctiora
912 3939 943 3991 et
957 3932 1180 4000 luculentiora:
1199 3932 1247 4001 aed

115 4011 177 4086 illa,
200 4011 319 4095 opinor,
341 4014 441 4074 forent
452 4033 516 4074 non
530 4015 643 4092 multa,
664 4026 811 4100 quantmn
831 4013 957 4100 quidem
976 4037 1017 4078 ex
1034 4018 1174 4106 reliquiis
1192 4024 1248 4101 ejm

118 4093 230 4183 po'e'tae
247 4097 317 4159 licet
339 4098 499 4176 conjicere:
529 4098 680 4161 horridior
706 4101 789 4163 enim
813 4111 844 4163 et
868 4100 1010 4163 incultior
1030 4102 1171 4171 Lucilius
1191 4108 1248 4187 brit,

118 4203 211 4265 quam
225 4192 259 4242 ut
272 4182 386 4267 aliquid
401 4182 488 4245 facile
502 4204 541 4246 ex
559 4184 654 4270 ipsius
673 4186 826 4249 lutulentis
845 4184 1031 4265 carminibus
1045 4192 1171 4256 tolleret
1185 4193 1250 4259 Pet-

119 4266 181 4330 sius
199 4279 289 4353 atque
310 4269 342 4330 in
362 4288 430 4331 rem
453 4289 543 4332 snam
560 4280 699 4333 verteret.
731 4270 784 4351 [V.
805 4272 1048 4338 consentientem
1071 4274 1250 4343 casaubono

118 4350 244 4418 Passov.
260 4376 290 4438 p.
307 4358 368 4421 119
384 4355 440 4440 sq]
482 4354 677 4418 Venusinam
690 4377 765 4421 vero
781 4356 924 4420 Flaccum
944 4357 989 4421 sic
1009 4358 1043 4422 in
1062 4358 1184 4431 deliciis
1202 4366 1250 4428 he-
