2700 4972
223 196 231 243 l

315 334 913 417 nnasnsnsrnmnnrv.
1031 355 1036 365 ¹
1120 349 1187 412 aas

67 498 151 569 ialam
168 501 424 589 ἀπεφθέγξατοά
444 507 567 593 quando
591 509 766 573 admonitus
788 510 829 573 de
849 512 998 598 supplicio
1026 514 1184 593 cujusdam

67 594 143 679 apile
158 593 306 672 damnati,
339 606 372 654 ut
392 616 431 655 ex
449 616 536 656 more
556 598 775 675 subscriberet,
800 596 892 660 dixit:
931 597 1068 677 Quam
1089 598 1188 665 vel-'

70 696 129 739 em
149 678 323 741 nescire
346 677 536 742 literas!
556 682 667 743 similia
689 684 738 746 his
758 683 840 768 apud
859 683 1002 747 Tacitum
1023 699 1054 748 et
1070 686 1182 750 Sueto-

67 761 212 844 iumalia3
235 767 295 827 hoc
310 779 413 827 autem
432 779 561 829 venuste
577 766 729 831 dictuma
752 769 873 848 Persio,
887 769 1034 856 jactare
1053 792 1098 835 ια’
1111 793 1181 857 po-

67 849 139 922 ulo,
160 865 225 934 uta
250 851 291 931 ud
306 851 487 914 Juvenalem
503 851 537 930 ll,
553 855 627 931 fiel:
928 894 932 899 -

123 934 201 1021 Ipse
221 873 427 1009 iira'eraatae
442 959 521 999 onia
539 957 575 997 se
585 937 744 1025 jactaret
757 938 907 1017 amicae,

67 1024 214 1086 anslalum
227 1046 245 1086 a
260 1025 449 1109 pavonibus,
471 1023 594 1108 quando

405 1108 504 1193 picta
523 1106 683 1195 pandant
697 1111 899 1195 spectacula
915 1110 1065 1199 canda:¹

67 1216 105 1257 nc
117 1195 204 1257 enim
219 1194 380 1258 creduntur
393 1200 502 1274 jactare
512 1206 552 1258 'se
565 1196 727 1274 foeminis3
751 1193 915 1279 Gregorius
928 1198 1157 1267 Nazianzenus:

125 1278 214 1343 Φασὶ
226 1277 295 1345 aad
309 1274 535 1364 μεγάλαυχον,
557 1276 640 1363 ἐπὴν
657 1280 731 1361 περὶ
752 1278 877 1349 κύκλον
887 1282 996 1372 ἐγείρῃ

163 1359 296 1449 Αάγένα
310 1363 483 1446 κνρτιάσας
497 1364 639 1451 χρύσεον
654 1363 830 1450 ἀστερόεις,

117 1447 262 1530 Κλάζιιν
274 1451 474 1535 θηλυτέραις
488 1448 698 1536 φιλοτήσιον.
779 1458 788 1473 “

67 1548 149 1622 itque
166 1536 304 1622 jactare
317 1560 354 1600 oe
367 1541 435 1601 hoie
449 1538 533 1625 quod
546 1537 656 1602 Graeci
672 1540 775 1602 dicunt
788 1535 987 1621 ὠραλζεσθαι
999 1553 1029 1605 et
1048 1546 1178 1608 uallo-

67 1626 205 1703 ξασθαι,
227 1647 313 1703 cum,
334 1625 453 1708 siquid
475 1625 566 1688 laude
587 1625 716 1705 dignum
736 1627 881 1705 facimus,
904 1629 937 1689 in
955 1628 1051 1691 oculis
1075 1632 1179 1693 homi-

67 1710 153 1773 mid
166 1712 312 1788 facinus,
336 1713 481 1791 gloriolae
495 1711 594 1786 avidi,
617 1732 677 1795 qua
692 1702 786 1774 etiam
799 1712 910 1797 cupide
925 1712 1018 1776 nimis
1033 1717 1177 1798 furimur3

67 1798 171 1858 ullum
184 1795 307 1860 diverso
322 1819 415 1859 sensu
429 1799 471 1858 ait
493 1796 640 1878 Synesius
663 1798 703 1882 [p.
719 1803 770 1861 39.
788 1797 822 1861 C.
837 1798 886 1860 ed.
900 1799 1018 1877 Petam]
1040 1799 1178 1864 Dionem

67 1883 204 1968 phistam
230 1883 262 1944 in
290 1882 472 1968 quibusdam
493 1882 677 1960 juvenilibus
699 1884 817 1969 scriptis
837 1887 900 1947 suis
925 1879 1095 1965 ὑπτιάζειν
1121 1885 1178 1952 κοιλ

67 1968 251 2045 tantona,
282 1966 436 2046 καθάπερ
461 1965 522 2031 τάν
542 1962 648 2046 nativ,
686 1972 940 2049 περιαθροῦντα
967 1966 1088 2036 ἑαυτὸν
1119 1970 1176 2041 aut

67 2074 104 2117 ιν
119 2050 334 2201 γαὲνάμξνον
347 2050 401 2117 lat
419 2059 489 2130 ταῖς
505 2047 656 2135 ἀγλαΐαις
669 2057 731 2120 τοῦ
746 2050 858 2139 λόγον.
902 2055 998 2136 [Casa
1019 2055 1176 2122 desinis?

67 2158 133 2204 noa:
182 2160 298 2203 earam.
1089 2172 1092 2181 ·

115 2222 172 2290 16.'
191 2141 384 2309 Aatiairas
398 2223 524 2288 melior
538 2224 676 2291 sorbere
695 2228 877 2307 meracas]
891 2227 997 2313 Aptior
1010 2228 1075 2308 regi
1081 2250 1175 2314 quam

67 2334 139 2389 ,nnus
157 2334 276 2392 regere,
300 2313 404 2398 etqui
427 2311 540 2376 debeas
557 2315 590 2375 in
615 2312 806 2399 disciplinam
828 2313 912 2383 tradi
930 2315 1093 2394 magistro,
1121 2315 1175 2400 qui

67 2418 133 2460 rera
150 2398 338 2460 institutione
351 2399 488 2460 animum
501 2411 588 2470 tuum
600 2412 709 2485 purget
724 2402 761 2461 ab
778 2400 836 2461 illis
850 2401 950 2479 tiliis,
968 2401 1079 2485 quiam
1092 2422 1174 2463 nunc
1248 2461 1255 2474 ,
1276 2460 1280 2468 ,

67 2482 123 2547 vis
139 2485 279 2569 turpiter3
301 2483 374 2546 vide
389 2485 421 2544 in
437 2485 607 2546 imitatione
621 2486 750 2547 Horatii.
892 2500 897 2507 ‘

115 2572 167 2633 17.
190 2567 289 2649 Quae
307 2566 373 2631 tili
387 2566 526 2631 summa
540 2568 622 2633 (νοντ’
635 2570 724 2650 eall]
746 2568 832 2632 Adeo
848 2569 965 2633 alienus
987 2592 1021 2635 es
1042 2574 1081 2635 ab
1101 2570 1173 2635 ido-

67 2676 89 2717 ι.
99 2657 278 2734 cognitione
292 2658 361 2718 τῶν
371 2658 569 2733 πολιτικῶν,
592 2669 626 2718 ut
649 2678 689 2719 ne
710 2658 809 2742 prima
829 2655 955 2740 quidem
970 2658 1090 2720 virtutis
1104 2661 1224 2737 ele-331

67 2752 129 2802 enta
146 2753 175 2802 et
190 2740 345 2803 doct-rinae
356 2744 481 2804 moralis
493 2744 592 2828 prima
604 2754 765 2828 praesepta
778 2753 852 2803 nota
866 2744 999 2822 lrabeas3
1020 2764 1186 2827 quaenam,

67 2839 132 2887 tem
142 2827 193 2887 illa
208 2828 300 2891 sunt?
314 2828 384 2890 finis
396 2849 510 2912 nempe
519 2830 644 2891 notitias
664 2828 738 2891 inde
754 2829 923 2912 auspicatur
937 2828 1079 2892 universa
1094 2831 1174 2890 ethi-

80 2910 260 2997 disciplina3
282 2911 356 2975 inde
379 2914 480 2975 omnis
500 2925 582 2976 recta
607 2915 778 2976 institutio:
801 2915 879 2974 haee
899 2910 1036 2992 Persius,
1058 2915 1175 2999 ubique

67 2997 140 3059 nilis
152 2998 228 3075 sibi,
249 2999 364 3083 ubique
382 2998 561 3077 στωϊκλζιον
576 2993 735 3082 ἀκριβῶς,
753 3010 786 3061 ut
800 2997 841 3060 ad
854 2998 987 3087 primam
996 2997 1129 3062 Satiram
1142 3011 1174 3065 et

67 3084 182 3163 bijam
195 3084 284 3146 toties
296 3084 622 3149 ante-observavimus.
959 3100 963 3105 '

114 3172 184 3233 18..
205 3164 319 3232 Uncto
343 3166 470 3233 vixisse
489 3169 631 3257 patella
652 3172 799 3255 Semper
821 3177 855 3230 et
877 3165 1021 3230 assiduo
1044 3176 1171 3232 curata

67 3253 191 3317 »ticula
208 3252 309 3335 oola]
334 3255 369 3318 Si
381 3278 525 3341 quaeram
540 3279 579 3319 ex
590 3269 631 3336 te,
643 3254 728 3342 quod
740 3256 779 3318 sit
791 3255 847 3316 tibi
860 3254 1051 3339 propositum
1065 3256 1171 3322 vitoe?

67 3352 102 3403 tu
113 3342 193 3403 velis
208 3341 539 3428 ingenuerespondere
551 3345 664 3407 πᾶσαν
685 3337 746 3424 τὴν
769 3334 950 3423 disiderans
975 3362 1091 3427 nempe
1109 3344 1170 3404 hoc

66 3430 179 3504 abere,
199 3448 264 3488 non
275 3427 359 3490 aliud
372 3440 403 3490 te
416 3439 552 3515 spectare
576 3450 678 3514 neque
702 3429 764 3490 alio
783 3426 864 3489 dicta
883 3430 961 3489 facta
1005 3437 1095 3490 etna
1117 3448 1170 3491 re-

67 3534 103 3575 re
118 3534 214 3597 quam
239 3524 275 3574 ut
286 3534 352 3598 ‚per
371 3535 466 3577 omne
487 3535 583 3595 genus
602 3517 777 3599 voluptates
797 3514 895 3576 vitam
910 3524 955 3575 tra
978 3534 1064 3576 neas:
1091 3514 1169 3576 haee

67 3600 78 3661 i
108 3618 235 3663 summa
256 3599 354 3678 boni,
388 3601 441 3660 hic
469 3601 538 3663 finis
559 3601 694 3664 ultimus.
757 3597 920 3663 Caeterum
949 3599 1007 3660 etsi
1029 3598 1171 3662 dicuntur

67 3704 100 3747 ec
121 3686 181 3747 sub
204 3683 336 3747 Neronis
354 3706 502 3773 persona,
535 3687 637 3751 verbis
654 3698 760 3767 tamen
780 3684 1170 3748 Nemni-oonreuiendbns

67 3792 86 3833 n
100 3768 258 3849 dicuntur,
279 3769 336 3834 sed
354 3770 479 3834 satiricis
498 3793 534 3832 ac
551 3770 656 3836 Persio
672 3773 764 3857 aptis:
785 3770 903 3833 namin
924 3790 1055 3857 persona
1069 3770 1170 3834 Nero-

67 3898 69 3913 .
82 3855 297 3942 respondentis
311 3858 339 3921 si
350 3859 497 3920 voluisset
518 3856 664 3919 decorum
678 3879 815 3935 servare,
831 3856 882 3923 ,rei
892 3856 1095 3936 ignominiam
1108 3859 1169 3919 ho-

67 3953 140 4005 state
155 3944 321 4007 verborum
335 3945 483 4006 velasset:
505 3964 605 4028 neque
619 3945 705 4006 enim
719 3945 848 4005 honesta
862 3941 989 4004 deerant
999 3944 1095 4006 verba
1109 3963 1169 4006 vo·

67 4038 174 4089 rtatmn
186 4029 340 4112 patronis3
365 4028 415 4090 hic
430 4040 535 4091 autem
548 4041 594 4091 est
608 4041 772 4117 perpetuus
785 4050 855 4092 mos
869 4028 982 4101 Persii,
1003 4028 1122 4113 quoties
1134 4024 1168 4089 in

67 4115 127 4177 tiris
144 4116 209 4207 suis
227 4115 323 4178 alium
344 4136 384 4178 ex
404 4114 535 4179 adverso
555 4113 657 4179 dicere
674 4115 763 4195 facit,
783 4118 819 4177 'ut
842 4112 882 4176 ad
903 4114 1036 4201 primam
1057 4110 1168 4176 admo-

67 4222 181 4263 ramus.
1263 4236 1268 4255 ι

109 4281 225 4348 Uaata
241 4284 364 4349 vixisse
382 4283 519 4369 patella
535 4282 701 4368 Semper]
717 4285 838 4365 ,Tangit
856 4287 946 4366 gulae
957 4283 1167 4370 intemperan-
1266 4280 1270 4285 ’

67 4395 88 4436 n
106 4384 140 4435 et
154 4369 430 4455 γαστριμαργίαν.
453 4369 514 4451 [Cf.
537 4371 578 4433 ad
598 4370 655 4448 ΠΙ,
679 4374 761 4453 102]
867 4406 874 4415 ·
1008 4408 1011 4413 ·
1036 4416 1046 4447 ,

97 4456 150 4523 Et
166 4456 307 4523 assiduo
323 4466 451 4524 curata
467 4454 731 4567 cntionlaanla]
753 4456 867 4539 Tangit
884 4454 1028 4521 libidines
1041 4466 1074 4518 ot
1088 4464 1234 4563 pro-llll)

1258 4776 1308 4859 ·'.l
