2700 4972
35 438 39 445 ,
162 367 225 430 no
545 322 952 434 communiamus

110 542 161 601 168
168 549 305 601 extremo
319 537 420 624 operis
431 549 535 601 contra
548 520 690 603 Gelsmni
710 540 773 603 τοῦ
791 532 1049 622 ἐντυγχάνοντάς
1063 534 1133 604 ἐστι
1151 540 1200 645 cpi
1217 536 1285 605 incl«

39 653 43 668 ¹
159 644 223 688 νον
245 618 480 706 ’συγγράμματι
505 621 561 688 καὶ
585 616 636 699 οῖς
663 619 755 706 ἡμεῖς
774 618 851 688 κατ’
877 619 985 689 αὐτοῦ
1011 618 1285 708 desponsaturum,

157 708 286 788 κρίναι,
308 703 452 792 ὁπότερα
471 711 596 791 μᾶλλον
617 710 695 775 πνεῖ
713 711 774 773 τοῦ
789 705 954 792 ἀληθινοῦ
973 712 1088 774 θεοῦο’
1108 710 1194 797 quod
1215 713 1284 775 aliter
1326 752 1329 757 -

157 794 369 882 accipiendum
385 817 477 880 qnam
496 796 579 881 apud
601 795 789 877 Dionysium
813 797 927 874 Halic,
958 818 1028 859 cum
1050 792 1284 882 Xenophontem
1328 845 1330 849 -

65 936 67 941 .
158 883 200 943 ait
210 884 305 944 πνεῖν
325 882 392 944 sive
415 876 568 963 ἐμπνεῖν,
590 884 650 943 hoc
671 893 716 944 est
736 881 776 943 ad
791 882 1001 944 sublimiorem
1022 883 1128 945 stilum
1143 885 1285 967 paululum
1311 890 1332 927 ·.

62 973 65 991 '
158 966 317 1030 accedere:
345 959 408 1050 κᾷν
421 987 514 1045 ποτε,
538 968 635 1050 inquit
654 967 751 1052 [epist.
766 966 804 1028 ad
818 967 926 1052 Pomp.
942 990 972 1053 p.
990 972 1060 1045 131,
1086 970 1157 1046 10],
1183 967 1285 1050 dreyri·
1313 1038 1318 1047 Ι

158 1051 413 1135 ραιιβονληθείῃ
425 1049 486 1134 τὴν
501 1049 641 1134 φράσον,
665 1045 779 1134 ὀλίγον
795 1048 994 1133 ἐμπνεύσας,
1017 1047 1127 1132 ὥσπερ
1143 1049 1286 1135 ἀπόγειος

159 1132 263 1222 αὔρα,
285 1132 407 1220 παχέως
420 1135 623 1220 optumrum.
635 1136 691 1201 sed
709 1137 794 1222 quod
812 1140 880 1200 heic
897 1141 993 1201 verbo
1010 1135 1136 1243 afflari
1147 1139 1287 1220 significa-
1308 1136 1333 1185 .:

118 1282 121 1291 .
150 1237 220 1303 tur,
241 1224 275 1287 id
294 1221 404 1287 Graeci
417 1226 518 1286 solent
533 1225 701 1309 exprimere
714 1245 793 1286 voce
810 1228 1202 1306 προοαναχρωνννσθαι,
1241 1246 1287 1287 ua-

156 1312 182 1373 si
204 1312 339 1372 colorem
355 1311 488 1394 aliquem
507 1309 665 1370 induceret
684 1308 805 1371 assidua
826 1321 857 1371 et
877 1321 990 1372 attenta
1009 1311 1117 1374 lectio:
1132 1323 1178 1373 'ut
1190 1248 1287 1375 inqu.

33 1441 37 1479 ·.
69 1422 72 1433 ·
98 1434 107 1445 ,
156 1394 429 1481 Symposiacorum
443 1393 594 1456 Plutarchi
609 1395 717 1479 [probl.
735 1394 764 1456 5.
787 1417 817 1479 p.
835 1394 908 1460 740.
927 1394 997 1476 E.]:
1019 1393 1077 1460 καὶ
1096 1392 1185 1474 πρὸς
1200 1398 1288 1461 τοῦτο
1317 1462 1320 1467 ,

154 1481 282 1559 παίζειν
302 1477 384 1562 [τὸν]
413 1474 578 1544 Πλάτωνα
605 1482 646 1564 νῇ
661 1474 824 1573 ‘operaturi
851 1480 969 1565 νεανίᾳ
992 1476 1289 1565 ποοσαναχοωννῦ-
1317 1524 1320 1533 -

127 1612 134 1629 f
180 1587 265 1631 ενον.
395 1612 398 1625 .
1162 1594 1165 1599 ·

84 1718 88 1735 ,
155 1589 178 1651 μ
244 1651 312 1718 124.
335 1651 474 1715 Datum
500 1647 740 1735 Eupolidem]
776 1649 995 1732 cogitandum,
1028 1674 1082 1714 cur
1109 1640 1316 1738 Eupolidem·

68 1798 71 1808 ,
122 1742 126 1747 ’
154 1750 247 1803 vocet
260 1735 408 1816 iratum,
432 1759 524 1822 quem
539 1748 686 1801 testantur
699 1749 821 1811 ¹veteres
842 1738 935 1799 critici
947 1738 1158 1801 remissiorem
1175 1750 1208 1801 et
1225 1736 1290 1815 Grn-

154 1826 220 1886 tino
239 1825 335 1886 hrisse
357 1836 388 1886 et
406 1823 621 1909 Aristophane:
643 1822 718 1901 jocis
741 1823 824 1885 enirn
844 1843 880 1884 ac
901 1824 1015 1886 salibus
1032 1822 1290 1909 abundasse,'qui

134 1912 137 1917 ⁴
154 1933 218 1973 non
234 1911 419 1972 conveniunt
434 1910 534 1988 iratis,
555 1908 612 1993 sed
625 1909 760 1970 scribunt
775 1909 826 1969 alii
846 1909 949 1971 aliter:
972 1909 1108 1994 primum
1119 1908 1290 1997 Aristoph-

154 2016 228 2058 nem
240 1994 411 2058 modestiae
420 1994 533 2079 aliquid
548 1994 741 2079 etgravitatis
753 1994 848 2056 veteri
859 1994 1040 2057 comoediae
1047 1994 1197 2073 attulisse,
1209 2014 1291 2081 quarn

155 2082 249 2143 antei
268 2084 341 2143 'suun
356 2092 386 2143 et
399 2080 536 2143 Cratinus
551 2090 582 2142 et
595 2078 723 2165 Eupolis
738 2080 930 2142 contumeliis
943 2080 975 2140 in
990 2101 1100 2143 omnes
1111 2078 1291 2166 implessent,

153 2163 416 2247 πικροτερονκαὶ
430 2159 676 2246 αἰοχρότερονῆ
692 2161 766 2227 ἔδει.
795 2163 861 2242 [Sic
875 2160 1141 2245 Ἀριστοφάνους
1156 2162 1246 2249 βίος,
1262 2164 1291 2227 in

155 2250 343 2315 edhchern.
360 2250 456 2315 Dind
468 2273 501 2336 p.
517 2250 594 2329 XV,
609 2249 671 2328 ta]
696 2249 743 2311 An
759 2249 890 2313 iratum
908 2248 985 2312 dixit
996 2274 1051 2336 pro
1069 2252 1148 2314 tristi
1160 2272 1198 2315 ec
1212 2272 1291 2315 sere-

93 2330 97 2337 ’
152 2338 211 2401 ro?
236 2336 320 2422 quod
340 2338 510 2423 epithetum
530 2357 695 2398 commune
713 2345 760 2398 est
779 2337 936 2413 omnium,
965 2338 1018 2421 qui
1036 2337 1112 2401 vitia
1135 2338 1291 2423 reprehen-

154 2421 254 2488 dunt?
296 2443 336 2484 an
358 2422 397 2484 ad
422 2423 609 2507 peculiarem
633 2422 765 2505 aliquam
786 2422 867 2484 illius
888 2424 1027 2484 fabulam
1051 2422 1196 2508 respicit,
1217 2423 1316 2501 cnjus.

143 2508 350 2594 *scriptionem
367 2528 455 2570 susce
478 2509 533 2589 erit
546 2508 662 2570 iratus?
687 2505 874 2595 [Componit
893 2518 1033 2585 cum'eo,
1055 2506 1140 2593 quod
1160 2510 1200 2571 ab
1217 2508 1291 2571 huo·

153 2615 240 2674 nym.
257 2590 299 2654 de
314 2530 612 2669 comoedidictum,
633 2614 705 2654 eum
719 2594 807 2656 πολν
827 2613 863 2671 νε
883 2591 1093 2671 λοίδορον
1111 2589 1171 2657 παὶ
1184 2586 1291 2659 mad:

49 2691 52 2697 '
153 2675 345 2760 ἐμφαίνειν,
367 2679 501 2741 Meinek.
524 2680 543 2741 l.
566 2681 585 2740 l.
608 2701 637 2763 p.
664 2683 716 2742 39.
765 2677 814 2740 De
829 2677 982 2764 Eupolide
996 2691 1116 2764 praeter
1134 2699 1290 2827 paucaap

152 2763 236 2827 Pass.
261 2786 290 2828 v.
302 2764 446 2828 ttleinek.
465 2787 496 2848 p.
515 2764 670 2840 35-59,
693 2764 791 2826 Lucas
812 2766 833 2829 l.
855 2766 1082 2844 l.3frag1nenta
1103 2766 1259 2847 collegite

150 2851 254 2927 juncto
277 2847 491 2913 Phereorote
509 2849 552 2911 M.
574 2848 712 2926 Runlrel,
735 2850 818 2933 Lips.
843 2849 946 2927 1829]

243 2932 468 3022 Praegrandi
482 2955 561 2995 cnm
575 2933 678 3014 eene]
697 2935 900 3020 Aristophane
917 2933 1035 3020 [utpote
1048 2955 1099 3019 ep.
1112 2935 1220 3001 Horat
1234 2935 1289 2999 Sat.

151 3018 177 3098 l',
200 3019 229 3098 4,
255 3027 282 3100 1,
310 3042 402 3106 quem
423 3021 544 3084 Persius
563 3019 647 3082 haud
669 3019 761 3082 duhie
784 3021 933 3106 respexit,
956 3041 1026 3080 cum
1044 3018 1169 3101 Cratino
1186 3034 1217 3085 et
1231 3020 1288 3085 Eu-

151 3105 255 3191 polide
270 3110 447 3186 conjuncto,
470 3107 546 3169 sicut
559 3127 608 3190 ap.
622 3105 732 3184 Vellej.
753 3102 778 3184 Ι,
806 3112 842 3169 16
865 3117 896 3167 et
915 3103 1061 3183 Quinctil.
1074 3104 1119 3185 X,
1140 3114 1168 3186 1,
1182 3106 1210 3190 ᾗ,
1226 3106 1290 3189 65]ι

151 3213 244 3276 quem
257 3213 365 3255 senem
379 3204 470 3256 vocat
484 3195 524 3254 ob
541 3190 690 3253 monendi
711 3190 948 3276 increpandique
967 3202 1084 3276 partes,
1098 3206 1185 3276 [quas
1205 3192 1289 3257 suso-

151 3288 203 3338 net
216 3277 248 3337 in
261 3279 372 3340 tabulis
395 3277 462 3358 [sed
478 3277 698 3339 conconvenit
713 3278 773 3338 hoc
790 3300 860 3338 cum
875 3277 970 3362 ipsius
988 3277 1290 3357 fabularumindolc3

152 3358 283 3440 Pncs.];
305 3364 348 3425 sic
363 3383 477 3424 senem
488 3364 632 3425 Horatius
645 3374 736 3425 vocat
750 3363 917 3440 Lucilium,
939 3384 1004 3423 non
1017 3372 1143 3447 propter
1156 3374 1290 3442 aetutem,

151 3445 207 3510 sed
221 3458 343 3531 propter
350 3449 529 3528 gravitatem
541 3449 720 3528 argumenti,
735 3449 768 3509 in
782 3471 843 3533 quo
852 3470 886 3511 se
897 3447 1048 3510 exercuit:
1062 3468 1139 3511 nam
1146 3449 1290 3513 Lucilitnn

102 3542 276 3596 159annum
292 3534 397 3596 aetatis
415 3532 523 3596 XLVI
542 3554 604 3594 non
621 3535 788 3597 excessisse
806 3535 889 3596 testis
912 3532 1064 3595 Eusebius
1082 3534 1114 3597 in
1134 3533 1291 3599 Chronico

153 3617 376 3697 [imomultum
398 3620 543 3696 excessit,
566 3616 794 3682 demonstrante
812 3618 940 3701 Bayli03
964 3640 994 3682 v.
1011 3618 1238 3685 Heindorf..ad
1250 3624 1292 3685 lo·

152 3724 223 3764 cum
235 3704 321 3780 Hom,
345 3703 406 3766 Sat.
419 3702 460 3782 H,
478 3714 509 3782 l,
528 3706 578 3782 84,
601 3705 653 3789 qui
667 3716 781 3765 senem
798 3705 842 3768 ibi
861 3705 984 3791 propria
1003 3704 1230 3783 significatione
1247 3722 1294 3770 ac·

153 3789 237 3873 cipit,
262 3800 292 3850 et
314 3789 359 3851 Pl.
384 3791 599 3875 Aristophanes
621 3811 696 3852 vero
717 3788 758 3852 ad
779 3791 1040 3876 septuagesimum
1062 3811 1181 3855 annum
1202 3811 1293 3879 prope
1331 3816 1333 3823 ·

151 3876 223 3937 satis
240 3876 373 3952 accessit,
394 3887 428 3936 ut
440 3887 520 3939 recte
535 3879 598 3955 jam
615 3895 718 3938 senex
730 3880 915 3962 appelletur,
934 3872 1176 3972 praegrandis
1186 3891 1293 3956 autem,
1331 3876 1333 3891 '

60 3982 63 3987 ’
151 3961 222 4043 quia
237 3963 336 4038 major
351 3972 478 4046 utroque
496 3964 630 4025 aemulo.
673 3961 756 4024 Pass.
778 3984 806 4048 p.
826 3965 887 4029 355
910 3958 1094 4024 Lucillum
1108 3984 1233 4049 quoque
1247 3964 1292 4027 in-

149 4045 245 4124 telligi
281 4067 350 4108 osse
364 4046 473 4132 putat]

236 4067 385 4209 liuttere
408 4130 586 4212 Eleganter:
607 4128 737 4193 iratum
753 4130 967 4216 Eupolidem
975 4131 1096 4218 polles
1107 4155 1166 4218 pro
1180 4132 1294 4198 studio·

150 4236 184 4278 se
200 4214 279 4277 adeo
295 4239 408 4296 versas,
422 4230 456 4278 ut
470 4219 618 4304 pallorem
632 4216 705 4279 inde
719 4219 878 4280 contrahas
895 4220 1003 4299 [recter
1022 4208 1203 4299 utcirdere,
1217 4216 1293 4283 tor-

148 4317 225 4362 rere
242 4299 412 4386 aliquem:
435 4303 552 4389 optime
570 4302 610 4365 de
634 4305 694 4364 hoc
714 4306 810 4367 verbo
835 4305 897 4384 egit
913 4305 997 4368 Pass.
1010 4326 1040 4390 p.
1056 4304 1121 4371 3⁵6
1143 4304 1224 4391 sq.];
1246 4305 1294 4369 vel

150 4385 193 4447 sic
210 4388 331 4472 accipe:
354 4389 553 4453 invehentem
570 4386 714 4451 acerrime
728 4400 831 4451 contra
845 4390 1004 4476 improbos
1017 4390 1101 4454 cives
1119 4402 1151 4453 et
1166 4391 1292 4455 vitiosos

149 4471 225 4550 legis
240 4467 397 4555 ἐμπαθῶς
417 4486 448 4537 et
463 4475 608 4554 afficeris,
636 4474 724 4560 quasi
743 4487 935 4560 praesentem
955 4487 1047 4562 teque
1070 4477 1176 4562 ipsum
1195 4479 1292 4541 incre-
