2700 4972
369 326 434 397 tu
457 324 961 401 PERS'IISATIRIMIII.
1053 428 1057 439 Ι
1166 342 1234 409 208

95 501 231 585 cogitant
242 505 402 567 ourlorum
412 501 544 609 pupillas
557 505 656 566 solent
670 512 773 566 tenere
785 502 940 571 immotas
976 505 1065 573 Pbilo
1079 506 1231 578 iudaeus:

96 587 132 655 ἐν
144 590 193 678 τῷ
210 589 399 673 λογίζεσθαι
411 612 434 672 η
447 591 584 653 σκοπιῑν
603 610 637 652 τι
649 583 833 673 πεπήγασιν
850 590 887 656 αἱ
901 589 1000 674 κόσοι
1011 588 1140 677 τρόπον
1155 617 1233 663 τινα

96 679 327 743 συννοοῦσοιιι
355 677 432 737 liunt
459 674 543 737 enim
565 675 680 738 similes
704 672 925 754 ἐκσκοτικοῖςι
950 682 1107 767 proprium
1128 695 1236 751 autern=

97 762 324 848 ecstasisopire
340 780 447 825 sensus
468 770 499 823 et
520 780 610 822 usum
629 781 737 823 eorum
757 760 906 826 adimere:
928 765 998 849 quia
1010 767 1106 847 igitur
1119 771 1285 834 oculosue

99 846 247 925 dejiciunt
265 858 297 910 et
317 856 423 908 tenent
435 845 598 925 immotus,
619 844 690 908 ideo
704 846 758 932 qui
773 846 959 912 meditantur
976 862 1088 915 terram
1111 875 1253 917 comere·

99 932 275 1007 dicuntum
285 932 372 996 Plato
385 933 416 993 in
427 928 583 994 Alcibiade
595 942 707 1017 poster.
722 932 826 1013 [intre
847 932 953 1019 φαίνῃ
967 933 1004 1019 ri
1018 958 1051 1001 tt
1063 932 1235 1021 introituu-

99 1015 245 1083 ποκένοιι
264 1038 299 1082 ts
321 1012 379 1081 καὶ
401 1015 448 1091 εἰς
476 1018 539 1098 γῆν
568 1012 719 1100 βλέπειν,
749 1012 794 1092 ὥς
817 1039 849 1082 πι
869 1019 1130 1105 σοννοούμινοςε
1159 1047 1234 1105 ergo

98 1104 196 1166 etiam
216 1105 274 1167 iste
299 1102 341 1164 ait
359 1103 562 1189 philosophos
587 1113 698 1165 terram
722 1104 830 1167 acriter
848 1106 975 1171 intueri:
1002 1130 1078 1171 nam
1102 1111 1163 1172 boc
1187 1122 1236 1173 est
1314 1142 1321 1156 ·

88 1183 213 1277 figere
236 1185 368 1252 lumine
387 1194 521 1250 terrum
536 1188 682 1267 Horatio,
703 1188 826 1265 Persio,
855 1189 973 1272 Statio,
995 1195 1062 1257 aliis
1080 1188 1153 1259 duel
1171 1194 1235 1260 τοῦ
1303 1172 1309 1189 ’

99 1274 205 1339 defixa
216 1275 304 1337 bruni
316 1273 432 1336 lumina
446 1284 550 1336 tenere
571 1275 623 1336 vel
640 1275 733 1352 ligere
754 1275 787 1336 in
804 1285 917 1339 terrem
934 1278 1067 1341 luririnar
1088 1281 1132 1343 its
1149 1280 1235 1343 eninr

98 1363 275 1446 loquuntur.
310 1354 493 1439 Augustinus
507 1359 634 1442 epistola
647 1357 741 1423 0le
764 1356 870 1424 Oculi
881 1361 998 1443 vaani,
1011 1363 1081 1428 etsi
1088 1364 1235 1449 jaciun-

100 1444 212 1511 turin
225 1442 396 1531 aliquem,
407 1437 573 1533 figuntur
585 1442 623 1505 in
640 1442 821 1509 neminem.

189 1534 241 1597 81.
262 1528 448 1595 Murmura
471 1548 550 1591 cum
571 1548 690 1592 secum
712 1538 747 1592 et
764 1526 904 1593 rabiosa
922 1529 1065 1596 silentio
1085 1532 1236 1617 rodunt]

101 1614 212 1680 Solent
234 1617 322 1681 multi
348 1617 428 1677 inter
448 1613 659 1677 meditandum
690 1616 905 1696 cogitationem
931 1639 1086 1683 murmure
1113 1622 1237 1702 agitare,

100 1714 141 1765 ut·
159 1704 203 1765 sit
224 1700 431 1782 Quintilianus
453 1702 508 1762 lib.
529 1698 574 1761 X.
599 1720 664 1786 cap.
687 1698 891 1783 111[§.15].
932 1702 1136 1770 Aristaenetus
1157 1708 1236 1769 libro

99 1786 240 1851 secundo
254 1780 353 1873 [epist.
366 1788 397 1865 8]
417 1784 456 1847 de
473 1783 640 1849 caussidico
656 1785 841 1851 meditante:
859 1783 917 1851 κοιλ
933 1784 1015 1853 ἄιτα
1028 1784 1137 1873 δήπου
1153 1786 1238 1869 πρὸς

99 1868 224 1938 ἑαυτόν
244 1871 430 1954 trivettus
453 1870 610 1934 silentium
627 1882 731 1933 autern
750 1873 899 1935 familiare
920 1874 973 1954 iis,
1023 1876 1056 1935 ui
1078 1877 1110 1938 in
1128 1877 1236 1940 studiis

97 1960 182 2023 serie
196 1970 367 2023 versantur:
389 1952 461 2020 ideo
468 1956 613 2019 Aretaeus
622 1953 672 2018 De
687 1955 780 2019 tardis
792 1959 908 2021 morbis
921 1896 1052 2045 capil.
1068 1960 1237 2048 depingens

96 2044 236 2109 bominis
258 2040 387 2108 studiosi
404 2042 501 2105 vitam
527 2062 590 2103 non
617 2043 818 2127 praetermisit
836 2045 916 2106 banc
942 2056 1065 2110 notamr
1095 2051 1166 2123 τοῖς
1188 2043 1224 2111 δὲ

97 2130 142 2193 nit
165 2131 209 2217 [p.
229 2132 274 2196 ’57
289 2128 328 2191 E:
347 2127 492 2205 Boerlr.]‚
519 2122 667 2208 ennedoiv
689 2122 749 2209 μὲν
771 2128 834 2192 τοῦ
858 2124 1014 2212 σκήνεος,
1042 2125 1159 2214 ἅχροοι
1179 2096 1239 2197 teni

96 2210 136 2281 ἐν
156 2210 288 2299 νεότητι
307 2210 462 2298 popeline
488 2208 545 2291 καλ
567 2206 630 2274 ὑπ’
659 2208 789 2295 ἐννολης
818 2234 865 2278 κω
896 2214 941 2278 ot:
973 2217 1238 2298 inscribendum,

96 2320 163 2365 non
182 2312 220 2363 ut
237 2298 353 2363 editum
373 2310 420 2362 est
436 2299 579 2377 noipor:
605 2295 677 2360 ideo
697 2310 800 2362 autem
820 2236 978 2380 radiosa,
1000 2303 1070 2386 quia
1089 2302 1128 2365 de
1146 2307 1240 2390 plebe

97 2386 207 2473 uliquis
222 2384 423 2449 meditantem
439 2403 565 2444 cernens
581 2393 612 2444 et
628 2386 694 2463 ejus
709 2396 826 2464 gestus,
848 2386 901 2470 qui
920 2387 990 2448 beie
1007 2399 1166 2468 notantur,
1187 2394 1240 2450 fu-

97 2472 216 2537 riosum
233 2472 366 2556 putabit,
387 2481 421 2532 ut
433 2469 512 2531 inter
526 2466 624 2530 rabidi
646 2470 728 2533 canis
745 2482 834 2534 notas
850 2470 972 2559 ponitur
987 2472 1133 2555 medicis,
1155 2473 1241 2563 quod

99 2560 202 2621 nullos
216 2559 339 2620 latratus
353 2555 433 2618 edat.
1199 2605 1202 2610 .

188 2646 242 2708 82.
269 2639 385 2729 Atque
411 2646 611 2725 exporrecto
631 2636 849 2704 trutinantur
872 2637 979 2705 verbo
1008 2639 1174 2750 tatelt0.]'
1193 2642 1242 2709 Ita

98 2730 136 2794 tir
154 2748 310 2807 murmur,
338 2727 488 2789 labiorum
505 2726 706 2788 motitatione.
753 2726 957 2791 Aristaenetus
978 2728 1110 2791 ibidem:
1135 2724 1243 2814 ηρέμοι

99 2810 150 2880 eoi
172 2815 258 2897 χιῖλε
280 2814 375 2877 κινεῖ.
419 2812 608 2893 [Labrorum
637 2812 828 2898 exporrectio
852 2824 955 2893 gestus
984 2814 1161 2878 admirantis
1189 2818 1242 2881 vel

102 2898 301 2983 cogitabundi
316 2897 487 2985 peculiaris.
514 2894 587 2979 PL]

192 2988 245 3050 83.
276 2981 425 3071 Aegroti
446 2981 573 3046 veteris
589 2977 796 3043 meditantes
814 2979 974 3063 somnio]
1004 2980 1080 3046 Sani
1097 2984 1243 3046 homines

103 3081 178 3135 sunt
197 3063 383 3150 σύόνιιροιι
403 3069 522 3131 turbato
538 3068 671 3153 corperis
686 3078 765 3129 statu
782 3071 938 3131 turbantur
950 3079 980 3129 et
998 3070 1138 3144 sumnia3
1158 3067 1243 3155 quod

104 3167 137 3221 ot
147 3154 367 3221 medicis'inter
382 3155 469 3234 signa
485 3154 586 3216 morbi
599 3153 787 3214 imminentis
810 3164 995 3215 numeratur.
1243 3180 1297 3239 293

193 3240 245 3308 84.
278 3237 389 3328 Gigni
412 3236 471 3303 De
499 3236 609 3301 nihilo
639 3235 789 3300 nibilum
815 3238 1048 3317 [Recentiorum
1069 3238 1241 3324 quicunque

101 3326 244 3393 Godieib.
265 3328 315 3390 'usi
328 3336 416 3390 sunt:
439 3321 539 3401 nibil,
562 3336 681 3411 praeter
693 3322 755 3402 Pl.;
774 3323 832 3385 sed
843 3322 923 3405 Eyb.
944 3345 1065 3409 quoque
1079 3324 1148 3389 MS.
1161 3324 1242 3386 duo-

99 3416 160 3479 bus
181 3412 257 3477 locis
276 3423 447 3475 constanter
460 3406 570 3488 atriu,
594 3406 796 3477 innibilum
808 3407 859 3472 nil
869 3429 968 3494 posse
984 3408 1133 3490 reverti]
1156 3408 1243 3490 Phy-

98 3502 235 3563 sicorurn
256 3498 379 3561 axioma
397 3497 650 3577 vulgatissimum.
692 3494 813 3557 b'larcus
834 3516 957 3581 quoque
976 3495 1145 3582 Imperator
1163 3497 1242 3559 libro

99 3598 208 3671 quarto
225 3582 263 3666 [d.
278 3584 299 3647 4
316 3583 420 3660 extr.]:
449 3575 549 3645 sidio
565 3576 602 3645 ἐκ
622 3574 841 3664 torinnenio
857 3576 1003 3664 ἔρχεται,
1024 3576 1138 3663 ὥσπερ
1161 3571 1244 3665 μήδ’

98 3670 148 3747 st,-
171 3666 210 3734 τὰ
225 3662 289 3735 οὐκ
311 3665 353 3732 ὂν
376 3661 561 3749 ἀπέρχεται.

187 3758 239 3822 85,
270 3754 348 3821 Ηοο
372 3760 425 3815 eat
442 3749 535 3836 quod
551 3747 714 3835 pollea?]
752 3749 872 3813 Seneca
896 3750 1025 3836 epistola
1042 3748 1181 3815 XLVIII
1206 3747 1247 3812 de

98 3842 268 3931 puerilibus
282 3842 451 3920 logicorum
464 3840 606 3926 ineptiis:
628 3837 691 3899 Ιιοο
707 3844 758 3898 est
775 3832 867 3921 quod
887 3832 1004 3898 tristes
1025 3834 1189 3900 docemus
1214 3842 1248 3899 et

94 3920 259 4017 pallidi?
280 3925 358 3989 adeo
374 3924 499 4010 quidem
520 3926 634 4010 pallere
648 3924 730 3984 soliti
751 3923 948 4008 philosophi,
970 3935 1004 3985 ut
1023 3919 1249 4005 ἐνιρόχοοιτες,

100 4014 190 4103 quasi
205 4034 270 4075 non
284 4014 415 4074 multum
430 4011 588 4073 amortuis
604 4008 868 4088 differrent‚vrrlgo
885 4007 1062 4075 dicerentur.
1084 4011 1249 4109 Alcipbron

103 4120 124 4165 e
145 4100 236 4163 istola
255 4099 372 4161 tertiat·
389 4090 520 4177 ἥκουσα
543 4089 617 4169 iude
639 4096 707 4157 suiv
730 4089 766 4156 ἐν
787 4094 829 4177 πή
845 4092 986 4178 Ποικίλῃ
1011 4095 1251 4176 stiventonae

105 4177 331 4267 πνυποδήιοιν
346 4177 404 4246 καὶ
416 4176 635 4265 ἐνερόχρωιος
648 4176 807 4262 στιχίδιον
820 4171 1131 4264 ἀποφθεγγομένον.
1162 4172 1252 4262 Apud

105 4268 378 4337 saresberiensem
392 4268 503 4348 legitur
521 4266 598 4329 Hoc
627 4274 678 4328 est
692 4283 756 4327 eur
772 4261 906 4349 pollet:
927 4267 1029 4330 minus
1049 4270 1203 4347 eleganter
1220 4271 1252 4322 et

131 4352 283 4445 erperain.
334 4352 400 4435 [Sic
421 4352 514 4417 etiam
533 4357 553 4417 6
574 4350 723 4416 Codd..et
744 4353 860 4439 aliquot
880 4348 968 4435 οἱὼς
994 4352 1050 4419 sed
1066 4372 1098 4419 v·
1121 4349 1252 4419 Weber.

108 4378 291 4509 Iamuboni
316 4438 465 4521 judicium
483 4437 735 4517 confirmantem-l
