2700 4972
98 335 163 399 252
456 329 870 399 COMMENTARIUS

99 513 237 568 centrum
249 500 397 588 plicamm
407 500 442 565 iu
452 511 544 584 toga:
564 500 609 566 sie
623 502 708 565 euim
718 500 881 565 lautiomm
897 513 971 587 toga
984 508 1227 591 componebatur,

99 592 303 669 ut'corrugata
321 586 354 652 in
370 588 466 653 multa
481 580 656 670 πτὺγματα
675 587 775 672 clypei
795 588 931 674 speciem
953 592 1131 675 praeberet3
1152 594 1228 671 cujus

3 676 6 683 '
101 686 238 737 centrum
254 672 378 761 proprie
395 674 562 760 appellatur
575 674 671 735 umbo
677 721 689 751 ,,
713 672 770 735 sed
785 672 824 736 de
837 686 928 755 togae
941 678 1131 740 umbonibus
1143 698 1177 739 ac
1189 688 1229 741 ta-

98 760 209 824 bulatis
221 770 360 822 accurate
369 756 563 847 disputamus
574 756 705 823 inlibris
719 755 770 820 De
790 781 824 821 re
842 760 982 825 vestiaria
1008 762 1072 847 [qui
1088 784 1152 825 nou
1164 784 1228 848 pro-

95 844 231 927 dierunt3
254 854 393 929 excerpta
412 864 521 908 eorum
538 846 632 913 latent
652 843 685 904 in
697 840 780 925 ttibt.
794 840 915 925 Bodtej.
948 845 1067 911 Tuetur
1087 848 1166 909 hanc
1181 870 1230 911 ex-

119 930 294 993 licationem
320 940 423 993 contra
436 926 575 993 'Turueh
595 926 711 1007 Itum„
744 933 921 1015 praesertim
952 934 1022 995 loco
1044 930 1171 997 Tertull.
1198 931 1231 995 de

15 1033 17 1043 ·
96 954 174 1091 i‘all.
196 1038 222 1079 c.
241 1013 284 1095 5]·
334 1008 492 1079 Saburra
507 1014 632 1077 infamis
648 1008 771 1077 Romae
793 1017 878 1081 vicus
904 1012 1052 1099 [regionis
1078 1016 1231 1099 secundae,

51 1126 54 1145 ὖ
98 1100 139 1165 ad
150 1100 269 1165 radices
281 1096 384 1165 'Goelii
394 1100 520 1181 montis]
544 1102 584 1163 ob
605 1098 809 1163 inhabitantes
822 1100 927 1189 lupas:
948 1115 1060 1167 notum
1075 1125 1115 1166 ex
1131 1103 1230 1191 poitis.

185 1187 238 1255 84.
264 1182 357 1249 'Cum
382 1205 424 1247 ue
449 1184 515 1249 iter
535 1180 630 1253 ambi
654 1205 737 1246 uum
763 1184 841 1267 ert]
879 1186 997 1261 Attuda
1018 1188 1058 1252 ad
1077 1188 1231 1253 Herculem

98 1269 282 1338 Prodicium.
327 1272 339 1353 [
373 1278 404 1335 at
417 1270 514 1333 omitt.
530 1268 611 1351 Tig„
625 1206 709 1335 dius.
726 1282 756 1333 ct
772 1274 791 1335 6
806 1271 892 1352 Aen,
912 1272 982 1361 ipso
1001 1276 1173 1360 probante]
1198 1326 1202 1331 .

35 1371 38 1379 '
184 1354 236 1423 Et
264 1355 358 1423 vitae
378 1352 513 1443 nescius
535 1355 655 1437 erton]
690 1352 925 1443 Philosophiam
951 1360 1044 1431 vitae¹
1062 1360 1231 1443 magistram

98 1454 212 1508 vocant
230 1438 338 1529 Cicero
362 1454 393 1505 ct
412 1442 542 1505 Seneca:
563 1443 654 1521 hujus
680 1442 934 1517 contrariumest
954 1466 1054 1508 error
1068 1443 1162 1509 vitae
1176 1468 1229 1511 ιιι·

1 1571 3 1576 .
45 1526 216 1593 878eci'ue:
236 1530 298 1593 boc
319 1540 366 1592 est
379 1527 528 1611 ignoratio
552 1549 676 1605 comm,
697 1548 776 1611 quae
796 1540 867 1591 sunt
881 1532 1060 1597 ‚necessaria
1082 1530 1230 1597 advitam

83 1618 179 1685 ,hene
190 1613 418 1679 instituendam.
460 1612 554 1676 Vitae
574 1624 675 1676 autem
695 1613 746 1675 via
767 1612 925 1699 quaedam.
939 1628 999 1697 est,
1022 1638 1084 1703 quo
1105 1618 1228 1705 respuit
1261 1640 1265 1651 ’

96 1700 295 1785 Pythagoras.
337 1698 468 1767 Basilius
481 1698 612 1781 Magnus
628 1698 663 1761 in
684 1698 819 1782 primum
836 1702 990 1785 psalmum
1009 1724 1079 1767 rem
1094 1706 1164 1767 fuse
1180 1724 1227 1767 ex·

96 1787 198 1875 plicat,
218 1786 293 1861 item
309 1786 340 1849 in
355 1807 392 1863 ea
411 1782 566 1865 περὶτοῦ
584 1779 629 1867 μή
645 1780 888 1882 προσηλῶσθαι
904 1792 975 1863 τοῖς
991 1789 1170 1872 βιωτικοῖς.

183 1872 236 1941 85.
251 1860 404 1941 Πίάιιοῖλ
418 1879 470 1933 tre
497 1867 575 1932 idac
588 1888 730 1932 ramosa
742 1891 779 1933 ιιι
797 1890 874 1933 com
900 1870 951 1935 ita
966 1876 1122 1955 mentes]
1144 1872 1225 1961 Apud

95 1956 242 2041 Servium
260 1955 312 2039 [ad
329 1956 403 2021 Aen.
504 1960 563 2021 136
603 1955 696 2017 etiam
715 1954 749 2017 in
764 1950 842 2019 Cod.
889 1956 963 2041 utu]
983 1962 1066 2025 male
1087 1960 1225 2049 scripum

100 2039 291 2109 Producit„
319 2040 392 2105 Pars
406 2042 554 2107 libromm
566 2004 743 2105 Deducit:
764 2041 815 2103 alii
829 2038 979 2107 Diducit
1003 2046 1045 2124 [ct
1058 2046 1225 2115 testimonio

96 2128 222 2217 quidem
242 2126 421 2207 Achaintrii,
444 2124 568 2213 optimi
585 2120 701 2202 σοβάς
723 2123 803 2188 adde
816 2126 918 2193 Ham.
934 2126 990 2210 I.]:
1015 2130 1100 2218 quod
1118 2131 1227 2217 rectius,

96 2228 130 2279 ut
143 2212 259 2277 ‹lictum
278 2211 318 2276 ad
338 2214 457 2277 tertiam
478 2211 559 2293 [56]:
580 2232 723 2275 ramosa
743 2211 914 2299 compita,
936 2217 1020 2279 litera
1035 2217 1227 2301 Pythagorae,

96 2300 137 2368 tle
158 2322 218 2387 qua
237 2296 455 2373 satisibidem.

69 2448 72 2453 ,
141 2460 144 2469 q
182 2388 235 2453 ³6.
257 2380 390 2449 Meliti
406 2379 595 2468 stuppeum]
616 2380 652 2445 In
674 2381 866 2471 disciplinam
885 2382 973 2466 dedi,
995 2381 1160 2467 ὑπέταξα,
1179 2382 1227 2473 φλ-

96 2482 168 2553 nav
181 2462 366 2555 ὑπέβαλον,
387 2480 422 2531 ut
436 2469 569 2555 loquitur
581 2468 759 2533 Plutarchus
773 2470 806 2533 in
818 2470 928 2535 eadem
947 2495 999 2551 re,
1023 2470 1080 2539 etsi
1096 2473 1136 2538 de
1148 2495 1229 2555 grau-

97 2557 234 2631 dioribus
258 2550 484 2639 παραβάλλειν
506 2553 610 2618 dicunt
633 2550 744 2617 Graeci
763 2556 868 2643 potius
894 2580 986 2644 quam
1015 2553 1229 2643 ὑποβάλλεινι

95 2642 215 2705 ridiculi
240 2652 310 2715 sunt
328 2640 379 2729 qui
399 2638 439 2703 ad
458 2639 702 2726 suppositionem
743 2653 823 2725 artus
844 2655 953 2729 putant
974 2646 1123 2711 allusum:
1150 2667 1230 2733 prac-

97 2729 192 2814 cipua'
202 2725 340 2813 discipuli
362 2728 446 2805 laus,
473 2736 508 2787 ut
527 2724 671 2804 magistro
693 2663 890 2792 odedientem
915 2751 949 2793 se
969 2734 1133 2816 praebeat:
1160 2734 1229 2795 bunc

95 2808 270 2896 ὑποταγὴν
284 2811 419 2885 Cornuto
435 2833 469 2875 se
482 2812 667 2899 praestitisse
682 2813 743 2874 hoc
759 2815 855 2878 verbo
875 2814 1038 2898 significat3
1060 2817 1184 2904 propius
1196 2818 1230 2881 sit

55 2914 57 2919 ⁴
95 2921 189 2979 vero,
216 2900 347 2962 allusum
371 2896 412 2961 ad
431 2918 506 2976 ova,
535 2917 614 2983 quae
637 2910 850 2993 supponuntur
874 2898 993 2983 gallinis
1021 2902 1175 2983 fovenda,
1199 2913 1229 2965 ut

93 2982 268 3070 suscipere
282 2981 359 3047 sinu
373 2984 412 3047 sit
427 2976 593 3061 ἐπιτάξειν.
636 2979 672 3043 In
684 2982 782 3045 veteri
793 2980 956 3067 Bongursii
977 2986 1021 3065 [et
1040 2988 1075 3051 in
1091 2988 1225 3067 Wimarl

13 3158 16 3163 ι
92 3071 220 3153 legitur:
249 3067 309 3167 ilde
337 3066 403 3133 titi
421 3066 575 3168 seposui,
605 3076 636 3129 et
656 3069 795 3155 apposita
816 3082 862 3135 est
881 3071 1105 3163 interpretatio:
1133 3070 1226 3139 arltc

92 3178 128 3220 se
155 3176 192 3220 re
220 3177 287 3219 οιι.

126 3178 155 3246 g
181 3177 233 3307 sbi.
255 3236 452 3316 Socratico,
476 3234 640 3316 cornute,
661 3233 762 3318 sinn]
784 3238 920 3329 Suscipis
942 3264 995 3307 me
1012 3244 1225 3311 fovendumiu

93 3330 163 3392 sinu
185 3339 255 3406 tuo,
280 3326 333 3413 qui
352 3346 386 3389 es
401 3324 573 3389 Socraticus
593 3324 813 3411 philosophus3
835 3330 928 3395 etiam
941 3328 1038 3395 Stoici
1060 3354 1080 3395 e
1101 3332 1225 3397 Socratis

93 3410 215 3489 schola,
238 3423 382 3497 tanquam
399 3432 438 3472 ex
453 3432 531 3494 equo
550 3408 702 3489 Trojano,
723 3410 918 3496 prodierunt:
938 3436 1013 3479 nam
1025 3416 1107 3483 inter
1124 3416 1226 3485 Socra·

93 3501 132 3565 tis
152 3493 344 3602 propincus
366 3506 398 3558 et
418 3493 583 3595 discipulos
602 3494 811 3579 Antisthenes3
840 3501 931 3579 hujus
950 3499 1129 3585 Diogenes,
1148 3525 1226 3593 pruo-

95 3595 199 3670 ceptor
221 3582 347 3653 tratetis
366 3579 526 3659 Thebam3
555 3601 616 3665 quo
644 3602 718 3645 usus
742 3580 868 3649 doctore
885 3584 985 3649 Zeno.
1036 3588 1126 3654 Adde
1171 3586 1227 3653 uod

93 3681 158 3732 tota
177 3669 302 3731 moralis
318 3666 470 3744 doctrina,
494 3686 592 3750 quam·
605 3666 728 3752 proprie
743 3664 861 3733 Seneca
883 3672 993 3773 aliique
1017 3612 1226 3763 philosophice

93 3755 221 3818 nomine
230 3752 411 3834 intelligunt,
432 3773 450 3815 a
466 3751 591 3817 Socrate
609 3763 669 3815 est:
692 3752 793 3853 itaque
813 3778 922 3821 omnes
941 3760 1012 3823 rlloe
1034 3763 1098 3825 τοῦ
1111 3756 1226 3847 ἠθικοῦ

42 3860 95 3917 379
103 3834 260 3922 αἱρέσεις,
291 3860 365 3923 quas
386 3839 418 3900 in
440 3836 628 3923 praefatione
653 3836 788 3902 Latreus
808 3843 965 3925 nominat,
992 3845 1122 3911 etitem
1147 3848 1225 3926 aliae,

94 3947 222 4012 quarum
234 3923 340 3988 Cicero
361 3945 395 3985 ac
417 3924 528 3985 caeteri
542 3923 763 4003 meminerunt,
786 3948 804 3987 a
824 3927 949 3992 Socrate
971 3942 1002 3992 et
1027 3932 1179 4014 originem
1200 3942 1225 3995 et

94 4032 259 4076 commuue
279 4032 396 4072 nomen
415 4021 485 4071 sunt
507 4020 631 4071 nactae:
653 4031 745 4095 quare
759 4007 961 4079 Socraticas
976 4014 1073 4079 sinus
1089 4032 1137 4083 est
1146 4020 1224 4083 iusti-

94 4098 170 4160 tutio
187 4098 220 4158 in
233 4096 343 4158 morali
364 4093 569 4180 philosophia.
592 4093 690 4175 [‚,sive
703 4098 810 4243 potius
824 4098 979 4164 Socratica
997 4102 1094 4168 fides:
1123 4104 1162 4170 de
1175 4104 1225 4167 do-

95 4184 207 4246 ctrinae
223 4202 333 4262 genere
348 4179 475 4243 hicnon
492 4189 554 4243 erat
589 4200 701 4243 uaeren
724 4185 808 4245 um.“
830 4182 896 4267 PL]

179 4271 231 4333 38.
260 4260 356 4329 Tunc
354 4260 502 4415 1[cellere
514 4262 568 4326 eol
584 4286 640 4327 ers
655 4265 830 4352 Apposita
843 4267 991 4337 intortos
1004 4273 1165 4341 extendit
1177 4296 1225 4339 rc-

89 4351 180 4442 gula
196 4354 331 4431 morea]
383 4372 441 4413 unc
455 4348 611 4436 disciplina
626 4362 693 4430 tua,
714 4375 773 4439 qua
787 4377 840 4419 me
856 4357 1010 4440 imbuisti,
1034 4360 1146 4427 direxit
1166 4383 1227 4465 pra·

92 4462 150 4508 ros
165 4460 268 4504 mores
281 4459 371 4502 meos
384 4436 500 4501 sensim
513 4446 607 4522 atque¹
615 4435 676 4512 ita,
694 4450 729 4500 ut
741 4442 934 4527 asperitatem
948 4444 1228 4537 uovaedisciphnre
