2700 4972
270 312 333 379 ιο
355 308 527 383 rnasn
554 310 656 381 sur«.
677 262 971 409 ruouooon.
1145 316 1191 381 ιιι
1294 286 1307 335 ·’

47 483 197 570 Ἀψιφᾶς
216 479 299 562 θοός
321 481 408 560 ἐστις
435 482 589 549 interdum
609 484 703 551 etiam
727 480 861 573 plmtnn
879 507 994 567 vocum
1013 507 1118 552 versus
1138 498 1191 552 aut

50 573 218 638 sententias
231 571 427 652 docebantur,
449 583 483 634 ut
495 572 540 634 illi
554 573 654 652 corvi,
677 572 728 657 qui
742 568 934 635 admirationi
950 576 1071 635 fircnmt
1085 573 1189 654 Augu-

50 671 97 724 sto
116 658 287 722 exActiaca
298 658 426 722 victoria
439 659 611 738 revertenti,
633 679 763 743 quorum
777 661 851 720 alter
861 659 1012 722 institutus
1028 663 1126 722 fuerat
1140 659 1190 722 di-

20 818 27 835 ,
52 766 120 808 cere
135 743 216 808 Ave
230 739 371 821 Caesar,
391 742 514 823 victor,
535 742 748 830 Imperator3
770 745 859 823 alter,
880 742 968 821 Ave,
990 744 1101 809 victor
1115 744 1209 808 Ina'

13 826 18 833 ’
45 838 197 918 perator
207 827 359 894 Antoni:
381 827 439 891 se‘d
452 830 576 909 majoris
597 826 872 892 admirationis'est
893 829 977 914 quod
992 830 1106 895 Plinius
1131 831 1186 910 [X‚
1205 834 1240 893 2³

53 941 79 980 c.
96 917 151 996 59]
172 914 215 976 ait
236 925 268 976 ct
290 935 384 999 saepe
403 913 591 994 audirimus,
620 915 737 978 discere
758 936 832 979 ares
854 936 920 977 non
939 917 1023 1001 loqui
1040 919 1142 979 solum
1160 928 1192 980 et

51 1022 169 1089 paucas
182 1000 277 1064 voces
288 998 425 1080 reddere,
449 1021 522 1084 quas
539 1000 647 1062 doctae
664 1001 785 1080 t'uerint,
805 1002 1023 1065 verumetiam
1044 1004 1193 1066 sermoci-

52 1089 129 1152 nari·
138 1083 224 1149 ct'ad
232 1086 415 1165 interrogata
430 1085 616 1171 respondere
631 1108 666 1148 ac
680 1086 919 1149 domesticorum
933 1098 1062 1179 peccata
1077 1088 1192 1152 indicio

52 1194 111 1239 suo
139 1169 281 1258 p'rodere.
330 1170 517 1257 Porphyrius
537 1169 594 1235 De
616 1169 822 1235 abstinentia
842 1169 885 1235 ub
905 1194 961 1238 esu
985 1172 1192 1237 animalium

52 1255 195 1323 librolll
208 1254 248 1339 [ᾗ.
263 1255 295 1319 4.
309 1278 341 1357 p.
356 1261 419 1321 222
433 1279 478 1342 sq.
499 1256 629 1337 Rhoer.]
651 1259 712 1320 hoc
731 1269 909 1338 argumento
928 1262 1007 1344 prob
1027 1281 1065 1322 ae
1087 1260 1192 1337 nititur

53 1366 121 1409 non
145 1363 215 1405 esse
236 1362 364 1404 omnmo
385 1345 475 1404 bruta
493 1345 636 1406 animalia
655 1345 773 1406 ratione
790 1342 947 1407 destinata:
968 1344 997 1409 sl
1020 1344 1192 1431 φαίνηται,
1285 1395 1289 1400 -

53 1431 113 1510 ait,
143 1424 203 1493 acal
222 1421 310 1510 ἡμᾶς
333 1424 521 1512 μιμούμενα
539 1426 596 1493 καὶ
615 1425 677 1513 τήν
693 1423 833 1493 Ἑλλάδα
851 1430 1006 1513 γλῶσσαν
1027 1425 1194 1516 deponari-
1296 1458 1301 1477 ι

53 1522 162 1581 νοντα
182 1509 241 1578 αα]
264 1511 419 1577 συνιέντα
443 1509 742 1598 reciprocatam,
769 1513 818 1590 τίς
839 1506 946 1594 οὗτος
967 1511 1124 1602 ἀναιδὴς,
1148 1510 1194 1595 ὥς

54 1598 102 1686 μυ]
115 1603 302 1686 συγχωρεῖν
315 1592 402 1663 εἶναι
416 1597 543 1684 λογικὰ,
568 1596 655 1665 διότι
671 1595 772 1678 αὐτος
787 1597 829 1665 ori
846 1601 999 1686 συνίησιν
1014 1591 1063 1668 οἷν
1079 1598 1193 1687 λέγου-

55 1697 110 1763 σις
133 1682 276 1767 ιιόοαιιις
288 1688 374 1767 γοῦν
387 1684 443 1749 καὶ
456 1685 580 1765 κίτται,
604 1682 757 1768 ἐρίθαιιοὶ
771 1708 804 1752 τε
818 1686 875 1752 aab
889 1688 1043 1766 ψιττακοὶ
1061 1682 1194 1771 ἀνθρώ-

55 1792 145 1848 παυς
155 1773 338 1855 μιμοῦνται
360 1769 416 1835 καὶ
431 1770 514 1855 μέμυ
536 1792 611 1837 νται
629 1761 677 1837 uia
695 1769 737 1836 dv
756 1765 943 1853 debriantia,
964 1772 1020 1839 ιια]
1041 1771 1194 1840 διδασκό-

119 1878 156 1923 οι
167 1848 381 1943 ιἰιιααούουσι
393 1854 445 1945 rui
456 1858 648 1922 διδασκοντι
660 1857 716 1923 καὶ
731 1856 852 1924 πολλοί
863 1880 900 1943 με
913 1857 951 1942 ἐμ
973 1873 1081 1926 ουσαν
1091 1853 1130 1925 δι’
1146 1848 1196 1925 ὦν
1287 1910 1289 1917 .

57 1879 286 2026 &timitem
296 1941 355 2007 sat
370 1920 449 2022 τους
465 1937 720 2027 ἁμαρτάνοντας
742 1939 826 2009 κατι]
848 1940 907 2011 τὸν
931 1967 1037 2011 οκον.
1082 1945 1196 2029 Singu-

58 2031 130 2096 laris
147 2028 234 2116 apud
249 2027 421 2094 Cedrenum
443 2031 492 2109 [T.
505 2029 546 2094 Π.
587 2032 683 2097 .592.
697 2031 803 2112 Paris]
821 2032 947 2095 historia
968 2036 1078 2115 legitur
1096 2032 1136 2096 de
1155 2054 1200 2109 (ιοΙ

58 2118 200 2205 psittaco,
221 2116 274 2200 qui
286 2115 411 2195 Leone,
432 2115 540 2179 Basilii
553 2052 628 2196 diis,
649 2139 706 2204 per
718 2110 902 2181 calmnniam
916 2116 1017 2182 delato
1030 2130 1061 2181 et
1074 2140 1092 2180 a
1112 2130 1197 2205 patre

58 2205 100 2268 in.
108 2222 262 2264 carcerem
277 2205 413 2281 conjecto
431 2201 553 2266 assidue
565 2203 723 2266 dictitans:
745 2202 792 2267 Ai
805 2202 856 2283 ui,
878 2198 973 2285 κροιι
989 2199 1085 2283 Aion,
1107 2225 1198 2267 sena·
1271 2218 1272 2223 ’

59 2289 180 2353 toribus
199 2309 218 2350 a
236 2286 353 2363 Baubo
373 2300 507 2352 inritans
525 2290 672 2352 miraculo
689 2291 761 2368 suit,
792 2289 876 2375 quod
893 2288 1048 2355 rideretur
1069 2283 1214 2369 adradi-3
1261 2310 1266 2329 t
1323 2312 1325 2317 ’

61 2373 188 2447 timae
205 2385 237 2436 et
254 2395 364 2461 perse
389 2394 495 2439 casum
514 2375 581 2436 heri
599 2374 721 2438 defleri:
749 2377 899 2458 lacrymas
920 2376 1022 2462 itaque
1042 2386 1201 2439 senatores

61 2482 130 2525 non
138 2470 304 2522 tenuerunt
313 2480 419 2545 neque
433 2471 503 2523 ante
517 2462 755 2546 conquieverunt
769 2456 861 2547 quam
878 2463 1091 2526 liberationem
1100 2458 1200 2525 Leoni

63 2569 82 2610 a
97 2545 177 2610 diuo
190 2557 277 2632 patre
293 2544 422 2608 tandem
432 2546 644 2632 impetrarent,
666 2568 728 2610 non
744 2545 898 2612 dissimilis
913 2549 997 2614 corvi
1008 2549 1089 2612 illius
1101 2548 1200 2610 histo-
1229 2596 1232 2601 .
1304 2622 1307 2633 Ι

62 2633 125 2711 ria,
147 2634 201 2715 qut
213 2631 390 2718 repudiabas
404 2635 442 2696 ab
456 2633 590 2713 Augusto
606 2632 695 2696 dixit:
718 2631 833 2719 Opera
855 2642 888 2698 et
908 2633 1067 2722 impensu
1081 2631 1200 2719 periit,

64 2720 204 2781 ntrefert
216 2716 292 2795 [Sat.
306 2714 347 2797 ll,
359 2717 403 2798 1.]
427 2717 614 2782 Macrobius.
650 2716 772 2798 [Glossa
784 2730 873 2783 vetus
886 2731 948 2798 est,
992 2742 1049 2783 uae
1062 2741 1127 2782 non
1146 2740 1202 2781 ex·
1250 2784 1253 2788 ,

33 2844 36 2848 -
64 2815 124 2869 stat
139 2804 175 2865 iu
187 2804 319 2884 vulgatis
332 2805 458 2868 scholiis
471 2802 625 2889 Cornuti„
636 2827 686 2892 ap.
702 2802 808 2871 Barth.
821 2804 899 2870 adv.
916 2743 999 2885 LVi,
1015 2814 1051 2872 2:
1073 2800 1203 2868 Corma-

65 2899 118 2954 tus
148 2888 270 2954 scribit
291 2885 475 2954 Caesarem
501 2889 659 2955 habuisse
679 2889 869 2977 psittacum
897 2890 966 3039 ipsi
995 2888 1111 2955 crebr'o
1141 2888 1222 2952 Ιιοο·

68 2976 189 3059 (χαῖρε)
206 2973 406 3039 iterantemr
428 2997 488 3062 quo
502 2979 572 3039 loco
591 2979 685 3039 etiam
698 2978 834 3038 firmatur
845 2973 906 3040 Gol
929 2977 984 3040 asti
1006 2974 1151 3038 correctio
1171 2975 1206 3036 in
1228 3050 1230 3055 Α

67 3062 179 3127 Isidori
196 3058 333 3125 Glossis:
358 3059 487 3127 Chaere
507 3059 653 3140 Caesar,
677 3085 700 3126 α
748 3060 892 3126 sittace:
915 3060 1031 3126 coda:
1056 3060 1206 3133 amicos,·

68 3171 99 3215 v.
112 3146 242 3210 Erhard.
256 3146 296 3208 ad
308 3146 430 3210 Petron.
443 3151 496 3219 28.
516 3169 547 3233 p.
568 3148 627 3213 141
642 3147 690 3211 ed.
733 3170 810 3211 urm.
825 3169 899 3211 nov.
914 3145 1096 3210 Videndum
1113 3147 1207 3207 etiam

69 3257 108 3298 an
126 3256 193 3297 non
213 3229 435 3296 Graecomania
451 3232 665 3296 Romanorum
684 3234 805 3320 psittaci
819 3229 935 3296 Graeca
952 3234 1011 3294 hac
1026 3232 1207 3301 salutatione

70 3332 226 3407 carpatur3
248 3318 376 3383 r.Pass.
401 3357 439 3366 -
463 3319 557 3397 „Post
576 3321 658 3381 hunc
679 3340 806 3383 versum
824 3319 858 3380 in
879 3316 985 3381 Brem.
1003 3319 1118 3399 '[Harn.
1138 3322 1154 3381 1
1177 3326 1208 3378 et

69 3407 158 3473 Mon.
174 3410 196 3470 6
209 3412 258 3490 ap.
271 3403 382 3486 lineus.
397 3403 427 3467 d.
441 3405 475 3486 1.]
499 3418 530 3468 et
550 3406 665 3490 aliquot
680 3403 751 3468 edd.
765 3404 920 3470 invenitur
934 3405 985 3466 hic
997 3424 1121 3471 versus:

162 3505 294 3572 Cervos
312 3506 384 3595 quis
407 3506 490 3571 olim
506 3530 695 3573 concavum
711 3500 889 3573 solutore?

111 3635 166 3676 em
180 3615 312 3674 fortasse
328 3610 372 3673 'ad
386 3612 591 3674 narrationem
607 3611 697 3675 Plinii
707 3612 749 3675 H.
764 3610 803 3675 N.
820 3611 864 3690 X,
880 3610 922 3678 43
944 3608 1150 3697 compositum
1170 3627 1211 3668 ne

96 3701 177 3763 ersio
200 3698 385 3776 tribuamus,
407 3709 491 3761 vetat
512 3710 631 3785 praeter
648 3699 707 3761 alia
724 3698 869 3783 particula
891 3695 982 3760 olim.
1025 3696 1064 3760 ln
1082 3693 1131 3757 ed.
1143 3690 1215 3755 Bri-

72 3784 187 3849 tannici
208 3805 236 3846 a.
256 3785 338 3850 1505
356 3782 542 3869 adscriptum
556 3796 616 3848 est:
642 3781 773 3848 Versus
788 3781 843 3845 Ιιὶο
856 3804 878 3845 υ
892 3781 1053 3866 FontejO,
1081 3801 1152 3842 nort
1171 3774 1214 3842 ab

76 3868 323 3957 aliisponitur.
345 3868 491 3950 Fontejus
507 3870 604 3933 Persii
621 3871 736 3932 amicus
756 3869 852 3931 fuisse
867 3866 1005 3932 dicitur.“
1037 3863 1090 3930 W
1088 3863 1150 3945 eb]

162 4013 193 4073 9.
229 4003 272 4071 V
268 4005 351 4072 erbo
370 4017 490 4070 nostru
514 4004 661 4085 conara]
691 4005 815 4085 Legitur
832 4005 866 4067 in
886 4004 1041 4066 nonnullis
1066 4001 1218 4078 [narrante
1282 4038 1285 4047 ·

77 4082 333 4174 commentatore]
362 4089 532 4165 blandiri,
564 4089 647 4176 quod
677 4112 785 4154 omnes
812 4094 1012 4153 membranae
1040 4085 1218 4173 repudiant,

78 4203 134 4244 nec
151 4180 258 4244 minus
270 4181 359 4242 illum
375 4181 540 4243 barbarum
561 4189 591 4238 et
610 4175 772 4239 ridiculum
789 4198 930 4255 versum,
955 4176 1007 4261 qui
1027 4173 1219 4237 anonnutlis

79 4268 159 4330 inter
174 4269 260 4329 hunc
274 4278 305 4328 et
322 4263 556 4352 praecedentem
576 4264 748 4326 collocatur.
791 4262 895 4348 Apage
912 4273 1012 4323 atam
1025 4259 1116 4321 docto
1128 4256 1222 4343 poeta
1302 4283 1304 4297 ¹

82 4364 200 4416 tantam
218 4354 332 4416 labem.
374 4351 488 4437 Aptum
504 4351 635 4413 verbum
653 4350 723 4411 heic
746 4347 882 4425 conari,
904 4347 982 4410 sicut
1000 4345 1077 4407 dixit
1093 4340 1220 4423 Quinti·
1231 4336 1291 4400 24·

86 4439 228 4504 liunusin
242 4439 341 4526 prima
359 4436 548 4501 institutione
568 4432 649 4519 [1‚§.
665 4436 718 4515 21]
738 4433 778 4498 de
801 4432 984 4498 infantibus:
1003 4426 1139 4518 futuras
1156 4426 1221 4494 elo·
1258 4488 1261 4495 .
