2700 4972
101 267 111 282 ’
150 326 218 393 :14
514 260 926 391 consumimus
995 264 999 277 ⁵

153 518 209 562 ora
219 493 397 647 Hmffi’
419 512 494 579 agro
504 492 651 560 Lunensi.
696 488 845 579 [Bruma
862 493 988 583 proprie
1007 492 1077 561 dies
1096 492 1222 559 solstitii
1233 493 1293 561 hie-

153 584 260 647 melis:
287 601 321 646 v.

241 674 274 733 2.
294 581 421 731 lamio
436 664 515 753 lyra
533 676 569 733 et
588 664 710 731 tetrico
728 664 850 731 uiuunt
866 662 933 731 tibi
944 665 1091 753 pectine
1113 662 1291 751 cbordush

152 755 240 819 Haec
259 765 349 819 vetus
363 754 472 834 lectio,
492 774 558 817 non
575 748 736 827 Tetrico:
756 774 836 840 qnae
852 764 959 817 tumen
980 752 1101 819 eodem
1115 752 1210 817 redit:

152 839 294 905 Tetricus
310 860 403 903 mons
424 838 628 921 Sabinum,
658 842 743 919 eujus
766 840 863 921 gentis
880 860 986 904 mores
1006 840 1186 905 severiores
1211 838 1289 903 etium

152 938 221 989 tum
234 929 372 1003 filerunt,
392 922 516 1011 quando
535 928 670 1012 reliquae
682 924 788 989 ltaliae
807 926 936 989 solutior
952 930 1019 1006 jem
1032 924 1214 1011 disciplina:
1228 924 1288 991 ideo

154 1009 287 1099 rigidos
302 1007 452 1075 Sabinos
488 1008 577 1075 oetas
590 1023 704 1075 vocent
715 1022 747 1075 et
760 1010 801 1075 de
813 1013 936 1074 illorum
953 1014 1069 1077 virtute
1083 1012 1182 1075 etiem
1194 1010 1286 1075 Strabo

151 1099 295 1198 loquitur.
338 1096 444 1162 Livius
461 1032 487 1161 l)
505 1094 532 1159 Ι.
556 1096 625 1178 [18]
648 1096 689 1161 de
711 1096 814 1163 Numa
831 1096 1004 1183 Pompilio:
1035 1094 1176 1197 Suople=
1192 1095 1287 1187 igilur

153 1184 296 1283 ingenio
315 1190 550 1269 temperatum
563 1181 721 1247 animum
739 1180 924 1281 uirtutibus
934 1179 1054 1283 fuisse
1078 1204 1206 1271 opinor
1224 1204 1286 1249 mo-
1318 1205 1322 1217 ·

149 1290 229 1361 gra,
253 1276 529 1355 :memoremque
549 1290 618 1333 non
641 1278 717 1336 tam
735 1288 935 1356 peregrum
957 1266 1099 1333 acubus
1118 1291 1224 1358 qnam
1240 1266 1285 1335 di·
1320 1298 1322 1317 =

154 1353 309 1505 seiplina
329 1354 458 1418 tetrica
477 1374 522 1419 oo
544 1354 639 1419 tristi
657 1365 815 1420 ueterum
827 1351 1060 1419 Sabinorum:
1083 1378 1153 1445 qno
1169 1376 1285 1445 genere
1319 1362 1322 1373 '

154 1464 201 1507 nn
217 1440 294 1505 lum
315 1460 468 1527 unquam
491 1440 604 1522 [etur
628 1437 820 1528 qnondam]
845 1436 1084 1527 incorruptius
1104 1438 1201 1529 fuit,-
1225 1440 1285 1507 ints
1320 1444 1322 1509 ἶ

153 1551 172 1594 a
192 1526 315 1592 Tetrico
332 1538 439 1591 monte
458 1526 645 1591 Sabinorum
666 1525 806 1591 tetricos
823 1525 954 1593 dicimus
975 1530 1124 1593 homines
1150 1527 1285 1597 nutes
1318 1538 1322 1567 ⁸

153 1608 395 1696 σκυθρωποΰς,
421 1615 521 1698 inquit
540 1612 666 1679 Servius
697 1613 750 1695 [ad
774 1615 852 1677 Aen.
874 1613 1039 1694 V11,713
1068 1626 1103 1679 et
1125 1614 1284 1703 videque:

152 1698 349 1781 addet.Pl.]:
375 1708 502 1785 pecten
526 1700 619 1780 igitur
645 1694 808 1763 Tetricus
834 1700 903 1764 sire
923 1697 1071 1763 tetricus
1099 1722 1167 1765 non
1185 1712 1285 1767 suun

110 1848 113 1857 ,
152 1784 306 1865 Stoicam,
327 1796 367 1863 ut,
382 1789 482 1850 laceto
503 1784 630 1871 quidum
647 1786 852 1865 hariolantur,
872 1784 930 1849 sed
950 1785 1138 1873 po'e'matum
1152 1782 1284 1853 Bnnel

153 1869 278 1954 σεμνὸν
299 1882 329 1935 et
348 1872 545 1937 severitatem
564 1883 665 1951 notet,
686 1883 722 1935 nt
739 1892 819 1935 mox
837 1868 968 1956 pollice
981 1870 1160 1935 'bonostm
1179 1872 1284 1939 ridetur

100 1972 103 1979 '
152 1959 239 2022 enim
252 1956 382 2020 deorum
396 1956 504 2021 landes
523 1969 555 2021 et
567 1960 704 2041 hymnos
723 1978 764 2021 eo
778 1976 890 2038 genere
909 1976 1059 2023 versuum
1075 1960 1284 2061 composuisse,

152 2052 188 2107 nt
203 2046 268 2124 jam
288 2041 446 2128 dicemus:
471 2039 592 2107 uiuunt
613 2064 669 2131 pro
690 2044 723 2107 in
747 2064 842 2130 opere
868 2056 1072 2145 occupantur:
1101 2065 1175 2132 quie
1193 2046 1285 2113 virere

100 2144 153 2206 477
161 2139 209 2194 est
230 2148 322 2210 egere
335 2138 428 2216 atque
447 2125 609 2214 ἐνεργεῖν,
636 2140 671 2191 nt
694 2127 736 2193 ed
757 2129 895 2215 quintam
924 2129 1125 2197 dicebamus:
1152 2132 1198 2195 sic
1215 2128 1284 2219 spud

64 2252 67 2257 ·
150 2215 389 2365 Aristopfflnem
406 2216 468 2299 ζῇν
488 2226 522 2279 ot
539 2216 574 2280 in
593 2216 693 2282 reteri
710 2208 899 2280 Graecorum
924 2218 1093 2303 proverbio
1114 2218 1166 2296 ζεῖ
1182 2210 1282 2303 ysitus,

242 2324 254 2364 ι
312 2345 320 2361 .

150 2303 191 2387 ἔῃ
213 2322 270 2452 φὸ.
299 2380 393 2449 Mire
416 2381 540 2474 opifex
565 2382 719 2449 numeris
743 2393 901 2451 ueterum
919 2384 1126 2473 primordia
1150 2388 1282 2469 rernm-l

150 2470 257 2537 Potest
269 2470 320 2533 hic
333 2492 441 2536 versus
461 2492 531 2535 cum
548 2482 696 2558 sequente
716 2473 900 2553 continuari,
923 2485 957 2536 ut
979 2472 1067 2538 idem
1088 2496 1171 2561 opus
1188 2474 1284 2539 intelli-

151 2569 248 2639 gatur‚
261 2577 323 2642 quo
335 2555 466 2621 deorum
478 2555 585 2621 laudes
598 2578 709 2624 severo
721 2559 823 2644 potius
838 2559 972 2623 carmine
985 2580 1080 2645 qnam
1089 2559 1175 2625 dulci
1187 2582 1284 2625 eonem

151 2643 245 2707 simul
267 2654 408 2708 veterum
424 2664 528 2707 rerum
551 2640 718 2729 primordie
746 2642 917 2730 pandebat:
944 2667 1046 2732 neque
1070 2648 1162 2710 aliter
1181 2656 1285 2734 potest
1319 2680 1322 2691 ·

150 2729 185 2792 ln
198 2750 239 2791 eo
253 2734 435 2810 argumento
455 2730 588 2809 versati,
611 2730 686 2816 quin
703 2732 798 2795 totius
819 2730 948 2813 mythici
966 2733 1120 2817 temporis
1135 2732 1284 2797 historiam
1318 2757 1322 2794 t

98 2842 101 2847 ·
122 2848 125 2855 ·
149 2826 394 2962 persequeretur:
424 2814 504 2879 adeo
531 2836 580 2879 res
601 2827 686 2879 erent
712 2817 823 2881 affines
842 2815 1007 2898 θεογονία
1025 2829 1056 2881 et
1077 2818 1283 2903 xospuynte

217 2898 402 2963 Terentiano
428 2901 540 2966 Mauro
562 2900 717 2989 [perse.
735 2901 805 2983 Pu]
830 2914 861 2965 et
879 2901 1034 2967 Prisciano
1055 2916 1146 2988 peret
1172 2902 1285 2971 Casium

149 2984 285 3051 Bassum
313 2987 471 3074 scripsisse
504 2986 546 3050 de
573 2989 679 3052 metris
704 2986 745 3050 ad
771 2986 930 3051 Neronem
957 2988 1008 3069 [v.
1035 2990 1193 3056 Wernsd.
1222 2992 1284 3055 ll.

148 3091 182 3174 p.
191 3070 372 3153 XXXV.]:
394 3094 488 3159 quem
501 3084 640 3137 nostrum
652 3077 733 3137 huno
747 3092 815 3137 esse
828 3096 894 3136 non
906 3072 1092 3138 dubitemus.
1134 3076 1284 3143 AtBasers

146 3160 217 3236 rlls,
248 3161 332 3237 cujus
357 3160 452 3224 libros
472 3157 529 3224 De
549 3157 686 3309 opp'pine
713 3156 964 3224 vocabulorum
987 3159 1284 3249 laudetsaepiush

148 3239 268 3307 Gellius
291 3244 333 3321 [v.
346 3244 497 3309 Wernsd.
520 3267 551 3331 p.
621 3245 693 3327 Χ.],
715 3244 788 3332 quid
813 3244 854 3309 ad
875 3258 1015 3309 nostrum
1039 3248 1125 3313 hunc
1144 3248 1284 3337 poetam?

149 3329 199 3389 cui
216 3350 332 3391 nomen
352 3332 411 3393 fuit
432 3330 560 3410 Caesio,
587 3354 650 3394 non
668 3328 770 3397 Gabio
791 3344 844 3395 aut
861 3329 978 3413 Gavio,
998 3332 1145 3399 utillum
1166 3340 1283 3399 :tunm

148 3425 322 3477 constanter
340 3428 455 3481 vocent
470 3418 540 3480 libri
561 3412 704 3481 Gellieni.
755 3416 925 3496 [At-codd.
951 3428 986 3481 ut
1007 3416 1132 3484 videtur
1155 3440 1283 3487 ornnes

147 3497 240 3578 Ach,
262 3499 387 3566 Havnn.
403 3524 527 3581 omnes,
549 3502 635 3582 lig,
655 3502 779 3582 Wrm.,
810 3502 942 3567 Ghemn.
964 3524 1000 3566 ae
1019 3506 1093 3567 fort.
1116 3506 1206 3573 Pass.
1228 3528 1283 3571 nor

146 3602 282 3663 rerum,
311 3585 368 3650 sed
390 3606 511 3666 vocnyn
534 3589 691 3654 exhibent.
733 3586 990 3669 ‚,Difficultatem,
1039 3610 1100 3653 uae
1117 3592 1173 3661 his
1191 3591 1282 3659 verbis
1320 3626 1322 3634 ·

144 3670 241 3749 inest,
270 3673 333 3750 jam
356 3684 428 3738 vett.
446 3675 574 3761 interpp.
594 3687 769 3751 senserim,
799 3674 840 3738 sd
879 3697 952 3740 uam
968 3610 1098 3761 quidem
1121 3667 1282 3743 tollendum

144 3756 315 3819 faciliorem
332 3759 516 3823 invenerunt
532 3760 699 3823 lectionem
713 3697 912 3847 primordia
939 3782 1076 3839 rernm,
1104 3776 1141 3827 ut
1160 3788 1179 3828 a
1228 3762 1280 3831 Gir.

144 3840 256 3926 partitt.
270 3850 289 3907 7
301 3855 334 3906 et
346 3846 465 3908 Lucreb
480 3842 507 3923 I,
520 3846 572 3923 50,
594 3847 644 3909 cui
656 3857 762 3911 tamen
776 3847 976 3936 recipiendae,
996 3860 1148 3915 monente
1195 3852 1279 3929 rellio,

143 3935 303 3992 veterum
333 3930 518 3995 adversatur.
567 3930 735 4014 (Lectione
761 3955 888 3997 vocum
905 3945 1028 4020 recepta
1046 3938 1171 4019 verba)
1191 3958 1278 4023 neque

144 4010 186 4074 de
206 4016 407 4097 carminibus,
435 4036 514 4103 quae
537 4019 676 4083 oratione
704 4022 805 4084 soluta
829 4020 999 4105 antiquiora
1017 4030 1091 4084 sunt
1115 4022 1175 4103 [sie
1192 4024 1277 4102 Aehl,

142 4116 243 4184 neque
265 4099 306 4164 de
325 4105 468 4186 hymnis,
495 4105 607 4189 quihus
630 4103 723 4170 divos
743 4119 775 4171 et
795 4108 939 4171 rientem
965 4108 1122 4172 rictomm
1142 4110 1179 4173 in
1197 4110 1276 4174 sacris

141 4187 358 4253 certaminibus
375 4192 525 4254 tollebant
547 4189 604 4270 [sic
619 4190 757 4257 Tumeb.
775 4192 854 4258 adv.
866 4190 984 4271 XXX,
1003 4214 1031 4255 e.
1046 4195 1100 4275 71,
1124 4217 1226 4283 nequo
1244 4192 1276 4257 d:
1320 4196 1322 4245 ἓ

141 4273 234 4335 rebus
258 4276 490 4356 etymologicis,
513 4277 624 4361 quibus
639 4279 763 4342 fabulae
781 4280 925 4366 antiquae
946 4299 1041 4364 quam
1052 4280 1273 4367 plurimaenbi-

139 4356 256 4441 quoad
270 4359 348 4423 illud
362 4372 578 4443 argumentum
591 4363 826 4429 exhilarandum
841 4365 976 4428 intextae
992 4377 1079 4428 erant
1097 4366 1155 4446 [sic
1168 4364 1272 4445 Orelbl,

139 4442 335 4526 intelligendu
350 4459 430 4513 sunu
474 4446 548 4512 Tria
560 4446 652 4513 Bassi
669 4449 701 4513 h.
714 4452 734 4516 l.
757 4454 870 4534 lyricae
887 4470 1022 4539 poeseos
1033 4467 1215 4536 argumente
1227 4453 1271 4517 de

580 4778 738 4918 [Αᾌ
