2700 4972
10 50 200 212 ἔ,

10 344 14 431 r
154 286 989 425 -41siacicisianoai
1144 366 1205 417 ,xv

10 512 13 567 Ξ
57 518 162 580 levem
174 522 423 603 aspernarentur:
453 511 601 597 quoniam
615 506 881 598 quidem,*aiebat
894 514 943 579 vir
961 513 1097 596 duan,
1125 509 1205 582 aaa·

57 619 142 703 βοῧς
162 612 256 683 ἐστιν
276 610 464 698 ἀνθρώπου
479 609 540 692 cair
560 610 651 698 παρὰ
671 618 732 680 τοῦ
749 616 840 681 Θεοῦ
859 610 997 701 χάριτας
1018 610 1202 703 circuitam.-

10 780 14 801 Ι,
58 743 97 783 en
114 740 300 801 germanum
313 718 556 807 philosophum}
586 740 627 781 en
641 738 754 783 vocem
766 721 908 784 auream!
943 720 1204 787 Necminusme-

10 844 15 947 q
54 824 210 907 ,mambfle
237 822 377 907 synesii,
411 822 590 910 philosophi
615 823 882 908 praestantissimi,
922 826 1100 891 vaticinium
1128 828 1212 909 tristi¹

10 976 17 987 ..
58 936 174 991 evemu
187 927 420 1005 confirmabam,
448 923 532 1011 quod
549 927 647 988 multo
661 937 732 989 ante
754 927 883 1013 abipso
905 938 952 991 est
969 929 1103 1000 editum.
1132 953 1204 995 curn

10 990 17 1115 l
58 1028 400 1097 rationem-studionrm
416 1028 555 1093 similiter
571 1029 705 1114 perverti
724 1030 762 1092 ab
782 1031 959 1117 aequalibus
975 1034 1039 1097 suis
1060 1046 1203 1099 comeret.

10 1124 13 1147 '
58 1128 230 1218 Disputare
257 1134 344 1207 enim
362 1144 466 1197 contra
496 1126 577 1211 ruric
609 1125 786 1209 ἀξιοῦντας
815 1127 981 1215 δόγμασιν
1000 1124 1207 1221 druidarum,

58 1228 259 1305 ἐνάλλεσθνα,
270 1234 311 1305 ta
328 1231 434 1319 ἆέξεαι
447 1232 656 1318 τριοδίτισιν,
678 1236 740 1297 boc
755 1247 818 1314 cst,
840 1230 989 1302 adversus
1002 1259 1074 1317 eos,
1097 1239 1154 1323 qui
1163 1236 1205 1301 ad

59 1340 271 1413 amatissime
282 1336 475 1419 Theologiae
491 1336 592 1401 studia
608 1337 771 1401 infantiam
783 1350 814 1403 et
827 1341 1015 1425 sophisticen
1030 1363 1086 1427 pro
1103 1341 1205 1405 solida

10 1444 14 1522 Ι
59 1441 232 1507 eruditione
251 1442 413 1521 afferrent,
443 1437 601 1503 fatidicam
616 1440 697 1503 banc
714 1441 802 1525 quasi
817 1452 933 1509 sortem
945 1442 1057 1508 edidit:
1089 1443 1203 1509 κίνδυ-
1292 1458 1296 1469 “

10 1536 12 1616 ἓ
57 1567 137 1624 νος,
164 1545 279 1632 inquit,
310 1542 357 1621 εἰς
377 1536 530 1627 diluenda
552 1562 629 1615 τινα
649 1542 816 1626 φλυαρίας
839 1540 1043 1627 ἐμπεσόντας
1058 1536 1209 1625 vao'v'conc,

10 1628 12 1703 ἶ
58 1647 313 1734 dcuqbnpaivnu'
346 1649 472 1712 Utinam
485 1643 633 1711 defuisset
641 1645 714 1709 huic
729 1650 853 1715 oraculo
865 1647 963 1711 fidesr
984 1647 1041 1715 sed
1055 1654 1204 1737 profecto,

10 1789 12 1810 .
58 1753 210 1819 siveram
225 1773 388 1840 amamus,
416 1748 627 1836 depravationi
645 1749 690 1811 illi
708 1760 740 1811 et
755 1752 850 1831 hujus
868 1752 1061 1817 scientiarum
1082 1754 1205 1833 reginam

10 1844 12 1943 J
59 1868 90 1919 et
108 1856 252 1931 omnium
273 1855 416 1934 aliarum,
449 1873 528 1939 quae
554 1862 663 1937 postea
694 1852 819 1932 accidit,
855 1855 1050 1929 occasionem
1078 1856 1209 1942 quidem.

10 1964 12 2033 l
59 1954 237 2027 Gothorum
255 1970 290 2023 et
305 1958 473 2021 Alanorum
495 1960 672 2025 invasiones
689 1961 909 2046 praebuerunt,
950 1969 983 2021 at
998 1980 1105 2022 caussa
1124 1961 1206 2025 illius

10 2035 13 2105 l
58 2062 186 2151 propior
196 2084 234 2127 ac
251 2082 325 2128 vera
337 2073 384 2127 cst
394 2063 472 2126 ratio
485 2062 656 2127 studiorum
667 2048 813 2150 perversa
826 2073 857 2125 et
876 2061 910 2127 in
924 2062 1100 2127 liberalibus
1112 2061 1205 2127 aaa.

10 2152 12 2227 ῗ
48 2166 150 2254 'plinio
163 2170 265 2255 'prava
283 2165 432 2229 institutio
454 2187 490 2229 ac
506 2167 791 2248 bugamum}
812 2177 844 2229 et
856 2166 1016 2233 universae
1032 2167 1205 2231 literaturae

10 2230 12 2303 l
56 2269 197 2335 melioris
211 2268 375 2351 ignoratio.
416 2269 456 2332 At
474 2270 633 2336 enimvero
657 2281 806 2356 quantum
827 2268 878 2332 isti
898 2278 1016 2341 aresta
1030 2267 1205 2335 studiorum
1235 2338 1240 2357 κ

10 2428 12 2437 .
56 2373 176 2449 ratione
193 2370 374 2452 deflectrmt,
397 2382 516 2436 tantum
534 2374 586 2437 alii
603 2373 725 2439 diverso
739 2373 848 2437 erroris
863 2392 975 2453 genere
989 2385 1134 2459 peccant,
1151 2374 1205 2459 qui

10 2456 12 2501 ¹
56 2474 90 2538 in
103 2475 239 2545 lectione
260 2475 457 2561 antiquorum
475 2477 650 2563 sapientum
672 2475 788 2545 assidui
806 2487 895 2556 sunt,
922 2497 989 2537 non
1005 2487 1040 2543 ut
1055 2477 1209 2564 mimum,

56 2575 114 2641 sed
128 2587 163 2640 ut
175 2577 337 2659 ingenium
350 2582 508 2661 excolant3
536 2600 601 2641 non
621 2590 656 2640 ut
674 2577 792 2647 discant
812 2579 935 2658 vivere,
965 2576 1024 2643 sed
1044 2589 1079 2641 ut
1098 2574 1183 2666 loqui
1193 2605 1208 2661 ς,

56 2672 160 2766 neque
173 2691 209 2743 ut
218 2680 363 2757 meliores
381 2683 420 2746 ab
431 2682 492 2745 illis
506 2664 685 2761 discedant,
701 2681 760 2746 sed
771 2693 806 2745 ut
820 2681 972 2747 doctiores
988 2691 1122 2763 tantum3
1152 2683 1209 2769 qni

10 2808 13 2889 q
56 2782 192 2869 denique
213 2784 481 2864 grammaticomm
498 2786 600 2849 solum
621 2785 718 2853 aurbs
737 2785 849 2873 scripta
872 2805 981 2859 eorum
1002 2785 1125 2867 legunt,
1154 2786 1207 2871 qui

10 2909 13 2979 ξ
55 2886 97 2951 de
108 2886 224 2953 virtute
234 2886 432 2973 praecipiunt.
474 2887 565 2973 Atqui
587 2910 652 2953 non
670 2887 705 2951 in
723 2904 796 2953 curn
817 2898 898 2951 certe
915 2887 1014 2951 finem
1026 2888 1086 2954 viri
1099 2892 1209 2973 magni

10 2982 12 3005 ²
55 3002 87 3055 et
102 3001 269 3077 praecepta
282 3002 314 3055 et
325 2993 468 3077 exempla
477 2993 623 3059 virmttrrn
636 2990 807 3055 memoriae
821 2988 1037 3071 commendata
1050 2990 1091 3055 ed
1100 3006 1206 3079 poste-

55 3115 108 3157 ros
123 3093 373 3175 transmiserunt,
401 3106 435 3157 ut
454 3093 496 3159 ad
513 3095 640 3163 inanem
654 3094 774 3157 aurium
792 3094 1032 3175 oblectationem
1043 3097 1097 3163 vel
1111 3099 1207 3177 jacta-

54 3195 179 3261 tionem
199 3214 314 3261 vanarn
327 3197 448 3265 inutilis
470 3195 649 3267 eruditionis
674 3218 711 3261 ca
740 3217 1015 3277 cognosceremus,
1041 3218 1151 3269 verum
1172 3212 1207 3273 ut

55 3299 122 3365 suis
135 3321 196 3364 nos
209 3301 468 3365 lucubrationibus
484 3302 650 3365 excitarent
662 3298 702 3362 ad
718 3297 896 3363 effodienda
916 3311 948 3363 et
966 3301 998 3363 in
1020 3313 1122 3369 actum
1133 3325 1206 3389 pro.

56 3401 202 3475 ducenda
216 3404 292 3467 recti
310 3394 492 3492 honestique
504 3406 641 3471 semina:
670 3426 749 3492 quae
765 3425 861 3490 quum
874 3415 1018 3477 anatum
1034 3408 1206 3493 accepisse-

55 3526 148 3585 mus,
174 3505 260 3571 vitiia
277 3516 383 3572 minen
401 3509 572 3573 mcunfusa
594 3520 625 3572 et
643 3520 764 3572 tantum
779 3529 845 3571 non
860 3509 970 3573 obnata
985 3509 1077 3572 sicin
1092 3511 1205 3579 nestris

55 3608 188 3688 animis,
215 3608 277 3673 nisi
288 3613 403 3675 cnlurra
416 3613 527 3677 mehor
538 3611 680 3692 accedat,
708 3614 817 3691 latent,
847 3611 935 3697 quasi
949 3611 983 3675 in
996 3613 1091 3676 altum
1106 3634 1204 3699 quen-

57 3710 134 3777 dam
145 3714 290 3776 scrobem
304 3714 426 3799 penitus
439 3712 572 3780 defossa.
615 3716 686 3779 Huc
699 3725 854 3802 spectant,
871 3713 960 3800 Aquod
971 3726 1002 3778 te
1014 3717 1146 3779 minime
1158 3719 1205 3780 la-

57 3826 117 3895 tet,
135 3814 187 3880 vir
197 3815 432 3903 sapientissime,
453 3819 563 3882 totilla
579 3819 754 3899 volumina,
777 3840 856 3903 quae
871 3817 910 3883 de
923 3818 1034 3882 morali
1046 3817 1205 3905 disciplina

56 3918 240 4005 philosophi
262 3922 475 4004 confecemnt3
501 3921 599 3985 tendit
624 3921 738 3986 eodem
759 3933 790 3985 et
809 3919 996 3986 Graecorum
1010 3921 1206 3985 Latinorum-
1312 3936 1318 3951 ·

56 4043 122 4108 que
134 4020 296 4106 potarum
308 4027 453 4112 pleraque
470 4048 596 4107 manus,
624 4026 680 4091 sed
694 4025 853 4090 itineribus
867 4024 1017 4090 diversis:
1047 4038 1122 4111 quot
1133 4036 1207 4090 sunt

58 4125 147 4189 enim
161 4124 324 4212 politannn
336 4150 451 4211 genera
463 4130 547 4214 (sunt
562 4140 666 4194 autem
679 4128 930 4216 quamplurima),
960 4140 1006 4193 tot
1022 4131 1091 4205 fere
1102 4128 1205 4197 diver.-

58 4228 152 4293 ticula
166 4240 199 4293 et
209 4229 331 4297 viarum
341 4236 488 4316 ambages
504 4255 543 4297 eo
559 4232 744 4299 ducentium
786 4232 898 4299 Brevis
908 4244 940 4297 et
955 4229 1068 4297 directa
1081 4232 1135 4298 via
1149 4243 1209 4312 est,

58 4352 159 4419 quem.
167 4330 292 4399 Persius
307 4348 338 4402 et
349 4339 459 4425 reliqui
471 4336 634 4403 Romanae
649 4336 890 4424 Satiraepoe'tae
898 4336 1086 4399 institerunt:
1107 4335 1208 4413 (truita,-¹

58 4436 101 4511 fl't
115 4437 334 4513 minabatis
354 4452 387 4505 ct
406 4441 492 4506 omni
512 4438 675 4529 po'e'tarum
693 4441 825 4515 &lionam
844 4437 996 4527 rantur
1016 4460 1085 4513 tem
1103 4438 1205 4525 mam
