2700 4972
987 96 1014 143 θ

71 286 82 353 ³
180 432 183 437 ¹
269 316 986 447 ,aurursusrrraoromu
1153 350 1201 414 rr·

59 530 114 600 tet,
143 519 175 584 si
195 520 342 586 volumus
360 529 476 582 rectam
502 516 614 607 poiitae
634 532 772 583 mentem
798 520 935 608 assequi:
962 519 1006 584 sic
1033 516 1119 583 enim
1138 537 1195 582 sua
1299 588 1301 593 ¹

58 617 213 687 menuat,
235 618 270 668 ut
286 607 377 669 simul
391 606 567 691 ineptorum
577 607 740 668 hominum
752 609 868 670 iactum
879 606 1020 670 retundat
1038 617 1069 669 et
1079 607 1195 668 urbane

59 693 192 773 castiget.
236 690 435 755 Desiderium
455 689 603 777 poe'tandi
622 694 685 770 jam
705 691 779 756 inde
801 695 839 756 ab
861 693 987 774 Augusti
1005 691 1195 776 temporibus

48 778 215 841 ·familiaris
237 778 388 863 plerisque
408 776 622 839 Romanorum
643 780 769 840 morbus
789 779 861 840 fuit:
889 779 930 841 ad
950 778 1049 840 otium
1070 776 1194 838 enim-a

56 864 181 927 militari
206 863 309 927 studio
341 861 470 924 traducti
498 875 564 926 astu
587 863 644 924 cati
665 858 810 950 principis
840 862 914 950 quid
939 865 1040 949 potius
1060 864 1198 924 facerent

72 972 149 1012 uam
171 960 208 1029 ut
226 948 362 1030 ignobile
382 970 474 1011 suum
489 948 586 1010 otium
601 948 771 1033 pangendis
785 949 967 1013 carminibus
981 946 1193 1013 traducerent?

53 973 138 1100 Mota
160 1036 284 1100 Horatii
303 1056 367 1096 non
388 1035 466 1096 salsa
492 1034 697 1119 querimonia:
1240 1034 1244 1039 ’

142 1137 332 1204 Scribimus
356 1135 487 1202 indocti
503 1135 657 1224 doctique
671 1137 839 1224 primatu
849 1135 1006 1225 passim3

55 1240 144 1307 idem
158 1240 235 1325 alibi
249 1240 323 1337 [Ep.
345 1236 387 1320 ll,
410 1248 439 1320 1,
462 1242 523 1304 108
539 1243 632 1325 sqqlr

170 1420 173 1425 .
447 1340 601 1430 ,populus
624 1339 708 1407 levia
736 1336 799 1408 lroc
825 1340 914 1409 calet
939 1366 1008 1409 uno

109 1440 112 1445 '
143 1426 329 1494 Scribendi
351 1424 463 1493 studio
468 1452 480 1506 3
500 1450 502 1454 ·
505 1426 670 1514 puerique
692 1438 876 1517 putresque
895 1428 1008 1495 severi

142 1512 287 1581 Fronde
303 1536 418 1578 eomas
437 1512 547 1578 vincti
567 1525 713 1577 coenant
731 1526 765 1580 et
785 1518 944 1581 carmine
965 1514 1108 1581 dictant.

42 1617 230 1683 -Sedmit
250 1617 302 1679 hic
328 1613 498 1700 ἐπιδήμιος
524 1615 738 1680 Romanorum
763 1621 890 1682 morbus
910 1617 1034 1682 Nerone
1058 1615 1195 1704 principe
1244 1670 1247 1675 ,

53 1707 172 1767 mirum
194 1714 357 1788 quantum:
387 1705 564 1788 exemplum
592 1704 677 1763 enim
705 1705 824 1767 belluae
851 1705 932 1767 illius
953 1704 1107 1788 poiticam
1127 1706 1195 1766 lau·
1222 1774 1224 1779 ¹

54 1811 144 1855 ream
164 1792 269 1875 palam
291 1789 457 1852 affectantis
469 1789 660 1851 levissimum
675 1810 826 1874 quemque
846 1790 1031 1875 impellebat,
1051 1800 1086 1850 ut
1100 1787 1195 1888 poeta

55 1875 157 1942 videri
181 1886 212 1937 et
231 1876 330 1938 vellet*
354 1884 385 1936 et
407 1896 501 1963 posse
529 1886 678 1959 speraret;
704 1877 801 1937 tulere
825 1877 886 1936 hoc
912 1872 1038 1955 indigue
1066 1874 1195 1955 legiam
1290 1928 1295 1939 ,

56 1962 221 2026 Musarum
239 1971 369 2041 mystae,
390 1961 444 2046 qui
464 1962 584 2022 illarum
607 1979 692 2022 sacra
714 1958 793 2022 adeo
814 1959 907 2024 foede
928 1962 1026 2045 pollui
1045 1982 1110 2023 non
1133 1980 1201 2044 po-=

55 2058 156 2113 terant
184 2067 250 2108 nou
279 2043 392 2108 dolere.
448 2046 529 2111 Hinc
553 2045 605 2108 illa
636 2044 733 2108 Persii
760 2045 945 2127 indignatio,
974 2049 1059 2126 cujus
1083 2056 1196 2109 testem

56 2132 193 2207 Satiram
220 2131 353 2218 primurn
380 2131 515 2217 reliquit,
552 2152 589 2193 eo
622 2132 755 2194 carmine
781 2136 877 2195 multa
909 2125 1045 2214 ἀθρόως
1067 2131 1101 2193 in
1135 2130 1197 2193 illis

56 2211 296 2299 ψευδωνύμως
316 2216 416 2302 poir‘tis
445 2214 724 2301 reprehenduntur,
757 2228 790 2279 ut
816 2219 861 2281 ibi
888 2216 1043 2299 dicemus,
1073 2218 1107 2278 in
1133 2218 1195 2278 boc

57 2326 136 2371 vero
156 2305 286 2390 prologo
306 2302 490 2365 nominatim
506 2303 650 2366 vaesania
667 2305 791 2365 illorum
806 2305 948 2383 arguitur,
969 2304 1022 2389 qui
1041 2303 1196 2369 literarum

58 2402 89 2455 et
111 2389 215 2453 omnis
238 2387 415 2451 eruditionis
435 2387 526 2451 rudes
549 2398 619 2449 cum
633 2400 744 2467 essent,
764 2388 926 2474 po'e‘tarum
940 2401 1045 2455 tamen
1068 2409 1196 2467 nomen,

58 2496 141 2563 quae
153 2485 219 2538 erat
229 2474 378 2555 {insignita
392 2496 499 2536 eorum
510 2472 710 2559 impudentia,
724 2477 783 2538 sibi
794 2473 1006 2541 vindicabant:
1019 2475 1097 2537 nibil
1109 2474 1193 2537 enim
1209 2477 1229 2534 5

58 2559 249 2642 arrogantius
276 2561 332 2639 iis,¹
362 2560 415 2644 qui
443 2561 579 2645 paullum
607 2560 721 2645 aliquid
747 2563 824 2624 ultra
851 2561 966 2646 primas
983 2561 1095 2635 ⁴literas
1121 2580 1196 2646 pro-

60 2648 158 2730 gressi
183 2648 295 2709 ialsam
322 2646 381 2709 sibi
404 2645 558 2708 doctrinae
583 2646 814 2731 persuasionem
833 2645 1007 2709 induerunt.
1048 2645 1104 2710 Isti
1124 2656 1197 2708 sunt

59 2754 140 2820 quos
163 2729 274 2794 Graeci
294 2743 325 2794 et
345 2731 391 2794 M.
411 2729 529 2794 Tullius
550 2733 876 2817 appositissima-voce
897 2726 1197 2815 pouuosurdnrovr

59 2820 266 2907 appellarunt}
293 2818 345 2902 qui
372 2814 513 2902 poeticae
540 2819 705 2896 facultatis,
736 2840 795 2903 qua
816 2820 1048 2904 superbiebant,
1076 2819 1196 2881 nullum

61 2915 277 2986 argumentum
297 2906 434 2988 proferre
455 2904 624 2982 habebant,
645 2904 704 2966 nisi
725 2903 800 2966 illud
825 2905 1069 2967 commentitium
1090 2915 1121 2967 et
1140 2925 1197 2967 va·
1233 2916 1235 2921 ·
1296 2904 1300 2911 “

60 3012 154 3071 rrum,
181 2987 267 3076 quod
294 2989 399 3051 affiatu
425 2987 561 3073 quodam
590 2990 749 3075 repentino
777 2989 936 3053 Musarum
967 2993 1018 3055 vel
1050 2990 1198 3076 Apollinis

61 3077 135 3140 iacti
156 3086 260 3141 essent
278 3074 399 3160 poe'tae.
443 3071 539 3153 Quod
559 3074 650 3154 igitur
673 3077 715 3136 ait
734 3074 865 3150 Persius,
887 3071 960 3138 Nec
979 3070 1078 3160 fonte
1097 3073 1199 3138 lubra

57 3160 185 3251 prolui
201 3157 399 3225 caballino:
428 3181 494 3221 non
514 3170 607 3239 negat
626 3161 761 3245 praecise
787 3159 913 3224 modico
935 3182 970 3223 se
988 3162 1100 3223 haustu
1126 3162 1200 3222 fon-

61 3250 102 3312 tis
122 3246 202 3312 sacri
222 3245 381 3321 Musarum
410 3247 505 3308 fuisse
533 3256 691 3330 potatum,
721 3244 778 3309 sed
806 3267 861 3308 eos
880 3244 998 3325 irridet,
1027 3245 1086 3331 qui
1101 3244 1201 3311 videri

62 3335 214 3401 volebant
232 3342 333 3395 totum
355 3333 443 3394 illum
463 3330 659 3412 exhausisse3
684 3344 716 3394 et
734 3334 863 3395 sortasse
883 3332 1026 3417 privatim
1047 3330 1202 3417 quendam

23 3424 28 3439 ‘
64 3418 256 3504 taugit‚.qui
275 3420 336 3480 tale
360 3415 494 3502 quidde
523 3439 557 3480 se
577 3412 820 3497 νεανικώτερον
840 3419 936 3480 seculi
962 3419 1039 3482 vitio
1059 3414 1133 3481 usus
1154 3421 1201 3497 ja-

63 3515 209 3570 ctaverat.
248 3502 339 3567 aliud
362 3515 408 3567 est
421 3502 544 3566 modica
563 3501 603 3566 de
621 3508 707 3567 fonte
726 3505 840 3583 bibere,
862 3502 945 3566 aliud
965 3525 1000 3566 se
1019 3507 1106 3566 fonte
1128 3524 1201 3588 pro-

63 3594 170 3657 luere:
202 3592 286 3669 cujus
306 3590 394 3655 verbi
414 3590 462 3652 ris
482 3590 653 3652 necessario
674 3591 745 3652 heic
768 3587 971 3675 expendenda
990 3592 1089 3651 fuerat
1107 3589 1203 3651 inter-

65 3678 226 3765 pretibus3
247 3695 405 3760 nunquam
423 3675 579 3738 autemid
600 3678 687 3740 verbi
700 3688 817 3739 temere
837 3687 997 3760 usurpatur
1015 3674 1107 3739 bonis
1127 3675 1203 3737 scri-

66 3764 225 3850 ptoribus,
250 3760 306 3824 sed
322 3782 392 3823 cum
409 3760 547 3829 maximo
563 3764 731 3824 sententiae
744 3762 944 3825 incremento.
987 3760 1111 3824 Plautus
1126 3759 1202 3824 Cur-

41 3856 46 3863 '
68 3849 191 3912 culione
213 3845 250 3926 tl,
272 3851 302 3925 2,
324 3848 377 3925 29]
401 3844 440 3908 de
462 3867 522 3908 anu
543 3849 719 3928 multibiba3
745 3869 813 3932 age
832 3841 970 3934 effunde
989 3844 1052 3910 lroc
1074 3844 1141 3910 cito
1155 3843 1202 3909 In

33 3996 38 4003 ,
67 3932 295 4003 barathrum:
320 3952 471 4018 propere
484 3929 609 4018 prolue
632 3930 793 3998 cloccum·
844 3930 1029 3998 Claudianus
1057 3931 1096 3995 de
1116 3943 1204 4018 raptu

67 4021 148 4085 libro
168 4016 217 4099 11,
240 4017 351 4098 [18912
386 4086 394 4093 ,

258 4166 261 4171 ,
498 4166 502 4171 .
742 4113 839 4169 aetra
856 4102 996 4168 viarum

155 4188 339 4261 Mutavere
355 4184 492 4276 fidem3
520 4189 623 4255 vetito
650 4212 688 4257 cc
716 4189 849 4278 proluit
872 4188 998 4254 Arctoa

155 4274 333 4363 Aequore3
919 4306 923 4321 ι

36 4366 41 4371 ’
71 4378 133 4442 boc
154 4389 218 4459 est,
239 4388 323 4441 tanta
343 4398 445 4455 rerum
465 4378 595 4441 mutatio
615 4381 711 4458 flaua,
733 4388 768 4441 ut
784 4379 837 4442 illa
850 4375 960 4442 ¹sidera
982 4371 1108 4462 polaris,
1129 4389 1208 4458 quse
1239 4405 1241 4411 ·

72 4464 158 4551 prim
176 4482 314 4553 aequore
331 4463 409 4548 tingi
431 4467 625 4546 metuebant,
647 4463 765 4529 affatim
787 4465 881 4528 maris
909 4482 988 4548 aqua
1008 4482 1044 4525 se
1063 4459 1208 4542 areant,

76 4746 418 4855 ,μὶξᾞ
