2700 4972
91 358 208 444 anf
329 341 332 355 ἱ
524 346 935 417 conrnnoramus

123 523 252 590 vitiosos
267 523 427 602 objurgare
438 531 470 585 et
480 520 723 609 increpationum
733 493 904 583 acrimonia
913 506 1250 606 pudoremillissulirm-

125 609 207 672 dere.
230 606 405 687 Suntigitar
411 606 535 684 Satiraeg
541 608 632 686 hujus
643 606 799 687 distinctae
811 619 911 693 partes
925 604 1022 669 duae:
1035 604 1139 691 priore
1150 604 1251 669 amoris

125 697 173 759 sui
186 697 237 760 vel
247 694 349 779 potius
362 694 483 780 pietatis
500 694 728 757 vehementiam
744 704 1058 778 ergapraeceptorem
1077 694 1158 753 bene
1172 688 1251 751 meri-

124 793 193 843 tum
207 779 376 843 Cornutum
389 779 510 863 prolixe.
522 778 618 864 aperit
631 776 684 859 [ad
696 781 804 857 vt29]:
825 798 981 840 auxumam
995 778 1079 839 illius
1090 777 1125 837 in
1139 798 1174 839 se
1188 774 1252 837 edu-

128 864 226 929 cando
237 885 350 943 curam,
366 864 508 927 fidem-ac
520 860 769 927 benevolentiam
784 884 935 948 suumque
949 863 1090 945 vicissim
1099 882 1170 942 erga
1177 861 1251 923 illum

125 972 267 1015 amorem
286 942 509 1013 commemorat
526 950 708 1031 [so-5113
730 948 837 1013 laudes
859 949 991 1034 denique
1010 948 1108 1033 ipsius
1128 959 1159 1009 et
1174 947 1249 1009 totiru

84 1037 92 1045 ’
125 1039 209 1103 vitae
228 1036 311 1099 illius
328 1036 501 1098 institutum
520 1056 557 1098 ac
577 1045 717 1097 tenorem
738 1036 872 1098 subtexit
893 1032 1083 1113 [ss-641:
1112 1044 1249 1118 postremo

101 1118 104 1123 ’
126 1127 318 1203 juventutem
328 1123 474 1200 hortatur,
488 1132 522 1184 ut
533 1132 618 1183 tanto
629 1122 697 1185 viro
707 1121 741 1182 in
754 1119 947 1206 disciplinam
961 1140 997 1183 se
1011 1116 1107 1181 dedat
1124 1116 1249 1197 [assat.

99 1246 103 1257 ι
127 1208 174 1283 Ita
184 1208 220 1269 fit
232 1207 374 1269 transitus
389 1204 429 1269 ad
449 1206 615 1269 secundam
632 1217 768 1291 partem:
791 1210 876 1284 eujus
897 1204 985 1268 initio
1007 1202 1163 1267 desidiam
1180 1206 1249 1283 jure·

75 1330 79 1335 ·
126 1316 205 1357 num
220 1292 353 1355 molliter
365 1293 502 1378 increpat
521 1292 702 1372 [oo-auk
725 1290 838 1354 deinde
857 1287 895 1352 ad
914 1291 1088 1375 libertatem
1106 1290 1176 1353 illos
1193 1290 1249 1351 hor·

72 1428 75 1433 .
126 1390 207 1451 tatur
228 1378 258 1457 [a
270 1398 302 1441 v.
316 1382 359 1444 73
371 1376 411 1441 ad
423 1376 513 1458 lin.]r-
535 1377 605 1439 heic
628 1375 767 1439 Stoicum
783 1375 975 1463 paradoxum
988 1386 1122 1439 muctare
1143 1372 1250 1437 instibtil

78 1496 81 1501 ·
127 1464 266 1529 Persius:
306 1457 469 1526 Omnes
491 1470 681 1547 praeter
708 1460 956 1547 eapientem
991 1464 1142 1525 seruus
1166 1476 1248 1545 etet.

102 1547 344 1615 ,neminem
366 1546 577 1613 liberum:
603 1548 637 1609 in
654 1550 739 1628 cujus
759 1549 827 1610 sciti
849 1568 868 1610 e
909 1545 1053 1611 heatione
1078 1566 1117 1609 ae
1138 1542 1248 1609 dentul-

126 1636 356 1783 strationgtota
378 1633 524 1722 deinceps
543 1633 642 1698 Satira
667 1645 850 1720 occupatum
903 1654 1004 1721 equo
1029 1634 1120 1720 plura
1140 1624 1247 1728 rniffl
1272 1699 1275 1706 ,

125 1743 233 1787 sumus
267 1721 362 1783 ’cturi
413 1776 416 1781 .
961 1746 964 1753 ·
1123 1732 1126 1737 '
1224 1716 1238 1737 ''

202 1805 259 1871 aa
278 1806 439 1883 hararum
458 1802 655 1883 Consanum,
677 1824 773 1867 coros
794 1826 871 1868 rura
892 1802 1245 1879 summasunmna

125 1895 210 1957 hune
241 1892 364 1955 titulum
389 1893 531 1976 antiquae
562 1892 761 1953 membranae
796 1902 828 1953 et
860 1888 1023 1971 Bongarsii
1053 1901 1086 1953 et
1119 1884 1244 1965 Puera}

127 1980 233 2065 paullo
257 1979 352 2040 'aliter
376 1977 408 2039 in
438 1978 503 2040 aliis
529 1977 607 2039 item
632 1977 759 2039 vetustis
789 1974 960 2040 codicibus:
993 1996 1038 2039 ao
1067 1990 1244 2038 mersam

80 2072 231 2131 860suou
245 2062 450 2136 Cortuosam
471 2060 527 2125 sed
548 2060 675 2124 ridic'ulo
693 2082 808 2141 errore,
830 2063 882 2147 qui
896 2073 1000 2125 tamen
1021 2062 1117 2124 etiam
1133 2060 1166 2123 in
1182 2056 1245 2145 opti·

128 2150 174 2213 mi
205 2149 421 2233 clarissimique
450 2146 572 2211 Pithoei
599 2146 734 2209 editione
763 2149 930 2226 remansit,
965 2169 1021 2233 pro
1058 2144 1245 2234 magistrum

129 2256 232 2298 auum
246 2232 572 2321 scripserunt-librarii
595 2231 803 2319 magistrum
834 2231 1000 2319 equitum.
1051 2232 1116 2294 llic
1142 2230 1246 2295 estio·

127 2342 225 2384 naeus
247 2318 424 2399 Cornutus,
460 2318 582 2383 Stoicus
611 2321 838 2405 philosophus,
875 2340 968 2403 quem
997 2338 1015 2379 a
1041 2318 1165 2382 Nerone
1191 2334 1247 2401 pm·

129 2419 200 2493 pter
219 2406 394 2467 liberiorem
415 2405 454 2468 de
472 2408 537 2484 ejus
555 2406 737 2468 carminibus
758 2426 869 2469 vocem
891 2406 1054 2466 multatum
1078 2404 1170 2466 exilio
1186 2402 1248 2463 reia

129 2503 200 2554 runt
212 2489 276 2552 Dio
292 2488 407 2570 [LXIL
419 2490 474 2571 29]
487 2502 518 2552 et
530 2489 681 2559 Eusebius
700 2491 732 2551 in
748 2489 916 2553 Chronico:
937 2493 1034 2552 multa
1057 2488 1097 2552 de
1120 2490 1179 2551 hoc
1189 2486 1249 2549 aaa

130 2587 162 2641 et
179 2578 284 2663 inepta
305 2566 431 2654 Su'idas,
460 2576 508 2637 cui
528 2573 624 2638 lidem
646 2579 761 2639 habere
787 2587 915 2639 caveant
936 2577 1052 2637 tirones
1074 2578 1126 2648 [cf.
1141 2570 1249 2650 I'lnmlr

130 2684 172 2726 ex
183 2660 288 2725 Persio
308 2660 452 2723 discimus
465 2664 641 2745 professum
658 2682 726 2724 esse
741 2660 864 2724 Romae
886 2661 1120 2747 philosophiam
1133 2658 1250 2723 Stoicen

41 2764 47 2771 ·
130 2760 162 2810 et
174 2746 325 2826 juventuti
336 2732 383 2809 ad'
392 2746 558 2832 sapientiae
568 2745 704 2811 studium
720 2748 895 2828 magisterio
909 2768 967 2810 suo
981 2748 1158 2833 praeivisse.
1184 2742 1251 2807 hinl-

129 2844 162 2895 ta
181 2854 254 2895 eum
275 2826 315 2893 in'
331 2833 553 2918 philosophicis
576 2834 746 2918 scripsisse,
770 2834 947 2913 conjicimus
971 2854 1011 2894 ex
1029 2824 1250 2913 Hieronymiod

127 2917 279 2999 Magnmn
302 2928 455 2980 oratorem
473 2920 617 3004 epistola:
646 2930 788 3004 putamus
812 2919 895 2981 enim
912 2920 994 2981 hunc
1015 2918 1085 2981 essa
1101 2917 1252 2999 Cornutum·

127 3005 231 3084 illum,
253 3024 294 3066 ex
307 3023 371 3089 quo
387 3006 483 3066 multa
498 3003 649 3093 Origenes
664 3004 697 3066 in
712 3004 900 3068 Stromateas
922 3024 996 3068 suos
1012 3004 1197 3067 transtulisse
1212 2996 1250 3061 di-

129 3090 214 3163 citur.
255 3088 364 3153 Fuisse
383 3110 458 3154 vero
484 3112 548 3153 non
572 3092 674 3153 solum
701 3091 917 3175 philosophiae
944 3090 1120 3170 cognitione
1144 3090 1249 3163 clam

125 3174 235 3239 sedet
256 3175 322 3238 aliis
334 3173 459 3255 studiis,
480 3176 605 3238 historia
622 3176 733 3256 arguit,
756 3197 848 3261 quam
863 3174 926 3238 Dio
948 3186 1049 3237 narrat
1064 3174 1105 3238 de
1129 3168 1248 3237 adhibito

126 3261 181 3323 illo
197 3258 351 3323 aNerone
365 3263 396 3322 in
414 3262 574 3325 consilium
590 3261 831 3346 superinstituto
852 3262 985 3323 carmine
1006 3259 1046 3323 de
1061 3263 1157 3325 rebus
1169 3256 1247 3341 guib
1287 3268 1292 3383 p

127 3344 241 3409 Rom-r
262 3366 335 3407 nam
351 3344 508 3410 Neronem
531 3348 570 3409 ab
591 3347 676 3408 omni
696 3346 892 3433 philosophia
915 3348 1011 3410 hrisse
1032 3347 1169 3409 alienum
1187 3364 1248 3407 cou-
1290 3386 1292 3398 ·

126 3442 201 3511 stat,
223 3450 323 3515 neque
335 3442 411 3495 vero
427 3452 552 3495 caussae
570 3433 732 3517 quicquam
748 3444 826 3512 erat,
850 3454 902 3509 cur
920 3431 961 3495 de
978 3430 1151 3518 pangendis
1168 3426 1249 3495 vmi-
1289 3404 1292 3477 i

126 3518 184 3580 bus
200 3514 322 3581 Stoicus
342 3520 562 3596 consuleretur,
586 3518 645 3580 nisi
659 3519 752 3581 etiam
769 3517 945 3582 eruditionis
962 3516 1056 3581 laude
1077 3528 1110 3581 et
1132 3514 1250 3603 discipli·

125 3602 175 3664 nis
199 3603 431 3666 humanioribus
450 3605 593 3666 excultus
606 3603 713 3666 fuisset
727 3603 895 3669 cornubus:
944 3625 1016 3667 aare
1030 3602 1095 3666 Dio
1118 3604 1203 3667 illum
1218 3598 1251 3663 tit

127 3682 182 3750 sat
195 3685 329 3771 παιδείᾳ
343 3682 560 3773 εὐδοκιμῆσαι
578 3686 668 3765 τότε,
689 3700 880 3753 nouantem
902 3626 954 3754 ad
968 3689 1173 3777 φιλοσοφίᾳι
1193 3702 1251 3749 om

58 3772 225 3859 (151)igitur
252 3772 284 3836 in
309 3784 439 3860 utroquo
466 3794 578 3857 genera
605 3776 779 3837 excelluerit
801 3774 967 3855 Cornutus,
996 3775 1184 3861 quaestionis
1206 3778 1256 3849 cal,

62 3918 65 3922 .
125 3857 252 3921 idemne
264 3858 315 3920 hic
331 3880 372 3922 an
385 3862 461 3924 alius
471 3862 520 3947 ¹ab
540 3860 601 3922 hoc
617 3860 755 3924 diversus
778 3863 868 3924 luerit
882 3862 1025 3924 Annaeus
1048 3863 1102 3925 ille
1116 3860 1252 3925 comata

126 3944 355 4025 grammaticus,
386 3967 480 4031 quem
501 3947 534 4009 in
551 3946 715 4028 Virgilium
736 3959 766 4009 et
794 3948 870 4010 alios
893 3946 1001 4032 poiitas
1028 3942 1251 4011 commentarios

75 4036 127 4093 sot
134 4028 269 4092 edidisse
289 4042 407 4094 constat
426 4042 457 4093 et
468 4032 571 4117 paullo
586 4045 657 4095 ante
673 4030 765 4097 Gellii
778 4036 961 4096 memoriam
975 4032 1099 4097 Romae
1114 4048 1252 4115 gramma-

127 4115 222 4177 ticam
238 4136 307 4178 esse
328 4120 501 4202 professum
524 4118 564 4195 [v.
589 4115 670 4182 Gell.
689 4116 735 4198 II,
756 4123 793 4195 63
815 4116 877 4193 IX,
899 4125 950 4185 10.
978 4118 1119 4183 lllacrob.
1141 4119 1201 4183 Sat
1216 4112 1253 4192 V,

130 4205 181 4267 19.
199 4198 271 4263 lna
284 4200 393 4282 Virgil.
410 4214 440 4265 et
453 4202 571 4267 Fabric.
587 4203 669 4268 Bibl.
683 4200 736 4267 Gr.
750 4202 858 4267 T.111.
876 4225 906 4289 p.
923 4206 995 4271 557.
1014 4205 1132 4285 Harl.]:
1153 4204 1253 4267 dehoc

118 4298 226 4435 tta
240 4285 629 4461 {tassimata
650 4292 859 4459 tarta
873 4313 1114 4456 0
1132 4290 1254 4441 aaa

128 4456 274 4544 quodam,
295 4459 350 4525 ubi
362 4458 442 4524 inter
453 4461 513 4523 alia
529 4458 699 4525 Cornutum
707 4460 864 4549 scripsisse
880 4456 938 4539 τὰς
954 4458 1145 4548 ῥητορικὰς,
1157 4459 1258 4545 ‘inm
