2700 4972
331 106 335 111 ’
369 86 432 203 an
462 136 637 203 reasn
665 135 983 241 sarturas-ru.
1188 148 1254 209 aas

107 311 187 371 baec
201 318 249 373 est
258 310 388 396 scriptu:
411 313 497 390 cujus
512 311 570 375 etsi
585 310 763 395 praecipuus
779 318 843 371 erat
858 330 970 393 scopus
983 308 1017 373 in
1030 308 1188 375 Neronem
1203 300 1253 374 in-

106 395 182 459 vehi
195 405 288 479 atque
301 397 406 481 ipsum
420 397 540 461 satirico
565 398 630 461 sela
644 395 807 473 defricare,
830 393 914 479 quod
933 393 1046 481 Remp.
1068 398 1252 483 suscepisset

105 480 339 560 gubernandam
356 493 440 543 tanto
454 484 540 545 oneri
558 503 681 567 prorsus
694 482 807 567 impar,
830 478 973 565 quodque
994 492 1074 545 esset
1092 482 1173 545 illins
1187 484 1251 547 vita

104 565 235 631 libidine
250 568 378 652 ahisque
389 568 470 631 vitiis
484 569 623 630 infamis:
645 569 689 629 sic
704 579 808 629 tamen
820 565 913 653 pob'ta
931 567 965 629 in
985 568 1047 629 hoc
1069 581 1249 647 argumento

102 650 307 732 indignationi
319 675 393 715 suae
406 656 543 717 habenas
551 654 722 731 laxavitut
728 674 830 738 neque
841 654 943 737 palam
950 673 1050 737 neque
1063 654 1160 737 plenis
1171 656 1250 719 vetis

50 774 61 781 -
102 737 136 799 in
148 734 425 819 flagitiosissimum
430 740 598 826 principem
610 738 814 817 inveheretur,
823 758 931 802 verum
942 748 1020 801 tecte
1032 750 1063 801 et
1070 740 1249 821 langemel-

103 824 160 886 lius
169 827 323 909 quarnvel
331 836 437 888 natura
449 825 545 911 ipsius
558 828 675 887 ferebat
684 826 735 888 vel
743 824 874 887 Neronis
886 822 1000 903 flagitia
1013 846 1048 886 ac
1058 826 1173 887 scelera
1180 846 1249 889 me-

102 911 263 991 rebantur3
283 931 342 975 nos
355 922 458 973 autem
471 923 612 996 putamus
622 922 689 972 tum
699 910 842 996 scriptam
855 930 923 973 esse
936 906 1163 991 hancSatiram,
1176 933 1249 975 curn

102 992 246 1057 nondum
266 1006 348 1057 totns
360 997 534 1077 innotuerat
547 996 647 1075 Nero,
670 999 754 1075 cujus
774 994 956 1081 principium
970 992 1061 1059 laude
1079 994 1170 1082 digna
1190 998 1249 1073 ha-

104 1081 167 1143 buit
178 1083 301 1163 multa,
321 1080 379 1144 sed
393 1083 552 1159 simulata,
580 1104 644 1145 non
660 1103 734 1145 vera
746 1082 804 1143 luit
818 1076 870 1143 illa
884 1080 996 1159 virtus,
1017 1102 1089 1143 cum
1109 1080 1172 1146 suis
1189 1082 1248 1145 ssa-
1338 1124 1346 1135 f

104 1166 184 1245 gitiis
196 1188 231 1229 ac
247 1166 412 1230 sceleribus
427 1168 514 1229 initio
528 1170 701 1232 velamenta
715 1177 888 1252 quaereret,
910 1177 944 1229 ut
962 1178 1083 1237 narrant
1100 1166 1246 1233 historici.

103 1250 188 1313 Viris
211 1253 372 1331 gravibus,
405 1254 515 1337 quibus
538 1255 663 1315 interior
679 1252 811 1315 Neronis
828 1253 891 1314 sita
913 1273 978 1315 non
1000 1263 1066 1315 erat
1083 1253 1248 1333 incognita,

104 1340 200 1401 rerba
215 1336 281 1399 dari
293 1360 357 1399 non
395 1350 530 1417 oterant,
550 1361 651 1424 neque
672 1340 733 1399 ulla
754 1338 948 1401 simulatione
972 1337 1070 1417 ellici,
1099 1338 1172 1423 quin
1194 1360 1248 1402 su-

104 1434 241 1507 spectam
254 1426 319 1502 ejus
334 1360 473 1486 indolem
486 1426 649 1505 haberent3
672 1436 779 1508 postea
796 1424 895 1509 coepit
917 1424 1074 1507 paullatim
1086 1426 1248 1487 manifesta

106 1509 171 1570 lieri
185 1509 274 1595 illius·
289 1504 420 1572 monstri
441 1510 631 1573 immanitas:
655 1531 716 1595 qno
740 1521 879 1594 tempore
903 1506 1024 1573 videtur
1043 1510 1104 1571 hoc
1125 1530 1248 1573 cannen

105 1594 201 1657 fuisse
225 1596 450 1679 compositum:
485 1596 528 1657 ita
554 1597 638 1657 enim
662 1595 804 1657 meminit
824 1592 987 1659 libidinum
1009 1597 1075 1672 ejus
1093 1596 1247 1680 principis,

106 1680 192 1763 quasi
206 1691 275 1741 turn
286 1680 387 1765 primo
400 1682 482 1744 ritae
495 1684 561 1760 ejus
574 1684 726 1744 obscenae
743 1681 848 1765 opinio
862 1679 980 1741 sinistra
993 1678 1027 1740 in
1037 1680 1147 1759 vulgus
1161 1702 1248 1743 erna-

105 1775 222 1830 nasset:
251 1764 517 1851 quemadmodum
536 1787 593 1830 suo
609 1768 678 1828 loco
699 1778 744 1828 est
764 1786 783 1826 a
804 1766 895 1828 nobis
917 1763 1094 1827 indicatum.
1139 1765 1234 1830 Porro
1243 1772 1297 1829 817

106 1852 286 1935 hypothesis
302 1864 332 1913 et
348 1850 524 1935 οἰκονομία
537 1852 654 1915 Satirae
668 1852 761 1915 totius
772 1853 815 1913 ita
835 1852 938 1913 habet.
980 1849 1091 1913 Statim
1107 1851 1139 1911 in
1158 1852 1247 1937 prin-

106 1938 183 2021 cipio
204 1938 421 2015 accusationis,
442 1958 535 2023 quarn
554 1938 698 2013 instituit,
726 1958 882 2000 summam
903 1958 1079 2021 proponens
1090 1936 1248 2000 Neronem

104 2024 256 2103 objurgat,
281 2021 363 2107 quod
377 2022 490 2109 Remp.
511 2026 678 2104 gubernare
699 2022 912 2103 aggrederetur
935 2025 1000 2101 ejus
1022 2024 1137 2102 negotii
1157 2033 1248 2107 atque

91 2106 182 2191 'adeo
206 2109 377 2189 πολιτικῆς
398 2111 490 2173 totius
512 2109 633 2195 penitus
653 2110 774 2189 ignarus
796 2107 933 2187 [t-ttt,
977 2106 1187 2188 Ignorantiam
1208 2130 1246 2171 eo

101 2196 226 2278 probat,
247 2195 319 2277 quia
335 2194 408 2279 quid
422 2198 537 2274 justum
550 2206 644 2273 esset,
665 2193 738 2279 quid
750 2195 910 2273 injustum,
928 2192 1001 2295 tpuid
1014 2191 1144 2279 Reipub.
1163 2195 1246 2273 utile,

102 2278 177 2364 quid
187 2279 312 2357 inutile,
330 2282 486 2359 cognitum
501 2302 565 2342 non
581 2283 709 2344 habeat:
731 2280 809 2342 circa
820 2300 898 2363 quae
913 2300 974 2361 την
987 2274 1160 2362 πολιτικήν
1175 2300 1246 2343 ver-

102 2366 160 2427 sa'ri
177 2386 274 2431 nemo
296 2377 399 2449 potest
420 2368 559 2446 ignorare
580 2365 745 2447 [9-16].
787 2363 877 2427 Aliud
900 2363 1012 2427 deinde
1033 2377 1246 2445 argumentum

64 2502 70 2515 .
100 2449 221 2531 adjicit,
244 2449 329 2537 quod
347 2452 491 2513 nimirum
507 2475 571 2514 non
592 2455 651 2533 τῆς
674 2446 846 2533 sotietate
867 2452 985 2530 solum,
1013 2432 1069 2513 sed
1092 2452 1124 2513 in
1146 2463 1246 2513 tetum

100 2537 262 2613 universae
277 2537 493 2623 philosophiae
511 2549 592 2601 esset
605 2530 770 2620 ἀμύητοςε
791 2535 874 2599 unde
890 2538 992 2615 lieret,
1014 2547 1049 2597 ut
1062 2535 1177 2600 devita
1196 2559 1246 2599 re-

100 2633 147 2685 cte
159 2621 347 2685 instituenda
359 2644 400 2685 ne
416 2624 577 2704 cogitasset
591 2622 731 2708 quidem,
752 2622 809 2686 sed
820 2623 887 2685 sola
904 2620 1022 2701 generis
1036 2624 1245 2707 praerogativa

100 2719 130 2771 et
143 2708 280 2793 potentia
302 2710 397 2771 fretus
411 2710 618 2795 voluptatibus
632 2732 701 2772 sese
723 2708 849 2771 dederet
865 2706 920 2787 [17
929 2742 966 2755 -
978 2709 1043 2786 22l·
1087 2704 1245 2787 Quoniam

99 2806 206 2857 autern
223 2793 357 2857 mirnurn
371 2795 433 2874 egit
451 2794 534 2859 ttero
554 2796 675 2879 imperii
691 2796 740 2857 sui
761 2794 864 2871 initio,
891 2796 926 2854 'ut
938 2791 1036 2855 modo
1058 2791 1245 2873 dicebamus,

101 2878 280 2943 domesticis
300 2890 332 2943 et
352 2880 550 2944 intercutibus
573 2882 655 2944 vitiis
676 2880 789 2965 turpis,
810 2878 932 2964 publice
954 2871 1055 2954 καλός
1075 2870 1243 2960 edyssae.-

100 2986 161 3050 quo
175 2965 370 3029 securitatem
381 2968 462 3028 hanc
473 2967 503 3029 ei
515 2964 631 3028 adimat
643 2966 779 3043 Persius,
795 2965 931 3050 pluribus
945 2962 1080 3049 disputat
1090 2986 1156 3025 non
1170 2986 1245 3050 pes-

50 3074 55 3081 ·
99 3073 134 3115 se
148 3051 234 3130 fieri,
258 3061 292 3113 ut
303 3054 480 3137 cujusquam
492 3052 566 3117 vitia
578 3054 706 3115 lateant:
731 3056 802 3113 'cum
820 3051 862 3111 ita
882 3050 922 3111 sit
938 3060 1063 3112 naturae
1084 3070 1243 3135 compara-

100 3148 185 3217 tum,
202 3136 284 3199 utin
300 3130 399 3199 alieni
410 3149 533 3223 peccata
548 3159 657 3200 omnes
668 3140 807 3200 lubenter
816 3134 976 3219 inquirant,
989 3156 1115 3197 suorum
1128 3138 1241 3201 securi:

97 3244 194 3309 quam
206 3224 392 3287 sententiam
408 3225 460 3285 ubi
471 3224 504 3285 in
519 3245 630 3303 genere
640 3224 744 3287 multis
761 3222 900 3285 versibus
921 3220 973 3297 [23
983 3218 1083 3301 —48]
1107 3232 1153 3284 est
1171 3244 1244 3307 per-

99 3319 240 3373 secutus:
263 3306 305 3382 ad
316 3306 477 3373 Neronem
491 3308 603 3371 deinde
614 3311 726 3372 iterum
740 3306 818 3371 redit
832 3318 861 3369 et
874 3310 1053 3391 probrosam
1068 3310 1132 3386 ejus
1148 3310 1244 3371 vitam

101 3396 160 3457 liae
173 3394 296 3461 ratione
308 3392 479 3458 innotuisse
493 3395 658 3475 significat:
679 3417 720 3457 ne
732 3398 837 3455 sucum
849 3394 939 3473 igitur
956 3392 1015 3455 sibi
1034 3392 1161 3478 aliisque
1175 3416 1243 3457 am-

101 3480 182 3565 plius
206 3482 336 3559 faceret,
364 3480 422 3544 sed
446 3480 485 3543 de
506 3482 569 3545 vita
592 3479 783 3544 emendanda
801 3480 883 3543 serio
903 3479 1046 3557 cogitaret
1068 3476 1242 3559 [ta-501.
1301 3506 1305 3511 ·

98 3565 224 3629 Sciebat
237 3586 312 3631 vero
325 3564 446 3631 Persitn
460 3588 524 3629 non
538 3566 696 3630 defuturos
707 3568 739 3629 in
756 3568 825 3627 aula
835 3562 1092 3627 Neronissoedos
1107 3576 1243 3627 assenta-

100 3663 196 3731 tores,
224 3650 278 3737 qui
300 3652 345 3713 illi
365 3650 602 3738 persuaderent,
618 3652 712 3739 ¹quod
731 3653 804 3715 satis
826 3661 907 3712 esset
924 3649 1027 3735 ipsum
1044 3670 1152 3751 sapere
1172 3648 1242 3730 sibi,

96 3758 198 3823 neque
214 3748 269 3799 aut
279 3738 494 3825 philosophiae
508 3751 561 3801 aut
575 3740 692 3803 vinum
705 3736 841 3801 studium
852 3736 1066 3799 vehementius
1077 3736 1121 3797 rlli
1134 3758 1240 3799 neces-

97 3826 232 3887 sarium:
254 3835 412 3909 propterea
433 3846 451 3887 a
466 3824 643 3910 perniciosis
661 3825 790 3887 istor-mn
806 3821 1060 3885 assentationibus
1075 3820 1104 3883 N
1106 3839 1291 3892 eronemats

98 3921 226 3973 conatm
238 3902 375 3973 avertere
389 3922 435 3989 et,
455 3922 490 3972 ut
511 3933 552 3973 ne
575 3912 641 3973 aliis
659 3912 727 3994 plus
748 3907 841 3970 dese
861 3928 954 3993 quam
973 3906 1108 3993 sibiipsi
1130 3906 1240 3986 credat,

96 3997 249 4075 hortatur:
259 3988 499 4059 sintellectururn
513 3998 597 4059 enim
608 3998 714 4075 facile,
735 3995 821 4057 sisui
838 3994 1006 4079 periculum
1017 3994 1132 4070 lecerit,
1148 4015 1240 4079 quarn

95 4081 198 4145 nudus
208 4083 250 4145 sit
265 4083 304 4143 ab
322 4082 464 4146 omnibus
478 4083 639 4147 virtutibus
657 4093 688 4144 et
706 4083 745 4143 ab
757 4080 817 4142 illis
830 4080 943 4143 artibus
958 4080 1140 4163 imparatus,
1164 4101 1240 4163 qua-

94 4190 163 4231 rum
185 4167 296 4231 notitia
317 4166 521 4255 llespublicae
536 4172 620 4233 bene
636 4189 672 4230 ac
690 4167 819 4229 feliciter
841 4164 1086 4227 administrantur
1109 4164 1161 4241 [51
1178 4166 1237 4249 sq]-

93 4255 154 4318 llic
172 4265 223 4318 est
242 4254 336 4319 totius
361 4255 503 4319 carminis
525 4258 618 4335 hujus
637 4263 818 4339 conspectus
840 4273 876 4313 ac
897 4253 1000 4315 series.
1043 4250 1143 4321 Probe
1164 4270 1239 4315 tero
