2700 4972
1053 78 1057 87 ι
1106 72 1124 92 ,Ι

999 102 1005 111 x
1057 90 1060 95 .

1196 121 1201 131 ι

1290 322 1295 329 ι

95 484 194 553 taedia
214 483 286 550 ideo
305 479 363 549 καῖ
378 476 574 588 σκληρότητι
590 478 648 551 cot
665 473 757 589 cinge
774 476 887 568 καὶιῇ
909 474 1131 633 ξυμπᾶερςεῖ
1199 500 1249 547 ιε’

23 614 26 621 ·
98 570 154 640 καὶ
169 568 356 657 δυσπαθείᾳ
373 573 459 635 πεῖν
474 565 515 654 δή
541 589 574 634 τι
585 571 875 650 παραλλαττονσιν
890 566 999 652 cistis
1013 586 1078 648 παρ
1101 500 1239 645 inguim

48 653 244 737 (ῖωᾶπασοῖν
264 659 333 723 τῶν
351 649 477 732 ἄλλον,
506 654 548 718 ait
568 652 746 720 Galenusin
768 651 826 718 VI.
849 653 890 717 de
905 676 963 719 usu
984 665 1078 741 pana
1099 663 1132 716 at
1148 674 1240 740 pree-

86 746 195 808 ¹durae
208 755 313 806 tamen
327 761 391 804 non
415 752 501 820 sunt,
522 762 563 805 ne
583 744 675 828 plane
695 743 801 802 fierent
820 735 963 816 ἀπαθεῖς
983 762 1018 803 ac
1040 740 1108 804 sine
1130 760 1240 802 sensu:
1292 756 1295 819 g

102 840 229 894 cornea
249 828 319 890 heic
341 849 398 913 pro
417 825 508 891 valde
530 824 617 890 dura.
661 826 797 890 Catullus
823 825 960 905 [XXIIL
986 829 1060 907 121:
1093 836 1241 910 corporo
1290 822 1295 891 1

102 915 252 980 sicciora
270 934 395 991 νοτιτιις
423 911 507 999 apud
523 910 661 989 Dionem
679 911 935 994 Chrysostomum
953 915 1185 994 ιιερεποποιεῖν
1201 902 1241 975 cd
1292 898 1295 919 ¹

103 996 273 1087 βλέφαρα,
295 1020 421 1063 corneo
439 994 583 1060 reddere
599 999 666 1063 sive
682 994 782 1060 duro.
827 996 972 1081 Sidonius
994 998 1130 1061 intortio
1146 996 1240 1099 Epist.

106 1090 172 1176 [epf
186 1087 236 1165 13]
252 1105 380 1148 corneo
393 1086 513 1160 crura,
537 1103 663 1146 corneo
682 1080 897 1146 substantias
917 1083 1003 1147 idem
1018 1082 1162 1148 Persium
1173 1082 1242 1145 rmi-

104 1186 184 1237 tatus
197 1168 323 1234 Gelonis
339 1170 442 1249 tribuit
454 1169 541 1231 initio
554 1171 622 1233 libri
634 1169 691 1233 IV.
706 1166 814 1231 cordo
834 1189 961 1232 corneo
974 1165 1154 1255 fibrasque
1166 1164 1240 1258 glo

107 1256 238 1325 ciclos.-
257 1257 392 1319 imitatur
407 1266 437 1317 et
450 1255 539 1334 alibi,
561 1266 596 1316 ut
607 1256 684 1319 libro
699 1253 776 1318 VIII
791 1256 850 1342 [ep.
867 1258 948 1338 11.]:
1058 1314 1061 1319 .

192 1338 293 1404 Saxo
315 1349 349 1404 et
374 1337 501 1404 roboro
523 1360 734 1427 corneasque
756 1335 871 1423 fibros
926 1400 929 1405 .

192 1425 313 1493 Mottic
334 1423 540 1511 dulciloquo
563 1446 712 1489 canorus
739 1435 836 1502 (ινῖες
1276 1494 1279 1507 Ι

109 1525 140 1578 at
151 1513 273 1578 Persius
291 1514 463 1576 Homerum
481 1510 616 1590 videtur,
642 1516 726 1593 cujus
747 1524 793 1575 est
810 1532 918 1576 versus
939 1506 980 1572 de
991 1507 1102 1590 Ulysse
1117 1528 1245 1573 uxorem

58 1610 94 1666 92
109 1610 180 1688 post
192 1620 307 1662 annum
322 1600 508 1679 vigesimum
524 1598 590 1659 sine
603 1599 666 1660 ullo
683 1598 777 1660 animi
790 1609 877 1661 motu
888 1598 1027 1659 intuente
1034 1588 1146 1674 [OdeI
1147 1594 1244 1699 ,21th

192 1677 382 1771 'Opbcigoi
412 1678 444 1747 δ’
466 1676 547 1831 3νεί
574 1678 657 1765 κέρα
684 1680 825 1749 ἒειαοαν
855 1683 955 1770 [prior
977 1679 1045 1745 ed:
1080 1664 1187 1762 duel,
1210 1674 1246 1764 ab
1293 1738 1295 1745 .

445 1780 466 1832 ο
544 1789 590 1843 ος.
1095 1778 1098 1791 ’

24 1850 27 1855 ’
111 1853 214 1919 Etiam
230 1857 324 1935 vulgo
336 1853 458 1917 Romae
473 1789 615 1917 cdrbcoc
630 1856 784 1919 vocabant
797 1847 879 1928 ποεῖς
894 1846 1036 1926 ἀπαθεῖς
1055 1860 1088 1912 et
1106 1850 1249 1915 humanis

101 1943 271 2008 effectibus
288 1950 423 2003 carentes
439 1952 469 2002 et
483 1940 592 2025 quibus
606 1952 713 2003 natura
735 1951 875 2003 concreta
894 1948 996 2001 essent
1017 1956 1107 2015 ossa,
1128 1947 1166 1999 nt
1179 1936 1249 1999 scri-

112 2028 159 2092 bit
170 2027 286 2090 Plinius
300 2027 353 2088 lib.
365 2024 437 2088 VII.
452 2046 517 2110 cap.
531 2022 626 2088 XIX.
641 2026 724 2107 [coll.
733 2025 865 2104 XXXI,
880 2029 909 2090 9·
925 2020 1013 2102 Pldt
1033 2024 1129 2102 vulgo
1143 2018 1251 2086 Graeci

113 2113 258 2174 homines
287 2111 321 2172 in
340 2111 499 2173 affectibus
521 2111 621 2172 lentos
647 2114 800 2176 vocabant
827 2110 866 2173 de
896 2109 1074 2172 nominibus
1099 2108 1252 2188 lignorum

114 2197 343 2285 praedurormn,
356 2197 433 2258 ilicis
448 2206 479 2258 et
491 2197 595 2273 aceris,
617 2195 792 2276 πρινίνους
809 2193 866 2261 καὶ
882 2191 1170 2278 οφενδαμνῖνονςε
1191 2192 1256 2277 Sy*
1293 2208 1295 2217 ·

57 2286 61 2295 ’
115 2284 236 2346 nesius:
259 2282 321 2346 ποεῖ
337 2282 457 2345 λοιποῦ
473 2279 707 2368 σφενδαμνῖνῳ
728 2304 788 2366 μοι
810 2279 865 2346 καὶ
882 2275 1102 2364 ἀκλινεοτέρῳ
1121 2274 1253 2346 συνέσε-

117 2372 199 2436 σθαι
223 2367 256 2430 id
270 2378 331 2446 est,
353 2367 451 2430 amori
463 2379 566 2429 vestro
581 2370 716 2448 nonita,
737 2380 771 2431 ut
786 2379 889 2446 antea,
910 2366 1088 2447 indulgebo.

203 2451 263 2518 48.¹
278 2449 349 2529 Sed
361 2448 640 2539 rictijioeche
658 2465 919 2541 extremumque
935 2471 1006 2515 csse
1022 2470 1146 2513 recuso
1154 2446 1253 2538 Euge

120 2538 217 2602 tuum
237 2545 271 2599 et
289 2534 399 2619 cette]
426 2535 582 2618 Laudem,
603 2539 715 2625 inquit,
737 2562 803 2602 non
827 2561 956 2625 respuo:
983 2536 1041 2600 sed
1063 2558 1119 2622 pro
1141 2537 1205 2601 fine
1225 2547 1256 2599 et

119 2625 227 2686 ultimo
250 2644 346 2710 scopo
367 2645 437 2686 eam
457 2623 536 2685 mihi
554 2645 727 2711 proponere
749 2629 833 2688 nolo.
885 2624 1024 2690 Omnino
1047 2621 1189 2685 Stoicum
1206 2642 1256 2687 ιε-

118 2711 256 2797 pientem
279 2731 318 2772 ex
340 2709 389 2772 his
412 2709 502 2771 facile
520 2731 684 2790 agnoscas:
707 2713 800 2775 utitur
819 2711 903 2774 enim
925 2709 1118 2772 distinctione
1134 2706 1255 2773 Stoico-2

118 2818 206 2874 rum,
234 2795 300 2857 sine
321 2798 404 2875 cujus
429 2794 537 2856 notitia
560 2797 642 2857 hune
670 2801 775 2860 Iocum
796 2801 876 2861 bene
897 2794 1086 2880 interpretari
1108 2805 1254 2857 nonest

119 2881 199 2944 Heio
213 2900 288 2970 yero
304 2881 459 2943 observari
473 2900 491 2940 a
503 2880 646 2944 studiosis
661 2882 757 2946 Persii
775 2886 932 2947 volumus:
954 2883 982 2944 si
997 2903 1036 2942 ex
1051 2880 1180 2965 antiqua
1194 2883 1258 2959 ejus

12 2998 26 3029 ·.
119 2968 183 3031 vita
196 2967 381 3029 nesciremus
397 2976 449 3026 aut
460 2967 573 3047 ¹conjici
593 2968 715 3032 aliunde
733 2991 798 3031 non
818 2965 1060 3056 possetSto'icae
1080 2964 1258 3052 disciplinae

120 3054 204 3114 hunc
218 3053 318 3123 sitisse,
337 3054 511 3130 alumnum,
533 3064 637 3119 tamen
657 3076 697 3117 ex
716 3076 754 3118 eo
776 3054 891 3140 liquido
912 3053 1050 3140 potuisse
1069 3052 1163 3115 nobits
1185 3074 1259 3114 con-

120 3149 208 3216 stare,
231 3136 314 3223 quod
327 3136 458 3201 subinde
473 3136 513 3200 ad
531 3139 601 3201 finis
617 3142 907 3228 contemplationem
926 3160 984 3201 nos
998 3148 1131 3202 revocat.
1176 3136 1259 3202 Gon-

121 3225 255 3288 sentiunt
277 3245 351 3286 sane
371 3244 481 3285 omnes
508 3225 675 3310 sapientiae
700 3227 838 3308 magistri
860 3224 1015 3288 doctrinae
1044 3224 1172 3287 moralis
1193 3244 1260 3287 esse

120 3309 303 3395 principium
323 3311 517 3392 maximeque
535 3311 742 3375 necessarium
762 3310 838 3374 iliud
857 3322 961 3397 caput,
985 3310 1162 3394 quotenus
1180 3309 1261 3375 vine

1 3408 3 3421 '
121 3394 329 3480 propositum,
357 3395 418 3454 hoc
440 3406 486 3455 est
505 3395 575 3458 finis
597 3408 627 3458 et
649 3419 807 3460 summum
825 3397 960 3459 hominis
980 3398 1117 3476 bonum,
1147 3394 1262 3459 consti·

121 3481 231 3544 tuitur:
254 3481 315 3541 hoc
336 3479 419 3542 euim
440 3478 492 3562 qui
507 3481 587 3542 norit
606 3484 733 3546 unicum
752 3486 866 3570 probe,
889 3482 995 3544 omnia
1017 3502 1090 3544 eum
1110 3482 1263 3545 recte‘fn-

19 3611 22 3621 .
124 3577 258 3644 crurum,
279 3566 339 3626 hoc
357 3575 403 3627 est
417 3563 588 3649 sapientem
602 3570 753 3647 futurum,
775 3569 897 3645 Marcus
909 3567 1029 3630 Tullius
1051 3567 1094 3629 eit
1115 3567 1150 3631 In
1163 3565 1207 3631 V.
1224 3564 1264 3631 de

122 3651 236 3713 finibus
257 3649 298 3728 [6‚
320 3646 348 3732 ᾗ.
370 3651 438 3729 15];
467 3647 615 3736 cognitis
634 3672 752 3734 rerunt
762 3650 919 3739 finibus,
945 3673 1027 3716 cnm
1048 3647 1264 3741 intelligitur

71 3761 107 3817 93
126 3732 211 3822 quid
229 3735 275 3799 sit
296 3732 513 3797 othonorum
531 3745 725 3801 extremum
743 3749 778 3802 et
797 3738 986 3816 malornm,
1010 3736 1149 3803 invento
1171 3737 1265 3803 vitoe

121 3818 183 3885 νὶα
201 3828 252 3883 εει
277 3818 574 3908 conformatioque
593 3823 748 3889 omnium
775 3822 1000 3916 officiorum
1029 3836 1060 3887 et
1079 3846 1113 3888 sa
1193 3824 1266 3889 eIibi

123 3896 226 3989 idem3
257 3917 292 3969 et
304 3906 369 3970 Dio
392 3905 628 3988 Chrysostomus
648 3911 680 3973 in
700 3913 787 3975 tertia
808 3913 847 3976 de
867 3913 962 3994 gloria
982 3911 1038 3991 [or.
1061 3911 1124 3975 LX
1235 3933 1266 3998 p.

124 3998 196 4059 617.
215 3994 288 4079 pri:
311 3987 457 4068 ὁοννεὶς
476 3989 562 4076 πρὸς
583 3995 616 4059 τί
638 3990 772 4078 ὁρῶντα
796 3996 854 4064 παῖ
874 3998 908 4062 πῖ
927 3995 1136 4079 βουλόμενον
1156 3992 1266 4061 πάνια

123 4071 164 4143 coi
182 4073 265 4142 ἄλλα
289 4075 351 4163 χρὴ
368 4074 524 4158 πράττειν
543 4077 600 4144 καὶ
623 4081 832 4166 οἰκονομεῖν,
856 4079 986 4148 ἅπανια
1007 4077 1050 4147 ἂν
1070 4078 1267 4167 disposicio

127 4158 373 4244 διαπράττοιτο,
395 4162 451 4228 καὶ
470 4160 509 4229 τὰ
525 4165 622 4246 μείζω
638 4167 807 4234 δοκοῦντα
826 4167 883 4234 ναὶ
895 4164 937 4233 cci
949 4162 1178 4252 scorpiuron·
1203 4167 1267 4234 Ga·

22 4298 25 4303 .
125 4253 213 4314 lenus
233 4272 354 4336 quoque
375 4251 455 4314 serio
478 4252 609 4314 affirmet
626 4254 660 4317 in
681 4255 925 4319 consideratione
943 4255 1013 4319 finis
1034 4257 1268 4339 caussamcffe·

125 4337 249 4401 obicem
265 4337 355 4401 sitam
376 4352 444 4399 esse
464 4338 618 4400 humanae
634 4339 799 4406 felicitatis:
820 4337 857 4406 ἐν
869 4344 910 4425 τῇ
927 4337 1003 4422 περὶ
1020 4336 1140 4419 τέλους
1157 4338 1284 4420 uiuet·

126 4417 164 4488 ri
178 4424 281 4504 κῦρος
303 4418 371 4489 ἐστὶ
393 4423 454 4507 τῆς
467 4416 685 4511 ἀνθρωπίνης
695 4418 1076 4533 coronantem-annm
1094 4441 1190 4494 vocnt
1201 4424 1269 4514 'cair

92 325 137 393 ao
231 275 235 289 ⁸
460 307 870 383 connumeratus
