2700 4972
166 351 232 419 σω
536 332 941 439 couururrutus

168 519 386 584 eliercbantur:
420 509 473 600 qui
494 526 604 575 omnes
630 512 774 575 funerum
793 508 867 573 ritus
891 508 1029 595 itemque
1055 509 1109 573 alii
1125 509 1217 575 toties
1234 515 1286 593 jan
1326 534 1339 555 ⁸

169 602 322 668 observati
341 598 480 685 adeoque
502 596 640 659 illustrati
657 595 929 661 eruditissimorum
954 594 1119 658 hominum
1137 596 1285 679 diligentia,
1327 602 1339 639 t

169 703 204 752 ut
218 691 250 751 in
263 688 301 750 iis
318 688 398 751 velle
414 684 484 747 heic
504 683 661 745 irmnorari
678 703 900 767 supervacuum
921 681 962 744 sit
981 702 1017 743 ac
1033 678 1127 767 plane
1142 686 1285 767 φορτικῆς
1328 688 1339 725 ²

169 768 434 857 λογοδιαρροίας.
475 766 540 859 Qui
553 779 624 831 aute
643 788 703 831 nos
720 768 802 829 hune
814 767 942 852 'politam
960 777 1138 848 tractarunt,
1161 770 1286 835 sinolu
1329 774 1339 811 ῑ

93 920 98 935 ,
170 857 381 943 αναγνωσίαν
393 852 597 933 suamjudicii
611 854 783 915 maturioris
801 856 865 916 sale
887 850 1091 932 condiissent,
1112 855 1224 917 honori
1240 876 1286 917 suo
1330 842 1339 897 1

169 945 281 1011 melius
294 942 529 1005 consuluissent:
551 960 645 1025 quam
662 941 758 1001 multa
774 938 1018 1023 euimpeccant?
1039 949 1084 999 ut
1104 961 1177 1001 curn
1195 942 1288 1003 tubam
1334 946 1339 953 '

174 1026 226 1093 'ro
248 1030 325 1091 riam
336 1026 437 1111 iusseri
447 1024 571 1112 publico
591 1025 707 1087 faciunt
726 1022 867 1101 [sonabat
883 1034 1001 1085 tantum
1021 1023 1055 1085 in
1075 1021 1247 1105 indictiva,
1262 1046 1287 1089 r.
1334 1032 1339 1067 ³

169 1052 249 1197 ilii
269 1134 340 1177 cum
361 1134 401 1175 ex
423 1109 616 1173 candelarum
633 1110 789 1171 mentione
810 1112 902 1173 funus
922 1111 1066 1172 acerbum
1082 1111 1155 1173 heic
1176 1109 1307 1174 drausii.
1333 1116 1340 1187 ζ

172 1203 357 1280 conjectant:
381 1218 442 1282 quo
456 1194 528 1282 quid
544 1194 726 1260 absurdius?
747 1215 822 1257 nam
838 1194 932 1280 polita
949 1193 989 1257 de
1002 1194 1071 1259 viro
1084 1195 1230 1283 loquitur,
1248 1196 1289 1281 qui
1335 1232 1340 1271 3

172 1290 207 1353 in
224 1287 297 1350 vino
320 1294 351 1346 et
364 1285 431 1345 aliis
450 1281 655 1366 voluptatibus
676 1280 728 1343 diu
746 1301 781 1343 se
800 1280 1001 1359 volutaverit,
1021 1292 1189 1369 perpetuus
1203 1282 1290 1367 philo·

174 1369 394 1459 soplriae'osor
408 1379 439 1430 et
461 1370 650 1445 contemtor,
670 1389 735 1427 nou
757 1364 796 1427 de
814 1366 1000 1451 infantelaut
1037 1386 1114 1429 uero
1133 1364 1305 1447 vel-udulr-¹
1337 1388 1340 1399 ’

174 1468 295 1529 scente,
316 1456 400 1533 cujus
413 1463 538 1539 peecata
553 1462 636 1515 aetas
652 1453 761 1519 merito
784 1452 981 1515 excusaverit.
1016 1386 1096 1539 ipsa
1109 1452 1244 1533 Persius,
1259 1450 1291 1515 ab
1338 1460 1340 1533 j

175 1565 236 1628 qam
245 1540 408 1602 hominum
423 1559 532 1618 genere
546 1538 624 1599 haec
636 1535 887 1622 sintaceipienda,
895 1535 1026 1600 declarat
1037 1538 1203 1603 manifesto
1214 1528 1306 1605 Μ’

173 1628 244 1707 illo,
266 1647 358 1689 tuem
369 1624 520 1688 sermonis
531 1625 621 1703 hujus
640 1623 728 1684 initio
746 1622 866 1707 posuit:
892 1658 895 1663 ·
1141 1636 1144 1641 '

261 1648 352 1777 lileie
369 1706 497 1794 aliquia
509 1703 671 1795 degente
685 1703 824 1771 lu'reosn
842 1702 1100 1771 centurionum

176 1796 318 1879 anigitur
335 1796 471 1860 virorum
492 1795 669 1857 militarium
688 1796 795 1857 acerba
819 1804 890 1857 sunt
902 1794 1036 1859 funera?
1057 1790 1173 1857 deinde
1192 1792 1242 1857 illa
1254 1788 1292 1855 di·
1323 1810 1337 1879 ’-

176 1884 297 1949 stinctio
320 1881 399 1943 cerei
418 1892 450 1943 et
467 1881 593 1957 funalis,
616 1878 673 1941 etsi
693 1900 822 1959 magnos
839 1879 921 1942 viros
941 1890 1080 1943 auctores
1100 1882 1210 1959 habet,
1228 1880 1292 1943 nso
1328 1888 1334 1927 l

177 1983 282 2033 tuneo
297 1966 458 2029 adhibetur
479 1962 518 2027 ad
533 1963 697 2027 discrimen
714 1963 909 2027 statuendum
928 1965 1008 2028 inter
1031 1968 1142 2029 acerba
1161 1968 1294 2027 amena

178 2056 255 2117 aba:
277 2052 339 2115 loci
351 2050 501 2128 Senecae,
521 2071 598 2135 quos
614 2051 646 2111 in
660 2071 730 2112 eam
743 2071 809 2113 rem
824 2051 963 2129 afferunt,
984 2052 1071 2113 aliter
1081 2050 1147 2113 acci
1167 2052 1180 2113 i
1199 2049 1295 2113 debent

178 2139 324 2224 usquein
339 2157 408 2200 eam
423 2136 604 2198 sententiam
623 2134 784 2219 torquendi
801 2147 886 2197 sunt:
906 2138 1034 2199 mortuis
1053 2147 1175 2216 autem,
1195 2134 1295 2197 ordin
1338 2168 1341 2197 t

178 2227 211 2288 in
227 2225 377 2288 vestibulo
390 2221 483 2306 positi
502 2232 586 2283 erant
610 2232 640 2283 et
663 2242 732 2281 curn
755 2220 944 2299 efferrentur,
970 2221 1049 2301 ignis
1069 2220 1191 2301 aderat,
1215 2219 1297 2283 iidem
1332 2218 1337 2267 i

179 2312 211 2373 in
234 2308 408 2371 conditoriis
431 2307 523 2369 etiarn
546 2326 617 2369 suas
634 2307 771 2368 lucernas
792 2307 964 2367 habuerunt
988 2307 1211 2370 uoluminibus
1228 2304 1298 2369 varis

129 2394 269 2471 ao5soliti
282 2391 441 2456 honorarit
461 2412 538 2477 quos
551 2412 660 2453 omncs
672 2393 746 2455 ritus
760 2389 904 2455 candelae
918 2392 1125 2478 appellatione
1136 2389 1298 2457 mutuae

112 2554 118 2563 ‚
178 2479 315 2548 Persius·
352 2477 422 2541 Jam
440 2476 522 2563 quod
534 2477 586 2539 illa
599 2479 708 2556 verba,
1087 2518 1095 2529 ι

655 2558 860 2649 tandemque
879 2559 1036 2627 beatulus
1053 2560 1129 2627 alto

269 2641 598 2733 compositurum,
1340 2708 1342 2719 Ι

180 2736 224 2804 ad
244 2757 363 2800 morem
382 2730 550 2797 collocandi
569 2742 708 2796 mortuos
728 2735 877 2813 referunt,
902 2755 944 2797 ne
960 2732 1137 2797 rudioribus
1156 2732 1302 2821 impsum
1338 2724 1342 2777 ’-

183 2824 282 2889 carrio
297 2832 358 2884 est:
372 2818 469 2905 quid?
491 2813 665 2901 περιστολὴ
677 2820 798 2899 νεκροῦ
810 2831 841 2882 et
855 2813 1013 2900 πρόθεσις
1023 2820 1084 2883 ill³s
1096 2814 1223 2895 videtur
1229 2816 1303 2881 iden

183 2909 275 2975 esse?
305 2908 366 2970 lroe
382 2926 475 2967 nemo
497 2904 542 2966 eis
566 2905 764 2983 concesserit,
785 2906 838 2988 qui
850 2909 902 2969 vel
915 2898 1305 2985 duoolteyuicGraecaruet

181 2996 358 3060 Romanam
387 2990 595 3075 antiquitatem
616 2987 796 3069 degustarit:
824 2988 1041 3070 περιστέλλων
1060 2987 1195 3070 Graeci,
1216 2984 1305 3053 Latir'i

183 3095 386 3163 componere
403 3086 559 3137 mortuum
584 3072 740 3154 dicebant,
768 3096 838 3137 emn
860 3081 926 3155 ejus
952 3075 1084 3139 cadaver
1100 3076 1305 3160 probelloturr

183 3179 274 3252 atque
292 3173 418 3225 sanctum
434 3160 534 3223 linteis
550 3159 764 3238 involvebant,
787 3160 870 3245 quod
883 3157 1081 3225 ἐντυλλττειν
1093 3173 1156 3225 tres
1173 3158 1307 3241 Evange-

182 3253 270 3315 listae
282 3248 436 3326 eliserunt,
455 3243 661 3309 Artemidorus
675 3244 714 3325 [1,
730 3247 779 3324 13]
803 3242 1007 3328 ἐσχισμένοις
1022 3240 1161 3329 ῥάκεσιν
1173 3242 1308 3321 λνιιλεῖνῇ

185 3349 217 3400 et
231 3336 357 3396 corollas
373 3342 547 3416 caeteraque
565 3342 744 3394 ornamenta
757 3331 803 3393 illi
819 3332 1011 3411 adjiciebant,
1033 3332 1144 3417 quibus
1160 3344 1250 3397 vetur
1264 3350 1309 3395 su·

208 3420 322 3482 erstitio
336 3426 474 3477 mortuos
489 3437 562 3478 suos
576 3416 660 3482 varie
670 3415 848 3495 adornavit,
868 3419 911 3481 ita
928 3417 1093 3502 compositi
1111 3428 1206 3504 atque
1223 3412 1311 3479 ormi

74 3576 78 3583 ¹
184 3444 264 3570 iicto
280 3502 366 3566 ferali
381 3502 575 3585 aptabantur,
593 3501 680 3587 ,quod
693 3502 763 3565 heic
799 3501 869 3565 oiita
887 3500 1045 3588 componi
1069 3499 1217 3569 inlecto
1235 3500 1312 3567 dius

187 3588 320 3656 Ovidius
342 3588 375 3650 in
390 3584 757 3672 lx.treum01ph0seon
772 3523 878 3669 idodlr

414 3690 572 3757 perenm,
591 3692 726 3755 precor,
748 3669 827 3759 ipsa
844 3672 948 3757 [ελσε
963 3670 1218 3759 unteJtoroque
1283 3654 1287 3665 ¹

272 3754 414 3822 Mortuo
433 3776 509 3819 corn
537 3778 642 3836 onor,-

185 3867 277 3931 saepe
290 3855 393 3906 autem
407 3841 487 3927 apud
506 3776 639 3906 graecos
653 3854 683 3905 et
697 3841 823 3909 Latinos
835 3844 936 3910 verbis
949 3837 1172 3927 περιστέλλειν
1185 3854 1218 3909 ct
1232 3860 1316 3907 τοιο-

212 3951 312 3994 onere
327 3939 442 3991 totusa
464 3941 583 4015 paratus
602 3930 738 3992 funebris
754 3941 785 3992 et
803 3934 894 3994 sunus
910 3931 1088 3993 uuiversum
1108 3931 1317 4011 intelliguntur.

180 3953 330 4081 iloralius
350 4013 429 4096 [Sat.
442 3951 482 4099 i,
502 4019 530 4091 9,
551 4013 624 4093 28]:
654 4034 771 4076 omnes
790 4013 985 4100 cornposui5
1012 4014 1070 4079 sed
1089 4016 1217 4102 proprie
1235 4034 1318 4095 περι·
1340 4058 1345 4071 ·

188 4098 332 4168 στέλλειν
346 4111 376 4162 et
389 4118 587 4183 componere
603 4098 635 4161 id
649 4101 818 4180 significant
831 4101 913 4186 quod
930 4101 1077 4164 diximus:
1100 4123 1197 4185 quare
1212 4100 1318 4185 Olyro-

185 4186 331 4275 piodorus
350 4185 383 4245 in
405 4182 605 4247 Phaedonem
627 4183 777 4265 Platonis,
808 4188 861 4248 ubi
884 4188 1029 4273 explicat,
1055 4187 1131 4271 quid
1157 4182 1317 4251 omneslri

185 4295 289 4337 manes
304 4271 513 4351 συμβολικῶς
527 4268 705 4349 denotarint,
724 4274 989 4356 corupositionem,
1011 4294 1082 4335 curn
1095 4274 1201 4335 fasciis
1213 4267 1318 4335 mortni

107 4418 115 4431 ,
185 4360 398 4433 involvebant,
425 4356 467 4418 ait
495 4353 653 4436 designare
671 4354 844 4440 expeditam
873 4357 912 4420 ad
936 4380 1064 4444 superos
1082 4360 1319 4443 proiectionerut

186 4446 250 4511 τοῦ
268 4435 434 4523 εὐζώνους
454 4434 609 4523 ἀναθεῖν,
638 4442 751 4527 inquit,
782 4436 951 4527 σύμβολον
978 4440 1317 4527 simulatitium
