2700 4972
297 307 547 380 Pausulae
567 308 783 391 nonnul
803 308 1061 384 lutrano.
1189 312 1255 385 8⁵⁰
1288 372 1292 379 .

106 482 206 546 inflati
222 494 309 547 suut:
332 493 367 544 ut
380 493 524 570 appareat
537 503 602 545 non
616 483 717 549 solum
731 482 873 549 imitandi
887 480 1000 565 sudio,
1013 481 1071 549 sed
1087 481 1182 549 etlam
1194 500 1252 543 ne-

109 568 245 632 cessario*
260 570 328 632 esse
342 569 395 631 illa
412 589 431 631 a
443 568 548 631 Persio
563 566 695 648 adjecta:

438 649 625 717 ‘anhelanti
640 650 799 741 coquitur
812 649 896 716 dum
913 673 1032 717 masso
1049 652 1200 719 cumino.

109 739 130 802 J
132 739 268 823 uveuslis
281 750 379 803 totam
392 741 574 804 sententiam
584 743 679 807 verbo
694 742 739 806 sic
760 740 926 829 expressit,
948 738 989 804 de
1002 736 1178 811 caussidicis
1198 758 1252 801 ca·

109 823 318 905 nensinVII,
332 820 462 890 v.'111:

244 909 343 975 Tunc
357 906 529 975 immensu
541 907 630 975 cavi
645 908 781 997 spirant
794 907 981 974 mendacio
1001 906 1130 992 solies.-

109 1017 185 1060 nam
199 1016 300 1062 cavos
309 991 417 1082 folles
431 998 565 1078 intellige
578 997 716 1078 inflatos,
760 996 862 1061 uaudo
882 1008 953 1060 sunt
967 982 1014 1061 αἶ’
1023 991 1133 1081 φῦσαι
1152 987 1253 1060 αὐταὶ

107 1077 225 1235 iim
243 1079 526 1168 πολυχωρότεραιε
555 1082 640 1169 quod
666 1084 730 1147 acci
753 1085 775 1146 't
792 1085 871 1160 illis,
906 1082 1031 1169 quando
1062 1102 1139 1171 opus
1161 1091 1253 1169 urget
1334 1078 1339 1087 ’

122 1188 140 1233 a
163 1191 207 1235 er.
270 1205 273 1213 ·
883 1176 892 1195 ⁸
1104 1214 1108 1219 -
1200 1174 1204 1181 '
1231 1172 1234 1177 '
1290 1170 1295 1175 '

197 1255 248 1329 14.
271 1251 445 1321 Junoturo
459 1249 612 1317 collidus
626 1250 728 1335 acri]
749 1251 786 1316 Iu
800 1252 886 1333 Arte,
907 1274 938 1318 τ.
956 1252 999 1318 47
1010 1274 1074 1339 sq.:

451 1407 455 1415 ,
487 1347 607 1403 notium
628 1337 662 1401 si
683 1335 811 1407 collido
831 1335 1003 1405 uerbum'
1250 1339 1303 1399 646

237 1420 454 1490 Redditur-u
463 1423 631 1508 junctura
650 1434 796 1503 novum3
861 1482 862 1487 ,
1164 1502 1167 1509 ¹

108 1502 397 1599 quamsententiam
411 1512 573 1598 quominus
588 1511 685 1576 Persii
696 1513 798 1577 serbis
814 1521 972 1597 aptemus,
993 1510 1071 1572 nihil
1086 1518 1178 1574 velat.

55 1690 58 1695 ,
196 1622 247 1681 20.
269 1612 370 1680 Dure
388 1611 524 1700 pondus
542 1610 669 1679 idoneo
682 1610 807 1698 fumo]
829 1614 880 1677 Sic
894 1613 996 1699 nugis
1009 1609 1139 1676 addere
1158 1610 1250 1698 pon-
1297 1606 1303 1611 ’

108 1699 187 1784 dus,
209 1704 275 1767 iue
296 1702 386 1764 istola
400 1698 498 1775 XIX.
510 1701 580 1764 libri
597 1701 703 1785 primi,
735 1723 765 1766 v.
780 1703 837 1781 42,
855 1702 930 1765 etin
944 1698 1037 1778 XVI,
1058 1722 1089 1765 v.
1108 1704 1162 1765 122

308 1808 368 1849 ons
384 1785 458 1851 rivo
476 1783 562 1848 dare
577 1807 703 1861 nomen
719 1782 873 1852 idoneus.
1097 1812 1100 1817 ·

191 1888 244 1956 45.
266 1886 464 1954 Amborum
472 1884 621 1976 foedere
634 1896 730 1965 certo
746 1887 944 1955 Consentire
960 1885 1056 1969 dies]
1072 1885 1249 1970 QuodPer-

101 1976 167 2040 sius
183 1975 224 2040 ad
239 1988 471 2064 praeceptorem
483 1974 670 2058 cornutum,
692 1977 837 2040 Horatius
852 1987 922 2039 ante
935 1976 1094 2063 scripserat
1105 1974 1145 2039 ad
1158 1972 1248 2039 Mae-

102 2074 243 2126 cenatem
258 2084 366 2142 suum,
390 2063 460 2125 libri
476 2082 538 2125 sec.
557 2061 658 2125 Germ.
673 2061 746 2126 Oda
760 2061 871 2142 XVH,
893 2083 925 2126 v.
942 2066 981 2128 21
997 2084 1061 2148 sq.:

236 2143 429 2234 Utrumque
445 2154 602 2210 nostrum
618 2145 821 2212 incredibili
834 2144 937 2211 modo
960 2148 964 2157 '

233 2231 409 2298 Consenut
431 2242 577 2296 astrum.

189 2338 241 2405 50.
263 2341 520 2423 Saturnumque
531 2356 682 2424 gravem
706 2344 822 2399 nostro
834 2331 921 2409 Jove
929 2332 1139 2424 frangimus
1155 2336 1248 2415 una]

101 2423 266 2505 Subjuugit
279 2424 440 2495 Horatius:

527 2516 560 2570 te
582 2502 679 2572 Joois
701 2504 806 2595 impio

231 2590 364 2746 Ξὶιιοζα
379 2596 529 2658 Saturno
550 2587 731 2682 refulgens

267 2680 300 2745 ri
325 2677 386 2743 uit.
985 2710 988 2715 ·
1201 2736 1204 2741 .

188 2765 242 2831 51.
272 2701 402 2832 aiisoio
423 2760 515 2851 quod
540 2771 634 2828 certe
660 2770 713 2826 est
725 2807 735 2842 ,
774 2760 868 2849 quod
894 2784 950 2828 me
981 2760 1046 2827 tibi
1073 2771 1249 2848 temperat

103 2853 262 2931 astrum]
284 2852 322 2915 In
338 2851 470 2939 epistola
490 2848 531 2913 ad
551 2849 667 2913 Julium
680 2849 807 2912 Florum
831 2848 882 2931 [IL
897 2856 928 2929 2,
947 2849 1037 2930 187]:

232 2934 308 3001 Scit
323 2934 475 3015 Genius,
496 2934 617 3000 natale
634 2955 747 2999 comes
764 2933 825 3022 qui
837 2943 1009 3022 temperat
1020 2942 1166 2998 astrum.

191 3043 243 3106 52.
273 3037 376 3104 Mille
407 3035 587 3102 homiuum
615 3038 747 3125 species
768 3049 802 3103 et
831 3058 949 3103 rerum
975 3034 1126 3101 discolor
1154 3056 1246 3103 usus.
1341 3022 1346 3033 ¹

107 3123 148 3195 V
145 3126 214 3193 elle
231 3146 332 3191 suum
346 3123 468 3213 cuique
484 3134 537 3189 eu
548 3171 558 3203 ,
581 3145 644 3190 nec
664 3133 743 3191 voto
764 3121 893 3192 uiuitur
912 3123 1007 3207 uno]
1030 3124 1152 3186 Horum
1173 3143 1246 3188 ver-

99 3238 195 3280 suum
209 3217 284 3277 alter
303 3214 473 3298 superfluus
489 3223 521 3275 et
542 3212 609 3275 sine
627 3234 732 3277 caussa
749 3209 889 3276 additus:
910 3232 975 3274 non
996 3210 1080 3274 enim
1094 3211 1143 3274 bis
1161 3207 1247 3272 idem

98 3302 182 3382 dicit,
205 3298 288 3384 quod
300 3301 333 3360 iu
345 3300 497 3382 Aeschylo
514 3297 658 3361 Comicus
679 3298 840 3383 [Aristoph.
862 3296 941 3361 Rau.
965 3294 1059 3377 1145]
1080 3297 1246 3383 reprehen-

97 3387 160 3466 dit,
188 3384 243 3451 sed
257 3398 302 3448 ter
315 3397 478 3470 quaterve:
500 3385 620 3447 nonita
633 3385 795 3460 Horatius,
818 3383 886 3469 qui,
908 3394 1109 3481 posteaquam
1120 3382 1246 3446 univer-

95 3476 197 3538 salem
210 3472 324 3534 thesim
336 3471 439 3557 posuit
456 3462 530 3549 [Sal.
543 3468 582 3551 Π,
598 3474 626 3548 1,
642 3469 697 3550 27]
721 3466 814 3550 Quot
829 3468 986 3554 capitum
1000 3476 1139 3551 vivunt,
1162 3464 1245 3531 tou·-

97 3557 182 3622 dem
199 3554 397 3621 studiorum
412 3553 552 3633 Miliia,
579 3556 683 3621 statim
705 3555 745 3619 ad
762 3554 951 3643 particularia
970 3555 1114 3643 exempla
1129 3552 1246 3618 transit

186 3662 238 3728 54.
260 3654 439 3725 Mercibus
455 3654 629 3723 hiultoiis
653 3664 769 3722 mutat
787 3653 850 3721 sub
867 3653 947 3723 Sole
970 3654 1121 3739 recenti]
1146 3655 1244 3721 Satira

93 3761 202 3839 quarta
217 3748 287 3810 libri
301 3746 412 3834 primi,
432 3767 464 3812 v.
481 3748 523 3810 29
538 3767 603 3830 squ
879 3820 881 3825 Ι

225 3829 300 3897 Hic
314 3837 429 3896 mutat
442 3851 576 3896 merces
591 3835 756 3915 surgente
772 3847 796 3890 o
807 3824 888 3891 Sole
904 3822 955 3891 act
968 3848 1049 3893 eum
1055 3875 1068 3906 ‚
1092 3846 1157 3914 quo
1236 3843 1312 3915 (211)

229 3913 303 3986 Vas
329 3916 444 3981 ertinn
459 3924 555 4004 tepet
567 3910 676 4003 regio.

153 4044 156 4049 ·
184 4008 236 4073 58.
258 3940 327 4069 Ilii
345 4002 379 4068 in
393 3999 569 4068 Venerem
579 4002 721 4088 putres]
745 3999 872 4064 Flaccus
886 3998 960 4065 Ode
973 3998 1296 4088 xxxvlprimim

96 4093 294 4171 Garmiuum,
315 4111 347 4154 v.
368 4096 439 4157 lis
461 4114 487 4154 .:

231 4173 377 4241 Omneis
390 4174 427 4239 in
441 4112 618 4239 iramalu
625 4170 766 4259 petreis

230 4261 419 4344 Deponent
434 4258 560 4325 oculos.

189 4354 243 4417 68.
267 4345 390 4414 Cultor
411 4347 505 4412 enim
519 4367 556 4408 es
569 4344 756 4431 juvenum:
786 4350 960 4433 purgatus
984 4340 1109 4407 inseris
1125 4338 1244 4406 aureis

98 4432 162 4520 F]
183 4434 321 4522 Epistola
333 4434 449 4522 prima,
470 4457 499 4501 v.
515 4438 537 4497 7
544 4452 553 4494 ε
