2700 4972
355 68 909 196 sorunsuessmmr
1162 128 1206 193 u

56 292 211 385 peritiae
226 292 342 359 camir
357 296 457 360 tanta
473 293 573 382 quive
588 293 756 385 hydrops,
771 294 820 363 'ut
832 299 938 364 etiam
953 293 1073 384 tepida
1085 306 1216 363 uestra·

58 402 130 447 aaa
144 376 425 469 ferventissimis
440 381 602 447 laudibus
623 394 854 471 persequatur
871 384 972 468 [edila
988 384 1125 470 prael?
1145 408 1206 450 vo-

60 480 176 533 cantur·
189 479 295 532 autem
308 467 428 555 tepida
443 469 574 532 Sidonio
599 469 677 533 dicta
696 472 862 535 mediocria
882 492 939 534 nec
976 473 1072 533 n‘mae
1094 483 1204 536 notae:

59 558 102 619 ita
121 553 196 617 heic
220 555 289 640 capi
309 577 345 618 ea
363 578 429 620 vox
447 567 564 642 potest,
588 554 830 621 utsit'auclire
862 494 1016 642 capicium
1043 554 1205 620 decenter

60 643 142 704 uelle
154 639 275 703 laudari
294 643 346 705 rel
360 641 483 704 modica
496 641 687 723 laudatione,
709 666 817 707 sensus
840 645 891 705 hic
911 645 983 708 erit:
1008 665 1079 704 cum
1097 643 1207 706 desen-

62 727 138 790 dens
149 748 241 789 reum
254 728 358 814 capitis
374 729 549 790 criminibus
565 731 628 790 suis
648 730 797 792 infamem
811 750 933 816 sperare
953 751 1018 807 non
1036 731 1137 816 possis
1153 750 1214 793 eas-

61 813 317 891 acclamationes,
339 834 415 902 quas
427 815 539 876 mereri
558 816 637 875 solet
649 817 751 879 bonae
765 836 888 878 caussae
904 814 1032 891 disertus
1042 827 1206 901 patronus:
1308 882 1313 892 ,

61 911 93 960 lu
105 910 216 960 tamen
230 898 310 961 adeo
322 920 450 963 vaecors
468 922 516 978 cs,
537 910 623 961 utne
641 902 684 963 sic
698 900 823 986 quidem
837 901 982 982 gloriolae
998 901 1135 963 studium
1148 924 1208 988 po-

61 1006 134 1063 nas,
163 982 222 1047 sed
241 986 327 1047 omni
341 984 442 1048 studio
464 984 496 1046 id
524 986 641 1047 conaris
663 988 799 1066 efficere,
821 999 856 1048 ut
876 989 927 1050 vel
942 986 1047 1072 tepide
1063 987 1206 1056 lauderis,

61 1071 269 1155 sipleno-ore
283 1092 348 1132 non
369 1082 473 1156 potes:
497 1077 633 1156 tepere,
649 1068 807 1158 fervere,
829 1069 973 1159 Jrigere
998 1084 1029 1134 et
1042 1068 1207 1161 frigefa-

62 1175 142 1219 cere
158 1155 205 1219 sic
216 1176 309 1241 saepe
326 1167 523 1243 usurpantur:
552 1158 774 1221 alienissimum
794 1170 855 1239 est,
877 1156 962 1244 quod
981 1179 1105 1221 caussae
1119 1158 1208 1221 Pedii

17 1242 21 1247 '
60 1240 167 1305 Blaesi
179 1240 243 1305 hoc
255 1245 385 1307 verbum
398 1240 523 1329 quidam
538 1243 790 1306 accommodant:
811 1245 844 1307 in
858 1245 1037 1310 universum
1057 1246 1140 1308 enim
1158 1248 1208 1308 lo-

111 1338 173 1391 tur.
599 1388 602 1395 ,

10 1484 14 1489 ,
60 1348 112 1415 qm
147 1412 202 1478 86.
229 1407 306 1473 Fur
324 1410 452 1489 es,·ait
471 1411 614 1494 Pedia]
650 1414 691 1477 Ut
711 1414 853 1479 Maevius
879 1437 916 1478 ae
937 1414 1052 1497 Titius,
1075 1427 1107 1479 et
1126 1412 1209 1502 apud

33 1494 202 1563 [Graues
221 1494 286 1559 Dio
311 1499 469 1579 aoPlato,
492 1500 576 1586 apud
598 1501 713 1564 trabes
730 1500 852 1563 Zeidon
876 1513 906 1564 et
926 1501 1058 1581 Amron,
1079 1504 1208 1565 nomina

61 1595 133 1649 sunt
142 1584 288 1659 θετικῶς
305 1595 395 1670 atque
408 1588 550 1672 exempli·
557 1607 663 1650 caussa
676 1584 813 1672 usurpari
828 1588 935 1667 solita3
958 1588 1002 1650 sic
1015 1586 1128 1650 Pedius
1138 1588 1209 1649 heic

61 1692 118 1757 pro
129 1670 209 1735 mali
222 1670 350 1734 oratoris
362 1674 506 1757 exemplo
528 1674 609 1734 sumi
622 1683 740 1758 potesta
762 1690 836 1734 nam
854 1673 896 1734 ita
917 1673 1063 1736 Horatius
1085 1671 1168 1754 [Sat.
1181 1671 1207 1749 Ι,
1229 1700 1232 1705 ·

64 1761 114 1834 10,
136 1754 194 1837 at]
237 1755 332 1834 osuit,
355 1760 438 1836 cujus
454 1759 555 1821 verbis
569 1780 661 1844 saepe
674 1759 807 1843 loquitur
822 1757 958 1840 Persius3
980 1760 1041 1820 hoc
1056 1758 1083 1820 si
1106 1758 1210 1843 sequi-

61 1862 149 1921 mur,
178 1776 256 1907 Fir
274 1861 310 1905 ss
330 1842 615 1929 interpretabimur:
642 1847 692 1905 fur
708 1855 755 1906 est
774 1844 841 1922 ille,
870 1864 970 1929 aquo
995 1843 1071 1907 dicis
1094 1843 1208 1929 inepte,

63 1924 235 2005 cmssidice
246 1926 342 1991 Pedi:
357 1931 458 1991 solent
470 1931 591 2015 patroni
606 1930 739 1993 alienam
752 1950 890 1993 caussam
908 1931 952 1992 sic
963 1931 1041 1992 tueri
1052 1940 1087 1991 ut
1101 1950 1209 1993 suamc

60 2012 137 2076 ideo
145 2012 272 2077 'Persius
290 2024 320 2075 et
335 2016 406 2076 heic
421 2027 451 2077 et
464 2017 498 2078 in
511 2016 707 2101 sequentibus
722 2027 875 2078 oratorem
895 2037 960 2077 non
976 2017 1064 2078 aliter
1080 2015 1211 2100 alloqui-

61 2091 113 2162 tir
128 2118 224 2185 quam
237 2098 265 2161 si
276 2120 366 2162 suam
379 2101 446 2186 ipse
460 2122 599 2164 caussam
613 2114 725 2183 ageret.
751 2100 820 2181 [sed
837 2103 879 2163 ita
901 2102 1022 2179 „verbis
1040 2093 1120 2163 certe
1132 2100 1210 2163 Perh

62 2185 99 2248 a'i
113 2205 250 2255 sensum
257 2184 378 2248 videtur
395 2188 507 2249 inferre
524 2189 668 2251 alienum.
681 2189 700 2219 “
722 2185 789 2267 Pl]
832 2188 931 2272 Atque
950 2189 1012 2249 hoc
1026 2206 1143 2250 nomen
1160 2186 1211 2248 in-

31 2317 32 2320 *
62 2271 139 2349 suhi
153 2269 314 2333 caussidici
331 2292 369 2334 eo
386 2274 529 2336 libentius
546 2273 667 2337 videtur
683 2274 804 2336 Persius
818 2293 997 2358 usurpasse,
1020 2271 1104 2358 quod
1118 2283 1210 2357 pote-

62 2368 108 2420 rat
122 2354 238 2421 eadem
251 2378 346 2442 opera
363 2357 404 2420 ad
427 2358 558 2421 Pedium
571 2358 719 2423 Blaesum
740 2363 842 2422 facere
858 2359 1057 2422 allusionem:
1085 2360 1151 2443 qui,
1176 2368 1211 2419 ut

62 2440 406 2525 mastaurorum.
428 2443 520 2524 XIV,
536 2445 605 2526 18],
628 2446 751 2508 Nerone
774 2447 944 2531 imperante
965 2444 1204 2530 repetundarum
1246 2473 1249 2485 ¹

62 2529 236 2630 postulatus
260 2527 481 2615 damnatusque
508 2544 555 2594 est
577 2553 595 2593 a
614 2529 859 2613 Cyrenensibus:
891 2551 965 2593 nam
995 2529 1079 2615 quod
1109 2531 1197 2591 illum
1211 2531 1263 2589 125

62 2608 303 2701 speumPedium
309 2613 456 2678 Blaesum
464 2628 549 2702 putat
555 2628 645 2680 retus
657 2618 806 2703 interpres
820 2616 960 2697 intelligi,
973 2629 1053 2679 stare
1068 2626 1212 2702 nonp’ot-

63 2711 120 2763 est.
134 2699 223 2763 aliter
245 2701 305 2763 nisi
322 2712 357 2762 ut
377 2701 584 2766 concedamus
605 2704 687 2766 hunc
712 2724 800 2765 reum
821 2723 911 2765 suam
934 2724 990 2787 per
1010 2724 1045 2765 se
1073 2722 1212 2765 caussam

63 2785 179 2866 egisse:
199 2787 300 2867 mapa
314 2799 420 2873 putem
440 2799 594 2851 oratorem
611 2791 698 2850 illum
717 2788 893 2873 perstringi,
916 2789 968 2873 qui
985 2808 1041 2873 pro
1060 2786 1158 2851 Pedio
1179 2787 1213 2849 in

49 2880 174 2935 ..senatu
193 2873 299 2935 oravit
344 2871 517 2953 [Immerito
531 2875 583 2935 hic
597 2874 704 2937 invehi
716 2877 749 2935 in
766 2873 983 2938 Gasaubonum
996 2874 1080 2936 Pass.
1098 2895 1128 2958 p.
1149 2877 1211 2938 301

63 2980 112 3045 sq·
132 2954 273 3036 videtu,
294 2970 329 3020 ut
346 2960 398 3044 qui
418 2959 571 3021 dicentem
585 2960 706 3021 finxerit
717 2981 795 3045 quae
809 2981 872 3021 non
887 2958 971 3021 dixit.
1016 2958 1063 3023 Gf.
1076 2957 1195 3036 Plum.]'

149 3044 203 3107 86.
228 3039 385 3108 Crimina
400 3042 488 3107 rasis
510 3041 686 3107 Libratis
700 3043 905 3124 antithetis]
935 3043 1007 3108 Non
1026 3066 1090 3106 uno
1112 3041 1210 3107 mocio
1272 3074 1274 3079 ·

64 3139 207 3215 coneptu
218 3142 282 3193 erat
294 3132 417 3193 illorum
431 3143 607 3218 temporum
623 3132 810 3216 eloquentia,
833 3129 890 3193 sed
903 3131 1027 3216 plurimi
1042 3152 1080 3192 eo
1100 3148 1210 3216 pecca-

63 3216 155 3293 bant,
179 3214 264 3300 quod
277 3218 474 3303 praecipuam
492 3219 618 3280 oratoris
632 3218 776 3280 viuutem
789 3228 941 3303 ponerent
953 3217 987 3279 in
997 3217 1215 3279 sententiarum

64 3300 782 3453 allistltttmlttll‘lrtl'
805 3305 1037 3467 ‘insiliit
1055 3302 1215 3452 lttpl·
1311 3346 1314 3355 '

10 3408 13 3421 ·
454 3412 475 3451 n
610 3411 646 3451 <re
687 3412 702 3452 r
719 3413 740 3451 n
754 3412 782 3452 e.
979 3412 1000 3450 n
1198 3426 1215 3438 -

43 3492 118 3533 mo
136 3470 183 3553 [8,
195 3470 225 3556 §a
240 3476 290 3554 91:
311 3473 468 3561 plerique
481 3435 665 3550 niaoruiu,
686 3476 802 3561 inquit,
825 3473 980 3536 omnium
998 3495 1139 3556 operam
1152 3409 1213 3533 io-

65 3554 141 3619 lam
151 3556 319 3623 virtutem
336 3581 411 3622 serr
421 3558 586 3623 tentiae
594 3568 873 3645 putaveruutret
887 3562 965 3624 libro
980 3558 1060 3623 VIII
1070 3560 1110 3641 [5,
1120 3558 1151 3642 §3
1164 3558 1215 3638 2]:

66 3641 281 3707 contristatio
286 3644 373 3734 jam
391 3644 519 3722 tenuit,
543 3657 582 3708 ut
596 3657 707 3710 mente
725 3654 893 3732 concepta
908 3667 1056 3708 seusus
1074 3664 1215 3709 vocara-

10 3776 12 3781 .
66 3748 160 3803 mm
184 3729 322 3794 Iuntina
337 3732 455 3795 autem
466 3731 724 3819 praecipueque
737 3731 773 3795 ia
787 3730 955 3795 clausulis
969 3731 1102 3819 posita,
1125 3751 1215 3794 sen-

65 3812 234 3879 tentius
240 3844 252 3892 ,·
275 3837 364 3900 quae
380 3821 494 3880 minus
513 3816 655 3881 crebrae
672 3816 771 3903 apud
785 3810 961 3902 seliquas,
984 3815 1110 3880 uostris
1129 3827 1215 3880 tem·

64 3899 210 3986 poribus
229 3901 332 3966 morlo
345 3914 465 3968 careat
473 3926 482 3981 3
504 3917 612 3990 postea
632 3903 671 3987 [ᾗ.
693 3905 764 3985 13]:
793 3923 885 3966 nuuc
904 3902 997 3967 illud
1018 3903 1155 3980 volunt,
1178 3911 1217 3964 ut

67 3986 181 4051 onmis
201 3986 318 4073 locus,
342 3989 457 4053 omnis
475 4011 593 4052 ansus
614 3983 739 4074 iufiae
762 3986 930 4053 sermonis
942 3987 1058 4077 feriat
1078 4009 1224 4051 aurem:·
1277 4046 1279 4053 ,

67 4076 274 4160 manumitto
288 4076 406 4140 similes
418 4079 522 4155 locos,
545 4077 654 4162 quibus
671 4098 741 4138 cum
757 4077 888 4138 aliorum
901 4078 1075 4164 eloquentia
1088 4074 1216 4148 damna-
1281 4076 1285 4086 '

69 4173 146 4225 tun
160 4164 428 4249 praestantissimo
447 4164 500 4224 illo
516 4161 658 4241 doctore,
680 4173 754 4225 tum-
768 4163 918 4249 imprimis
937 4163 1090 4238 Senecae,
1112 4161 1164 4245 qui
1184 4158 1218 4223 id

71 4267 167 4327 gens
183 4249 356 4315 seumntias
378 4249 545 4336 plurimam
567 4248 725 4313 adamavit
744 4259 776 4311 et
795 4259 926 4313 sectatus
949 4260 1020 4313 ests·
1040 4245 1219 4325 huiusmoffi
