2700 4972
286 341 473 410 GLOSSAE
494 340 689 409 VETERES
708 342 754 409 IN
774 342 965 429 PERSIUM.
1137 372 1195 411 ιιι

61 532 116 583 tam
136 518 282 603 exemplo
302 516 491 580 sufficientis.
533 514 604 578 Fuit
624 517 703 597 frugi
724 527 754 578 et
772 514 913 601 pudicus.
955 514 1090 602 Reliquit
1117 518 1194 581 circa

10 654 15 690 ,
60 604 119 669 HS.
141 602 213 667 XX
240 604 331 665 matri
361 614 392 664 et
420 602 533 665 sorori:
576 602 693 687 scriptis
714 613 832 664 tanturn
853 601 892 664 ad
916 613 1046 666 matrem
1068 603 1208 667 codicil-·

61 694 108 773 lis,
126 688 246 771 rogavit
267 710 354 767 earn,
375 699 410 749 ut
430 686 516 751 daret
537 686 672 752 Cornuto
694 689 847 766 sestertia,
878 699 911 749 ut
933 688 1059 773 quidam
1081 688 1194 771 dicunt,

32 796 35 803 ·
63 776 182 852 centies,
210 786 246 836 ut
267 775 319 837 alii
338 775 464 851 volunt,
492 774 609 855 argenti
636 774 709 835 facti
735 771 874 860 pondera
894 774 1018 854 viginti,
1049 786 1079 837 et
1100 777 1193 840 libros

22 880 25 886 ·
63 864 132 925 circa
150 860 359 947 septingentos
375 859 443 922 sive
458 860 675 922 bibliothecam
696 880 784 922 suam
806 880 942 923 omnem.
984 861 1105 924 Verum
1119 861 1195 926 Cor-

32 962 37 1005 :
63 958 145 1011 nutus
172 945 300 1011 sublatis
326 944 410 1007 libris
435 946 597 1029 pecuniam
625 945 794 1023 sororibus,
828 966 903 1030 quas
930 948 1021 1008 stater
1044 946 1193 1011 haeredes

12 1047 39 1084 ⁸·
63 1034 182 1112 ecurt,
202 1032 331 1115 reliquit.
373 1028 414 1091 Et
433 1051 500 1093 raro
524 1042 553 1092 et
574 1028 659 1092 tarde
680 1030 805 1115 scripsit.
848 1032 939 1093 Hunc
959 1032 1061 1117 ipsum
1081 1035 1194 1096 librum

40 1170 44 1179 .
63 1120 266 1205 imperfectum
288 1115 424 1200 reliquit3
454 1137 559 1180 versus
582 1116 674 1200 aliqui
696 1116 813 1201 dempti
834 1118 957 1178 suntin
979 1118 1086 1180 ultimo
1107 1119 1194 1201 libri3

37 1234 40 1239 ·
65 1216 92 1269 et
109 1204 193 1289 quasi
211 1204 315 1265 {irritus
336 1212 432 1280 esset,
454 1203 561 1265 leviter
581 1202 717 1265 recitavit
743 1203 894 1282 Cornuto,
921 1214 951 1264 et
967 1204 1075 1267 Caesio
1093 1201 1193 1268 Basso

17 1293 32 1380 ἱ
64 1290 186 1377 petenti,
215 1301 250 1349 ut
270 1289 338 1373 ipse
359 1286 479 1365 ederet,
509 1287 631 1349 tradidit
652 1286 818 1350 edendum.
861 1286 1027 1374 Scripserat
1048 1290 1140 1352 etiarn
1160 1292 1194 1354 in

30 1373 43 1397 '·
65 1376 182 1462 pueritia
203 1374 330 1436 Flaccus
351 1372 561 1443 Praetextam,
585 1385 615 1435 et
633 1369 878 1453 ‘Odocrtooruoiv
898 1375 1009 1437 librum
1030 1396 1143 1457 unum,
1165 1390 1197 1441 et

40 1530 43 1535 ,
65 1482 168 1548 pancos
189 1462 223 1523 in
245 1480 384 1522 sororem
397 1458 552 1521 Thraseae
566 1460 667 1521 Arriae
681 1471 810 1521 matrem
824 1480 947 1538 versus,
970 1482 1047 1545 quae
1068 1482 1102 1525 se
1124 1474 1194 1527 ante
1255 1498 1258 1507 ·

65 1549 155 1611 rinna
177 1544 339 1608 occiderat.
383 1543 498 1607 Omnia
519 1557 622 1606 autem
640 1545 790 1608 Cornutus
812 1557 916 1608 auctor
935 1548 994 1609 fuit
1013 1549 1102 1609 matri
1121 1552 1195 1630 ejus,

65 1644 92 1694 ut
109 1635 254 1697 aboleret.
296 1630 422 1693 Editum
449 1632 560 1692 librum
587 1632 731 1693 continuo
759 1632 861 1692 mirari
888 1632 1032 1695 homines
1058 1644 1089 1696 et
1115 1632 1194 1697 deri

98 1741 128 1781 re
158 1729 333 1801 coeperunt.
382 1715 523 1778 Decessit
549 1728 652 1777 autem
673 1716 749 1779 vitio
776 1718 943 1794 stomachi,
976 1738 1057 1781 anno
1089 1722 1196 1784 aetatis

94 1803 173 1867 XX.
219 1801 282 1865 Sed
304 1823 397 1880 mox,
425 1813 458 1863 ut
485 1823 503 1862 a
532 1803 638 1863 schola
668 1812 698 1863 et
725 1801 875 1881 magistris
903 1800 1086 1881 deverterat,
1114 1805 1195 1868 lecto

62 1891 130 1953 libro
160 1889 283 1951 Lucillii
319 1888 439 1949 decimo
465 1888 665 1949 vehementer
692 1885 815 1967 Satyras
845 1910 1030 1974 componere
1063 1889 1194 1957 studuit:
1234 1909 1244 1917 ·

62 1978 138 2055 cujus
159 1976 234 2037 libri
252 1974 434 2061 principium
454 1972 591 2059 imitatus⁴
614 1984 674 2035 est:
711 1971 770 2037 sibi
797 1973 912 2057 primo,
946 1994 1022 2036 mox
1051 1977 1196 2041 omnibus

60 2060 291 2139 detrectatum,
322 2078 394 2121 cum
422 2070 505 2120 tanta
532 2059 699 2120 recentium
726 2070 886 2143 poetarum
917 2071 948 2122 et
968 2073 1124 2125 oratorum
1145 2064 1196 2125 in-

56 2148 241 2226 sectatione,
268 2156 303 2207 ut
330 2145 423 2209 etiarn
444 2143 600 2207 Neronem
628 2146 806 2230 culpaverit3
841 2149 925 2224 cujus
944 2167 1053 2211 versus
1078 2148 1112 2209 in
1132 2148 1197 2213 Ne·

10 2262 12 2268 ’
54 2254 165 2297 runem
185 2252 260 2295 cum
275 2232 321 2295 iu
341 2232 539 2295 rehaberet:

268 2346 460 2415 Auriculas
482 2346 576 2411 asiai
595 2346 696 2413 Mida
718 2368 780 2412 rex
802 2345 925 2428 habet,

51 2473 85 2537 in
104 2474 194 2537 hunc
213 2468 346 2535 modum
366 2492 386 2533 a
407 2469 541 2535 Cornuto
561 2468 630 2554 ipso
652 2468 864 2531 tantummodo
888 2481 935 2533 est
950 2470 1147 2537 emendatusr

270 2584 465 2657 Auriculas
487 2587 578 2651 asini
597 2586 672 2673 quio
694 2610 761 2653 non
783 2585 911 2654 habet?

51 2736 94 2779 ne
114 2716 182 2795 hoc
199 2712 285 2779 Nero
304 2712 339 2775 in
360 2732 394 2775 se
414 2708 529 2773 dictum
550 2709 749 2774 arbitraretur.
