2700 4972
125 344 316 409 'xxxrr-
399 342 402 353 '
563 343 904 427 atr-Eltstl,

159 513 338 582 Consentire
359 512 425 579 dies
446 527 478 578 et
497 517 536 579 ah
558 537 621 578 uno
642 512 850 598 sidere.duci;

159 624 269 689 Nostra
288 623 479 709 vel-aequali
498 622 656 710 suspendit
675 634 816 719 tempora
836 624 928 688 Lrbra

158 732 254 797 Parca
275 722 369 793 tenair
390 732 472 812 veri,
497 753 553 795 seu
573 742 644 794 nata
663 730 805 795 fidelibus
826 732 904 795 hora
955 762 959 769 ·

63 886 64 890 ,
159 839 280 906 Dividit
296 841 329 901 in
351 836 501 902 Geminos
522 837 684 902 concordia
703 843 766 902 fata
788 840 935 918 duorum,
1318 904 1321 909 ,

95 938 98 947 ’
160 947 384 1037 Saturnumque
406 965 531 1025 gravem
552 956 656 1009 nostro
677 946 757 1012 Jove
774 926 941 1027 frangimus
960 966 1032 1010 una.
1232 950 1300 1031 κω

158 1056 269 1120 Nescio
292 1051 392 1139 quod,
415 1063 495 1132 certe
517 1064 580 1131 est,
602 1049 686 1137 quod
705 1073 757 1115 me
779 1053 835 1114 tibi
855 1065 1005 1141 temperat
1013 1066 1027 1126 ,¹
1044 1065 1171 1121 aetnam.
1270 1066 1275 1081 '
1302 1051 1318 1061 ”

172 1181 175 1187 ’
244 1163 331 1227 Mille
352 1160 515 1223 hominum
535 1151 653 1247 species
675 1171 706 1222 et
725 1182 827 1223 rerum
849 1160 981 1226 discolor
1000 1144 1095 1243 usus3⁴

159 1271 251 1336 Velle
270 1246 489 1352 suumcuique
510 1278 634 1329 estnec
657 1277 733 1330 voto
755 1268 868 1333 vivitur
887 1291 962 1332 uno.

160 1378 314 1442 Mercibus
335 1375 386 1437 hic
407 1372 490 1437 Italis
511 1386 607 1437 mutat
624 1379 684 1440 sub
704 1370 905 1441 sole'recenti

158 1486 320 1566 Rugosum
339 1483 428 1568 piper
449 1492 479 1543 et
499 1484 638 1569 pallentis
657 1505 749 1564 grona
773 1480 904 1566 cumini;

41 1606 48 1671 ζ
160 1595 219 1655 Hic
241 1603 323 1654 satur
343 1590 455 1668 irriguo
475 1592 593 1657 mavult
613 1602 784 1679 turgescere
803 1613 934 1674 somn03

159 1702 219 1763 Hic
242 1719 350 1784 campo
372 1682 525 1779 indulget3
552 1700 634 1760 hunc
657 1702 723 1762 alea
744 1698 903 1786 decoquit3
932 1700 984 1763 ille

158 1806 372 1871 In·Venerem
396 1804 508 1888 putris:
551 1804 608 1871 sed
630 1827 699 1868 cum
720 1806 857 1892 lapidosa
880 1809 1014 1889 chiragra

158 1913 295 1994 Fregerit
316 1911 455 1974 articulos
477 1914 587 1977 veteris
608 1914 733 1975 ramalia
753 1914 831 1994 sagi,

158 2020 247 2084 Tunc
270 2036 386 2085 crassos
407 2019 549 2081 transisse
572 2018 637 2082 dies
658 2023 818 2106 lucemque
837 2022 1003 2107 palustrem

157 2130 199 2191 Et
219 2128 279 2191 sibi
297 2129 360 2205 jam
381 2125 441 2211 seri
460 2126 556 2190 vitam
576 2128 752 2207 ingemuere
772 2128 918 2192 relictam

87 2287 95 2307 .
158 2237 197 2300 At
215 2246 248 2297 te
268 2233 421 2327 nocturnis
441 2236 526 2314 juvat
546 2235 754 2317 impallescere
776 2237 894 2299 chartis.

160 2344 265 2409 Cultor
286 2340 370 2403 enim
388 2342 538 2419 juvenum
558 2354 698 2429 purgatas
718 2343 826 2407 inseris
847 2364 934 2406 aures

158 2452 258 2531 Fruge
281 2448 455 2513 Cleanthea.
498 2448 595 2511 Petite
616 2450 689 2513 hinc
709 2454 899 2537 juvenesque
916 2472 1066 2537 senesque

159 2559 270 2623 Finem
290 2557 394 2619 animo
418 2566 532 2618 certum
549 2557 729 2643 miserisque
750 2559 859 2623 natica
881 2560 973 2622 canis.
998 2598 1037 2607 -
1259 2558 1300 2624 65

162 2662 256 2730 Cros'
271 2662 335 2727 boc
349 2657 431 2748 fiet.
453 2700 492 2710 -
514 2660 603 2728 Idem
626 2688 690 2730 cras
710 2667 779 2730 liet!
802 2702 846 2713 -
867 2663 991 2748 Quid?
1012 2664 1114 2755 quasi
1134 2686 1301 2755 magnum

159 2760 300 2860 Nempe
323 2768 418 2833 diem
442 2768 561 2837 donor.
583 2810 623 2821 -
647 2773 711 2837 Sed
733 2797 804 2839 curn
824 2777 878 2838 lux
897 2777 990 2839 altera
1002 2774 1112 2855 -renit,

160 2884 232 2948 Jarn
254 2903 318 2945 cras
338 2883 516 2943 hesternum
537 2883 780 2947 consumsimus:
824 2903 895 2945 ecce
916 2880 999 2945 aliud
1021 2862 1097 2946 cra's*
1190 2928 1196 2937 -

160 2991 265 3072 Egerit
284 2990 344 3052 hos
365 3009 462 3051 annos
483 2998 515 3049 et
534 3009 658 3076 semper
676 2990 804 3077 petalum
828 2989 884 3052 erit
903 2990 990 3051 ultra.

160 3100 242 3165 Nam
262 3097 403 3184 quamvis
419 3116 515 3182 prope
536 3106 584 3175 te,
613 3098 754 3183 quamvis
774 3109 900 3161 temone
919 3100 977 3161 sub
998 3118 1062 3159 uno
1261 3103 1303 3164 70

160 3208 342 3282 Vertentem
362 3225 431 3268 sese
451 3206 560 3267 frustra
580 3207 735 3268 sectabere
755 3207 913 3286 canthum,
1304 3206 1307 3211 '

161 3314 241 3381 Cum
262 3323 328 3375 rota
348 3313 500 3398 posterior
520 3334 619 3376 curras
641 3313 725 3375 etin
745 3334 804 3377 axe
828 3311 975 3377 secundo.

246 3421 398 3483 Libertate
420 3440 498 3505 opus
520 3431 582 3482 est:
625 3442 690 3482 non
710 3421 785 3499 hac,
806 3431 840 3482 ut
861 3422 987 3506 quisquo
1008 3418 1119 3483 Velina

160 3529 286 3594 Publius
307 3526 450 3603 emerant,
481 3527 655 3589 scabiosum
676 3530 820 3591 tesserula
840 3530 887 3591 far

158 3635 309 3701 Possidet.
354 3635 425 3696 Heu
445 3634 562 3697 steriles
583 3635 663 3710 veri,
689 3634 798 3721 quibus
819 3655 880 3697 una
901 3630 1054 3713 Quiritem
1262 3633 1303 3700 75

159 3744 287 3824 Vertigo
309 3741 398 3803 facit!
442 3741 501 3803 Hic
522 3739 625 3803 Dama
646 3751 693 3804 est
715 3734 901 3807 non'tressis
929 3762 1038 3822 agaso,

159 3850 271 3936 Vappa
292 3860 323 3912 et
342 3850 444 3935 lippus
466 3861 497 3911 et
516 3849 548 3910 in
568 3849 654 3911 tenui
674 3848 824 3929 farragine
844 3849 988 3912 mendax.

160 3952 294 4023 Verterit
315 3960 397 4019 hunc
418 3955 577 4035 dominus,
604 3968 764 4018 momento
784 3957 912 4019 turbinis
934 3957 997 4019 exit

16 4088 18 4095 ·
59 4102 63 4109 ·
160 4065 280 4129 Marnas
302 4064 412 4128 Dama.
455 4062 576 4148 Papae!
619 4062 725 4126 lllarco
746 4062 916 4149 spondente
937 4084 1058 4126 recusas

162 4170 293 4239 Credere
313 4184 347 4233 tu
368 4171 538 4235 nummos?
582 4170 688 4233 Marco
708 4172 766 4235 sub
786 4170 886 4250 judice
907 4171 1024 4257 palles?

230 4430 264 4508 V.
281 4455 325 4511 58.
342 4460 439 4523 puro.
458 4444 492 4493 -ἕ
511 4452 544 4505 V.
561 4452 605 4509 63.
623 4455 692 4507 enim
710 4456 887 4523 esjooeaom:
903 4470 983 4525 purg.
1002 4483 1035 4493 -—
