2700 4972
234 298 1040 459 .ranalauartoaarnlnlrarlo.
1168 358 1233 423 847
1306 362 1309 369 '

99 530 183 591 lem:
203 522 347 591 lasciviae
371 522 453 586 enim
474 543 539 587 vox
558 521 609 583 illa
628 520 882 603 significationem
901 524 1013 589 habet:
1036 527 1119 606 cnjus
1139 523 1233 589 inter-

98 611 277 699 pretationis
299 621 331 672 et
347 608 479 670 {undum
497 609 647 671 habemus
671 607 741 670 heic
761 607 900 675 Persium
926 620 958 671 et
981 621 1091 674 testem
1111 632 1233 697 quoque
1328 662 1331 667 .

99 709 239 762 veterem
250 697 453 780 interpretem.
496 691 698 756 Terentianus
708 692 834 758 Maurus
846 693 886 757 de
901 691 1074 771 Galliambo
1088 696 1196 761 v'ersu:

231 777 437 866 Nomenque
456 774 668 841 Galliambr'a
680 788 895 845 memoratur
910 778 992 843 bino
1014 777 1147 855 datum,
1205 824 1216 849 a

234 863 413 930 Tremuloa
436 861 528 951 quod
544 884 617 947 eoae
633 852 749 927 Gallis
768 862 901 928 habiles
940 874 1041 929 orant
1053 866 1191 930 modas:
1294 862 1305 888 ‘

101 953 146 1016 sic
163 948 333 1034 κλαδοιοὸν
349 948 458 1014 Graeci
477 971 532 1036 pro
550 950 665 1014 lascivo
681 972 717 1013 ac
735 952 840 1018 molli:
862 972 903 1015 un
927 974 945 1015 e
961 951 1125 1033 κλαδοιροιλ
1143 948 1235 1031 ὄψεις
1312 1001 1315 1011 ι

103 1038 215 1118 [Glem.
231 1037 405 1118 Paedagog.
417 1034 474 1098 ΠΙ.
488 1057 518 1121 p.
532 1034 604 1114 294,
622 1041 662 1100 17
675 1036 786 1115 Pon-l,
809 1048 840 1099 et
856 1033 1025 1117 κλοιᾶνρόν
1037 1035 1237 1125 ὑποβλέπειν

103 1125 146 1209 [p.
164 1129 235 1201 293,
251 1126 304 1203 22]
325 1120 407 1209 apud
428 1121 619 1185 Clementem
634 1120 872 1186 Alexandrinum
893 1122 933 1187 de
950 1125 1080 1188 Veneris
1098 1127 1237 1212 pusioni·
1299 1166 1300 1171 κ

102 1210 179 1274 bus:
201 1204 367 1290 κλαδοιοός
388 1219 491 1269 autem
511 1205 596 1270 idem
620 1227 654 1268 ac
674 1210 831 1271 tremulus.
877 1208 1237 1287 [Praeclarum'scholion
1282 1242 1285 1251 ·

103 1290 151 1358 eit
173 1297 207 1358 in
229 1316 325 1375 marg.
351 1291 428 1359 cod.
449 1290 542 1354 Bodl.
567 1313 617 1378 ap.
636 1292 763 1355 Potter.:
792 1291 992 1379 Κλαδοιρὸν,
1012 1293 1239 1378 κεκλασμένον

63 1448 69 1465 ‚
103 1378 160 1446 ιιοιλ
181 1377 319 1445 ἔκλυτον
339 1375 396 1442 καὶ
418 1371 456 1441 τὰ
484 1372 657 1459 ἐπαγωγὸν
677 1372 906 1461 σοφιζόμενον.
958 1377 1142 1463 Κλνδαρὸν
1163 1375 1239 1445 ἀντὶ

103 1468 167 1531 τοῦ
182 1461 423 1531 bactrianorum
445 1454 627 1545 brittanni
648 1458 693 1545 μή
718 1460 850 1547 βλέπειν
869 1462 1140 1550 ὑποπτενθῆναι,
1162 1462 1239 1532 κλέ-

103 1566 234 1617 πτουσα
249 1548 285 1616 δὲ
304 1546 342 1616 τὸ
359 1544 443 1635 inpia
458 1551 499 1632 τῇ
521 1545 731 1630 neamenim)
746 1545 851 1637 ταύτῃ
865 1548 1005 1639 γνώμῃ]
1048 1553 1239 1637 Hesychius:
1261 1574 1266 1583 ‘

104 1634 391 1721 νλοιδαοόμματοι,
415 1626 576 1699 εὕοειστοι
596 1630 638 1700 τὰ
660 1631 801 1718 inuata.
968 1648 971 1653 ’

161 1746 164 1751 ’
191 1745 242 1805 23.
264 1735 395 1821 Quibus
415 1744 450 1798 et
470 1728 576 1802 diona
590 1742 666 1800 'aute
680 1732 861 1822 perditus,
883 1737 967 1821 aba]
989 1741 1135 1807 Horatius
1154 1739 1307 1826 Satissfflttt)

105 1848 209 1890 rarum
220 1826 291 1890 libri
303 1822 344 1888 Π.
364 1824 486 1909 quinta,
507 1846 539 1887 v.
553 1826 595 1889 96
610 1843 694 1969 sap:

210 1974 224 1985 ,,
233 1908 286 1976 Im
313 1918 458 1973 ortunae
469 1915 568 1972 amat
581 1905 641 1970 iau
667 1906 751 1971 ari?
772 1902 882 1972 donec
903 1906 983 1972 ohe
995 1908 1113 1996 jam!
1156 1974 1162 1995 ,

234 1994 271 2061 A
317 1992 452 2065 coelum
466 1990 625 2057 aeonibus
638 1989 785 2057 sublatis
802 1991 952 2072 dixerit,
976 2016 1063 2082 urge
1079 2006 1113 2060 et

236 2076 456 2146 Crescentem
471 2076 616 2144 tumidis
637 2076 725 2232 ir‘rpla
740 2071 957 2145 ‘sermonibus
978 2090 1112 2157 ratrem;
1163 2092 1171 2112 ’

107 2191 166 2231 usu
186 2166 291 2232 tritum
310 2166 391 2254 apud
407 2168 550 2230 Latinum
573 2164 636 2228 alre
683 2165 774 2228 icere
796 2187 852 2252 pro
869 2167 942 2230 satis
963 2178 1023 2232 est:
1046 2167 1102 2231 sed
1120 2167 1241 2251 Persius

108 2276 181 2317 cum
206 2255 251 2334 ei,
274 2255 326 2340 qui
346 2252 513 2315 immodica
531 2250 708 2315 laudatione
725 2250 913 2331 offendatur,
934 2251 967 2333 id
982 2253 1129 2339 loquendi
1146 2277 1242 2336 genus

106 2340 228 2420 tribuit,
249 2339 484 2402 Horatiilocum
506 2338 572 2401 sine
588 2335 682 2401 dubio
701 2349 772 2400 ante
792 2340 898 2401 oeulos
918 2339 1041 2404 habuit:
1064 2361 1156 2425 quare
1170 2343 1245 2405 alias

55 2476 57 2482 ,
107 2427 369 2512 interpretationes
390 2423 579 2487 comminisci
598 2423 662 2485 inte
697 2434 776 2486 retes
799 2445 863 2486 non
882 2421 1057 2486 debuerant.

196 2516 247 2575 26.
268 2509 326 2575 En
333 2508 455 2595 pallor
468 2445 696 2596 seniumqueH
712 2507 749 2571 In
766 2509 894 2595 epistola
907 2507 947 2572 ad
961 2506 1096 2573 Lollium
1109 2509 1260 2592 [XVIII]-

109 2597 447 2685 tibrop1tm0,v.47:
780 2620 782 2625 ·
839 2600 843 2606 ’

368 2678 579 2746 inhumanae
596 2678 731 2744 aenium
747 2676 878 2768 depone
895 2674 1080 2745 Camenae.

182 2786 253 2849 28.
275 2782 324 2849 Aa
337 2779 528 2869 pulchrum
548 2791 601 2845 eat
616 2780 728 2871 digito
746 2781 806 2864 m.]
828 2782 972 2845 Horatius
987 2781 1062 2861 [Sat.
1078 2781 1103 2863 l,
1118 2792 1146 2863 1,
1165 2783 1295 2865 51]:529
1314 2798 1316 2807 ’

273 2892 292 2931 r
321 2876 363 2949 at
376 2865 481 2933 errave
494 2875 548 2931 eat
560 2869 624 2951 [ex]
642 2889 770 2956 magna
786 2864 909 2945 tollere
923 2887 1057 2933 acervo.
1189 2926 1191 2935 ,

190 2976 264 3040 ,993
280 2968 365 3037 Ten’
383 2968 595 3034 cirratorum
614 2979 751 3033 centum
770 2967 905 3051 dietata
919 2964 1031 3055 fuisse
1051 2970 1120 3036 Pro
1134 2969 1248 3036 nitito·

108 3054 286 3148 pendani]
313 3056 351 3121 In
371 3058 434 3120 fine
446 3057 516 3120 libri
529 3055 554 3120 Ι.
571 3056 752 3136 Satirarum,
773 3056 930 3141 nitrea:

761 3161 810 3217 aa
821 3150 883 3204 tua
898 3136 1041 3203 demens

128 3226 134 3241 ⁴
248 3220 391 3294 Vilibus
410 3225 446 3289 in
465 3223 557 3290 ludia
576 3223 706 3290 dictari
727 3225 888 3290 carmina
909 3224 1043 3289 malis?

88 3323 97 3349 Χ
196 3336 253 3396 30.
276 3327 369 3394 Ecce
385 3326 474 3393 inter
482 3328 613 3415 pocula
627 3325 1022 3414 quaeruntRomulidae
1038 3327 1153 3392 saturi
1168 3324 1270 3417 qnid,

116 3414 181 3480 dia
195 3424 359 3503 poemata
370 3418 535 3496 narrent]
556 3415 593 3478 In
617 3417 744 3503 epistola
760 3414 800 3477 ad
815 3415 985 3496 Augustum
1001 3436 1033 3480 v.
1049 3419 1110 3479 109
1127 3436 1188 3500 sip:

438 3538 441 3543 -
695 3498 865 3587 puerique
872 3507 1064 3587 patresque
1080 3499 1191 3565 severi
1339 3560 1341 3571 ,

66 3654 70 3659 ,
247 3582 387 3651 Fronde
404 3606 521 3649 aomar
534 3582 644 3649 vincti
657 3596 805 3651 coenant
817 3594 853 3648 et
869 3583 1029 3648 carmina
1044 3582 1189 3664 dictant,
1310 3621 1313 3628 ·

116 3672 189 3757 pel,
209 3682 245 3733 ut
258 3674 374 3735 habent
389 3672 441 3735 alii
462 3671 545 3752 libri,
566 3668 705 3751 dicunt.-
726 3672 812 3760 quod
832 3673 957 3760 propius
977 3670 1095 3734 accedit
1108 3673 1146 3735 ad
1160 3672 1256 3753 fersii

105 3758 312 3825 sententiam.
697 3767 711 3793 '¹

209 3842 261 3909 35.
287 3844 414 3931 Tenere
431 3839 636 3928 supplantat
654 3839 759 3907 verbo
776 3838 923 3928 palata]
955 3842 1100 3906 Horatius
1121 3841 1161 3906 de
1180 3843 1258 3906 affe-

77 3978 86 3995 „
122 3940 201 3994 crata
214 3930 365 3993 balbutie:
476 3994 480 4001 ,
663 3993 666 3998 ,
784 3961 818 3973 1-

419 4010 523 4076 balba
538 4006 641 4096 feris
654 4032 784 4075 annoso
804 4009 907 4075 verba
919 4010 1050 4098 palato,

124 4100 228 4166 Satira
236 4097 293 4163 Ill.
312 4099 381 4164 libri
392 4097 433 4175 Π,
452 4121 485 4165 v.
500 4097 581 4179 274;
603 4096 833 4184 supplantare
857 4099 1036 4162 luctantium
1059 4110 1103 4162 est
1122 4100 1261 4175 verbum,

79 4234 82 4239 ·
123 4183 236 4276 ferire
251 4187 382 4249 cestibus
402 4185 612 4273 pugnantium.
747 4224 753 4239 ι
1163 4222 1166 4226 -

178 4333 182 4337 -
214 4289 264 4355 40.
295 4285 426 4366 Rides,
446 4287 516 4370 ait,
545 4293 582 4351 et
600 4284 704 4351 nimis
723 4285 819 4367 nna]
848 4286 956 4350 Horat.
978 4306 1027 4372 ep.
1051 4280 1264 4365 Xlx.1ib.1‚
1328 4290 1332 4301 '

100 4387 104 4391 ’
127 4374 242 4441 wll&
1057 4398 1060 4403 ·
1186 4375 1188 4378 ’

73 4460 77 4465 ’
592 4454 703 4530 rideo,
724 4455 794 4540 ait,
817 4467 851 4522 et
866 4453 963 4522 Jovie
982 4474 1057 4519 aur.
