2700 4972
26 430 29 435 .
101 326 212 439 mn
507 358 545 433 n·
591 344 831 431 rnrtsrr

102 544 261 608 Incusscre
283 538 358 601 deos
379 538 519 603 inflantes
528 552 685 625 tompore,
714 538 741 600 si
763 558 824 599 non

103 650 294 717 Praedictum
317 658 363 708 ter
384 668 475 710 mane
496 658 586 733 caput
608 646 773 726 gustaveris
794 644 853 707 altr.

190 755 312 820 Dixeris
333 756 411 816 haec
431 752 509 816 inter
531 754 686 817 varicosos
709 755 913 829 centuriones,

54 880 57 885 ⁴
106 865 259 931 Continuo
280 876 415 925 crassum
435 861 513 925 ridet
533 860 697 925 Vulsenius
717 860 824 940 ingens

104 973 144 1039 Et
165 982 287 1036 centum
308 964 443 1032 Graecos
462 981 545 1031 curto
569 977 708 1030 centusse
729 968 842 1030 licetur.

434 1538 457 1604 S
500 1542 526 1605 A
568 1540 596 1605 Τ
638 1541 654 1604 Ι
696 1539 726 1605 R
768 1541 793 1602 A
862 1538 917 1603 Vl.

353 1708 417 1760 no
458 1708 723 1763 crosrun
762 1660 1001 1762 erssuu.

196 1899 342 1964 Admovit
361 1901 424 1977 jam
444 1901 551 1962 bruma
573 1904 644 1963 foco
666 1911 712 1980 te,
739 1897 856 1977 Basse,
884 1896 1027 1961 Sabino?

106 2013 220 2091 ¹Jamue
242 2012 305 2089 lyra
328 2016 359 2067 ct
378 2007 483 2085 tetrico
505 2008 613 2070 vivunt
632 1986 688 2070 tibi
706 2008 825 2093 pectine
851 2004 1009 2069 chordae?

111 2119 191 2181 lllire
213 2096 318 2201 opifex
339 2113 474 2175 numeris
494 2126 634 2177 veterum
655 2114 821 2205 primordia
841 2134 955 2175 vocum

110 2228 207 2310 Atque
227 2242 346 2284 marem
367 2221 526 2304 strepitum
546 2220 619 2303 fidis
636 2220 803 2307 intendisse
825 2221 969 2293 Latinae,

111 2333 190 2397 Mox
208 2334 336 2410 juvenes
358 2327 470 2407 agitare
490 2331 577 2408 jocos
598 2340 630 2391 et
649 2330 759 2414 pollice
779 2331 911 2391 honesto

112 2438 258 2519 Egregios
279 2436 386 2498 lusisse
407 2436 520 2502 senes?
563 2434 645 2499 lllilri
664 2459 745 2499 nunc
767 2436 859 2517 Ligus
882 2457 935 2499 ora

112 2546 233 2631 lutepet
253 2530 453 2628 hibernatque
472 2565 580 2633 meum
599 2563 699 2623 mare,
727 2565 786 2629 qua
806 2546 886 2607 latus
904 2544 1012 2624 ingens
1120 2560 1124 2567 ·

115 2654 199 2719 Dant
218 2651 337 2737 scopuli
358 2661 389 2713 et
408 2647 504 2714 drulta
524 2652 605 2714 littus
625 2674 661 2715 se
681 2655 761 2716 valle
782 2662 925 2737 receptat.

114 2756 234 2825 Lunai
250 2765 414 2845 portum,
443 2766 495 2823 est
516 2778 665 2843 operae,
695 2756 908 2845 cognoscite,
938 2756 1052 2822 cives!

116 2869 177 2934 Cor
196 2870 281 2947 jubet
301 2868 362 2929 hoc
385 2862 483 2946 Enni,
510 2878 674 2959 postquam
694 2864 852 2933 destertuit
874 2887 942 2929 esse
1066 2938 1068 2943 ,
1117 2900 1121 2905 ·
1214 2872 1253 2933 1⁰

49 2994 53 3001 ·
113 2974 310 3054 Maeonides,
340 2970 473 3051 Quintus
494 2994 616 3058 pavone
637 2996 677 3037 ex
697 2973 900 3065 Pythagoreo.

59 3100 62 3105 ’
113 3084 191 3147 Heic
214 3103 271 3163 ego
292 3070 416 3143 securus
441 3081 542 3171 vulgi,
575 3094 606 3143 et
628 3080 700 3165 quid
722 3093 881 3167 praeparet
899 3082 1008 3145 Auster

113 3189 225 3254 Infelix
248 3188 367 3274 pecori3
395 3210 518 3251 securus
541 3199 586 3264 et,
615 3189 743 3268 angulus
763 3188 817 3251 ille

113 3297 218 3361 Vicini
239 3305 343 3357 nostro
366 3297 435 3379 quia
455 3297 613 3381 pinguior3
644 3295 700 3358 etsi
721 3291 801 3371 adeo
823 3310 934 3361 omues

114 3404 273 3468 Ditescant
293 3403 350 3464 orti
370 3404 542 3487 peioribus,
569 3424 666 3487 usque
687 3424 827 3471 recusem
853 3456 856 3461 .

115 3511 233 3576 Currus
255 3512 295 3572 ob
318 3507 351 3570 id
376 3509 474 3570 minui
496 3510 582 3571 senio
605 3521 655 3571 aut
678 3532 808 3573 coenare
826 3510 900 3601 'sirie
920 3524 1012 3575 uncto

113 3616 155 3680 Et
173 3618 294 3698 signum
315 3617 347 3678 iu
367 3617 478 3702 vapida
500 3638 575 3679 naso
596 3616 731 3699 tetigisse
752 3620 871 3699 lagena.

200 3723 360 3809 Discrepet
382 3726 430 3789 his
450 3727 538 3789 alius.
583 3722 751 3805 Geminos,
777 3716 1062 3812 horoscope‚‘raro

114 3827 259 3893 Producis
281 3832 382 3911 genio.
426 3832 507 3896 Solis
532 3833 681 3896 natalibus
704 3834 822 3919 estqui

114 3935 226 4016 'lingat
248 3940 314 4000 olus
335 3942 450 4003 siccum
471 3943 569 4003 muria
589 3942 680 4027 vafer·
695 3939 729 4003 in
750 3941 843 4011 culice
864 3953 982 4028 empta,
1212 3952 1252 4013 20

113 4041 186 4129 Ipse
207 4065 326 4106 sacrum
345 4050 483 4112 inrorans
504 4049 625 4136 patinae
646 4048 749 4135 piper:
775 4048 828 4109 hic
848 4051 932 4111 bona
954 4048 1045 4113 dente

116 4145 249 4212 Grandia
270 4158 483 4233 magnanimus
504 4157 621 4243 peragit
639 4154 723 4245 puer.
760 4146 839 4219 'Uter
860 4177 936 4237 ego,
961 4167 1043 4237 utar,

113 4407 242 4548 wesepte.
259 4407 306 4462 VI.
336 4409 368 4463 V.
386 4409 414 4467 3.
439 4408 587 4479 primordia
610 4426 705 4465 remur.
729 4438 762 4447 -
797 4408 828 4462 V.
848 4412 875 4467 9.
898 4418 1005 4481 portura
1029 4418 1070 4467 ert
1091 4428 1191 4483 operar
1210 4430 1251 4467 rr·
