2700 4972
315 336 380 403 so
401 290 571 403 ruasrr
592 330 814 425 sertata
835 336 899 403 rr.
1116 346 1181 411 en
1259 354 1261 359 ·

67 520 86 574 tt
100 503 261 595 γνώμων,
284 521 318 571 ut
329 512 430 574 solent
440 530 533 597 saepe
546 511 623 574 haec
636 509 692 572 tria
705 508 869 590 confundi,
892 510 1034 598 regulo,
1048 535 1180 597 norma,

67 593 345 683 erpendiculum,
387 617 445 658 uae
461 598 578 659 ratione
599 607 716 658 tantum
731 594 863 680 quadam
877 596 957 661 inter
972 620 1007 662 se
1027 599 1180 681 differunt,

67 694 158 747 esunt
170 681 273 745 idem':
284 694 358 743 'non
367 618 523 745 (dissimile
536 695 581 746 est
595 680 678 769 apud
693 681 863 745 ausoniam
883 685 916 745 in
931 686 1048 751 acroasi
1064 686 1180 769 Pytha-

67 771 142 830 )n'ca
155 765 195 829 de
211 769 377 832 virobono
395 768 479 848 [illt

234 900 239 909 .
599 897 603 905 .
678 848 829 941 angulus
849 851 970 941 aequis

123 928 294 1002 Portibus
317 946 355 1000 ut
377 944 494 1016 coeat,
520 935 611 1001 nibil
632 946 672 1001 ut
692 936 819 1002 deliret
841 937 999 1003 amussis.

67 1039 120 1087 um
136 1037 240 1087 autem
251 1025 387 1087 maxime

404 1108 513 1197 follit
531 1107 623 1197 pede
646 1131 682 1173 re
709 1109 772 1174 ula
792 1132 887 1191 voro,

67 1196 102 1274 el,
124 1206 158 1257 ut
173 1196 215 1257 ait
228 1194 385 1259 Juvenalis
401 1194 508 1279 leV,
526 1199 615 1277 109]‚
630 1132 738 1282 fnilit
751 1196 876 1263 vitium
890 1194 1005 1283 specie
1025 1198 1175 1279 uirtutis,

67 1303 106 1343 un
120 1282 219 1363 agitur
229 1279 269 1343 de
289 1280 499 1383 comparandis
512 1282 590 1365 inter
604 1304 638 1345 se
651 1285 775 1348 officiis:
798 1306 885 1363 nam,
907 1296 941 1345 ut
954 1284 1070 1349 erudite
1082 1286 1176 1351 doce-

67 1378 108 1429 mt
126 1366 237 1445 Stoici,
259 1366 515 1430 invemendorum
532 1368 705 1431 officiorum
724 1368 838 1456 duplex
851 1380 898 1432 est
910 1371 978 1434 via:
1001 1383 1107 1457 estque
1125 1375 1175 1435 in-

67 1452 156 1514 rdum
171 1452 308 1537 quaestio
323 1453 472 1541 simplex,
502 1474 572 1515 curn
590 1476 656 1516 rem
675 1478 732 1542 per
749 1478 784 1518 se
804 1454 1021 1541 expendimus,
1043 1459 1174 1523 honesta

67 1560 122 1600 :an
135 1559 216 1619 non3
237 1536 391 1601 interdum
401 1539 547 1625 implicita
562 1552 608 1602 est
622 1542 758 1625 quaestio
779 1554 904 1629 propter
921 1562 1013 1604 unam
1033 1545 1174 1629 pluresve

67 1624 281 1687 rcumstantias.
324 1624 461 1687 Laertius
475 1626 508 1686 in
529 1626 657 1689 Zenone
678 1625 716 1710 [ᾗ.
733 1632 774 1693 62
791 1649 815 1690 s.
837 1628 927 1706 109]:
949 1625 1031 1711 φασὶ
1050 1625 1093 1693 τὰ
1112 1627 1175 1714 μὲν

67 1700 327 1793 chintasindum
349 1704 430 1773 iirev
450 1704 685 1791 nantoideenc,
715 1708 754 1774 cci
770 1709 805 1775 at
826 1709 1060 1791 sepserunt.-
1082 1727 1173 1803 atque

67 1818 111 1858 mc
147 1807 244 1857 artem
264 1794 419 1858 doctrinae
432 1798 556 1858 moralis
570 1800 640 1859 fuse
659 1820 699 1859 ex
712 1796 943 1883 Theophrasto,
964 1796 1111 1863 Panaetio
1130 1804 1221 1865 etta?

67 1882 97 1945 {is
112 1817 238 1944 draecis
253 1882 426 1966 exsequitur
439 1878 544 1945 Cicero
561 1881 592 1945 in
609 1880 657 1944 ΠΙ
678 1880 728 1944 De
752 1884 876 1964 officiis,
901 1882 1003 1947 eidem
1024 1885 1058 1947 in
1077 1886 1168 1951 XVI.

67 1968 229 2030 istolamm
241 1965 281 2028 ad
295 1966 426 2029 Atticum
449 1966 510 2052 [ep-
528 1968 580 2048 11]
604 1962 760 2032 diciturne*
781 1964 866 2033 κατὰ
880 1967 1075 2050 περίστασιν
1089 1978 1171 2038 καθ-

67 2073 134 2127 ιον,
153 2051 238 2139 quod
251 2053 370 2115 Laertio
383 2050 624 2131 περιστατικόν.
1092 2066 1096 2083 ¹

118 2142 169 2205 13.
190 2134 243 2200 'Et
247 2137 344 2223 petis
357 2158 393 2199 es
406 2138 549 2227 nigrum
568 2138 653 2202 vitio
664 2135 868 2227 praefigere
892 2136 1013 2222 theru]
1032 2142 1103 2205 Hoc
1123 2155 1170 2211 est

67 2230 204 2287 sternere
221 2236 251 2286 et
264 2222 426 2305 damnare,
458 2246 528 2286 cum
546 2229 745 2288 recensebant
760 2228 921 2289 laterculos
939 2229 1087 2308 militum,
1109 2252 1169 2292 no·-

67 2310 165 2373 inibus
184 2330 305 2388 eorum,
328 2310 380 2395 qui
399 2311 566 2396 perierant,
588 2312 797 2398 praefigebant
816 2314 862 2377 d:
883 2314 945 2373 hoc
966 2325 1030 2375 erat
1047 2336 1168 2402 expun-

67 2417 109 2460 re.
151 2392 327 2460 Rufinusin
344 2396 581 2477 Hieronymum:
605 2393 644 2458 Si
663 2397 739 2485 quis
758 2406 899 2482 accepto
920 2393 1106 2476 breviculo,
1129 2400 1168 2464 in

67 2502 94 2543 ιο
108 2478 262 2543 militum
284 2480 426 2543 nomino
439 2479 672 2563 continentur,
696 2481 831 2545 nitatur
842 2482 1033 2568 inspicere,
1057 2506 1168 2571 quun-

67 2586 113 2629 ex
128 2562 300 2629 militibus
315 2566 506 2645 supersint,
530 2566 654 2654 quanti
671 2567 705 2631 in
720 2566 811 2631 betto
825 2568 1029 2651 ceciderint,
1052 2580 1086 2634 et
1108 2592 1166 2635 re·
1207 2634 1211 2643 ,

67 2650 167 2716 :irene
186 2650 247 2739 qui
266 2650 437 2751 inspicere
457 2652 581 2716 missus
604 2662 673 2732 est,
698 2654 883 2743 propriam
899 2649 1041 2735 notam,
1070 2656 1168 2722 derbi

67 2758 154 2814 ‚uaso
161 2785 175 2815 ,
198 2746 237 2800 ut
251 2732 323 2800 dice
337 2735 437 2818 solet,
461 2740 490 2802 Θ
506 2735 556 2801 nd
565 2737 833 2828 uniuscujusque
851 2736 1010 2827 defuncti
1025 2742 1166 2823 [θανόν-

67 2826 92 2904 ς]
109 2828 237 2887 nomen
253 2820 434 2887 adscribat
451 2824 641 2911 etproprin
660 2846 779 2889 rrrrsus
799 2834 883 2889 nota
904 2826 979 2907 [Ti.
1000 2850 1028 2890 e.
1042 2824 1164 2914 aqaed-

67 2908 140 2991 νοι]
164 2909 382 2997 superstitem
398 2910 532 2997 signet.-
554 2908 725 2997 numquid
743 2908 884 2975 videtur
901 2911 946 2988 is,
969 2912 1030 2999 qui
1043 2924 1165 2977 notam

67 2988 251 3083 ldefuncti
267 3016 391 3059 nomen
407 2995 550 3083 opponit
577 3004 612 3059 et
629 3008 694 3083 pro
721 2995 777 3060 rin
800 3018 920 3060 rursus
943 3006 1025 3060 nota
1039 3020 1164 3085 super-

67 3080 143 3158 ?tem
156 3079 293 3169 signat,
316 3078 408 3169 quod
423 3079 538 3171 egerit
554 3017 718 3169 aliquid,j
728 3080 776 3145 'ut
788 3082 847 3147 vel
863 3082 922 3147 hic
939 3078 1095 3166 defuncti
1106 3084 1166 3150 vel

67 3165 244 3231 evincatis
262 3188 424 3231 caussam
446 3164 646 3253 occiperet?
687 3166 790 3251 Etiam
809 3170 841 3231 in
864 3170 993 3255 antiquis
1013 3172 1164 3257 lapidibus

67 3258 113 3333 jus
125 3253 207 3335 signi
229 3256 331 3329 crebra
348 3265 452 3317 extant
470 3255 599 3335 vestigia
620 3252 793 3341 [dequibus
805 3254 926 3341 r.Lips.
943 3252 1012 3317 dial.
1026 3256 1066 3320 de
1081 3257 1163 3321 recta
1198 3262 1201 3267 '

67 3362 110 3402 rn.
130 3339 166 3403 L.
181 3339 216 3401 L.
234 3361 301 3426 cap.
321 3344 370 3406 14.
392 3336 450 3405 Pl.
474 3360 491 3402 a
514 3338 556 3400 ud
591 3362 663 3402 uem
680 3353 710 3403 et
723 3353 895 3421 grammatt.
909 3341 980 3409 loci,
1022 3343 1083 3422 „V.
1097 3343 1162 3409 Jos.

67 3426 135 3507 alig.
159 3422 344 3512 Coniectsp.
367 3424 467 3492 230.“
493 3361 621 3507 isVehld.
660 3422 811 3489 Sidonius
826 3427 1007 3513 Apollinaris
1020 3450 1094 3493 usus
1117 3442 1164 3493 est
1229 3508 1232 3515 Ι

67 3534 76 3574 r
97 3522 173 3573 nota
193 3512 309 3589 critica,
331 3512 428 3596 qualis
447 3524 510 3573 erat
526 3508 713 3574 Graecorum
731 3509 769 3576 nd
784 3510 836 3591 X,
859 3514 951 3597 quam
968 3513 1086 3577 literam
1106 3513 1162 3578 de-

67 3596 150 3685 patis
162 3597 239 3660 locis
252 3598 488 3684 praenotabant,
509 3608 544 3658 ut
558 3596 664 3660 ridere
679 3609 724 3660 est
742 3598 775 3659 in
790 3598 951 3684 poetarum
966 3600 1091 3664 scholiis
1105 3622 1162 3663 an-
1187 3602 1192 3633 ¹

67 3685 120 3749 uis.
165 3681 266 3747 Locus
284 3680 405 3745 Sidonii
418 3693 464 3745 est
479 3682 512 3743 in
526 3682 783 3767 hendecasyllabo
799 3682 838 3747 ad
857 3682 1009 3766 Magnum
1026 3682 1161 3751 Felicem

67 3770 136 3833 um.
157 3765 220 3848 IX,
237 3768 301 3835 835
314 3770 392 3861 sq.]=

104 3850 174 3917 Isti
189 3850 250 3939 qui
262 3848 361 3917 ualet
375 3851 575 3916 exarationi

104 3936 317 4005 Districtum
329 3934 437 4023 honus
450 3937 635 4024 applicare
650 3935 746 4002 theto
753 3959 766 4016 3

67 4038 172 4114 nputo
187 4036 291 4088 tamen
304 4022 433 4087 Latinos
456 4026 573 4089 criticos
589 4047 625 4087 ea
648 4026 732 4087 litera
752 4046 843 4106 usos,
864 4046 973 4091 rerum
988 4026 1159 4091 imitantem

67 4138 100 4177 nc
116 4116 220 4175 locum
234 4110 330 4174 Persii
343 4111 385 4175 ite
397 4112 535 4173 locutum
547 4133 615 4174 esse
631 4108 804 4173 Sidonium.

106 4200 155 4264 14.
179 4194 272 4277 Quin
287 4206 325 4259 tu
353 4194 361 4207 '
387 4193 488 4275 itun]
514 4194 649 4275 Quando
667 4198 744 4259 haec
770 4216 848 4281 quae
873 4195 937 4259 dixi
960 4197 1076 4273 nescis,
1107 4214 1161 4255 cur
1248 4206 1251 4213 ’

67 4285 222 4351 >emacula
233 4216 485 4367 meraheipub.
501 4294 532 4344 et
543 4282 668 4346 laudem
679 4283 802 4345 affectas
817 4280 961 4370 principis
972 4282 1072 4347 boni?
1156 4308 1211 4365 ³28

101 4368 249 4433 Summa
271 4365 501 4454 nequicquam
520 4365 616 4451 pelle
636 4364 809 4449 decorus]
844 4367 932 4431 Bene
959 4370 1021 4430 hoc
1041 4364 1158 4429 Neroni
1182 4390 1188 4403 ²

67 4456 178 4535 uenit,
201 4455 253 4540 qui
265 4454 413 4541 principio
429 4454 550 4539 imperii
565 4455 613 4518 sui
633 4454 675 4518 ita
690 4475 724 4519 se
738 4454 832 4537 gessit
849 4455 882 4517 in
895 4451 1158 4517 administratione
1287 4460 1291 4467 '
