2700 4972
166 274 232 403 ise
352 320 354 325 ’
549 322 976 414 ιιοίιιιιιιιιιιιιυε-

255 502 440 594 Oum'jum
460 502 549 570 cutia
571 525 683 592 aegro
708 503 881 589 tumebit]
916 505 1028 571 Morbo
1045 511 1116 597 ‘tarn
1133 521 1294 595 contracto,

127 666 129 673 Ι
187 591 218 655 ui
229 594 387 679 paullatim
400 603 573 673 generatum
594 591 650 657 sed
661 593 731 655 heic
749 594 882 673 intellige
896 594 1105 658 confirmatam
1124 598 1222 679 longo
1239 620 1295 661 mu

94 722 98 737 .
165 614 383 756 dissuasisset
404 692 568 741 commrme
588 689 634 739 est
647 679 790 741 omnibus
809 678 941 758 morbis,
962 679 1015 763 qui
1033 681 1116 743 foras
1133 680 1293 767 prodeunt,

163 774 199 825 ut
219 756 391 849 φλεγμονῇ
417 773 518 826 cutem
540 760 698 829 intendant
724 784 760 827 ac
781 775 934 827 tumorem
953 764 1101 847 excitent;
1123 768 1230 853 paullo
1247 768 1293 829 in-

56 887 57 891 =
162 849 275 916 terius:
341 882 344 887 ·
575 860 578 871 ’
963 892 965 897 -
1006 868 1009 874 ·
1144 912 1150 927 ,

494 929 604 1014 surgit
621 929 724 997 tacite
740 930 802 997 titt
814 931 909 996 lutea
915 931 1033 1020 pellis.

163 1018 381 1105 Hippocratese
418 1014 517 1083 oldier
543 1015 581 1083 τὸ
602 1021 716 1102 σώμαι
742 1018 907 1081 ludibrium
928 1018 1080 1083 debebant
1102 1017 1289 1083 medicorum

163 1105 250 1184 filiis,
264 1106 326 1190 qui
343 1105 530 1190 tympaniten
544 1106 612 1166 heic
626 1105 827 1167 somniabant.
851 1101 977 1181 [Gellius
991 1104 1099 1184 XVII,
1113 1106 1169 1169 15:
1197 1099 1289 1167 Um·-

164 1209 270 1274 ueque
284 1190 463 1269 (hellebori,
486 1189 607 1251 candidi
620 1200 650 1252 et
662 1189 752 1268 nigri)
774 1186 864 1251 Itane
879 1209 951 1252 esee
968 1188 1053 1264 vim,
1078 1197 1118 1251 ut
1132 1188 1288 1253 barneres

163 1275 298 1350 noxios,
319 1271 490 1360 inquibus
503 1294 627 1337 caueae
641 1271 834 1336 morborum
847 1281 943 1354 suut,
961 1272 1159 1339 extrabant.
1191 1273 1287 1354 Quare

163 1381 229 1423 non
244 1381 321 1445 opus
336 1371 383 1423 est
395 1370 429 1420 ut
444 1380 512 1422 eum
528 1359 647 1423 Plumio
670 1358 709 1420 de
726 1361 882 1421 helleboro
898 1361 984 1439 nigro
1001 1360 1189 1440 cogitemus,
1212 1360 1286 1447 quod

162 1444 338 1531 hydropicis
350 1443 468 1507 mederi
480 1455 583 1505 auctor
598 1455 644 1507 est
656 1443 733 1506 Plin.
747 1445 787 1508 H.
798 1443 837 1505 N.
847 1442 964 1522 ·XXV,
979 1451 998 1513 ὀ
1014 1444 1284 1527 eDioscorideIV,

165 1535 244 1608 161,
266 1529 306 1592 de
326 1531 435 1615 quibus
456 1528 561 1593 Celsus
579 1528 641 1607 111,
657 1533 717 1592 212
745 1524 896 1615 hydrope
916 1523 1003 1612 fieri
1016 1538 1138 1618 potest
1156 1528 1283 1618 longiae,

162 1612 234 1679 nter·
240 1612 370 1701 primia
385 1610 507 1676 diebus
517 1612 751 1692 succurritur]

222 1708 224 1715 ’
248 1699 300 1766 65.
320 1697 372 1765 Er
405 1696 468 1763 uid
480 1720 565 1785 opus
580 1696 722 1763 Cratero
738 1698 883 1785 magnos
901 1697 1103 1785 promittere
1120 1700 1282 1783 monuit]

160 1785 233 1849 Auri
243 1806 355 1871 nempe
369 1719 424 1864 [de
435 1789 526 1848 locut.
541 1788 580 1851 cf.
593 1784 669 1863 Pl.];
690 1785 789 1846 obiter
803 1785 945 1849 Satiricus
956 1786 1111 1850 stultitiam
1127 1808 1236 1849 eorum
1247 1788 1282 1849 ri-

161 1869 232 1951 det,
254 1871 306 1956 qui
317 1873 456 1950 neglecta
469 1891 538 1933 oure
550 1868 734 1934 valetudinis
750 1891 946 1953 peromnem
963 1872 1058 1935 vitam
1073 1873 1159 1951 aegri
1174 1884 1281 1958 postca,

159 1957 214 2019 ubi
226 1956 332 2019 mortis
349 1955 516 2041 periculum
538 1954 697 2017 admotum
717 1968 798 2017 esset
818 1957 957 2042 propius,
979 1956 1056 2017 nihil
1074 1977 1141 2017 non
1161 1957 1281 2021 medicis

157 2041 375 2126 promittebant
390 2051 437 2119 et,
457 2052 492 2101 ut
509 2040 550 2102 ait
564 2039 680 2102 Seneca
696 2037 746 2101 De
758 2043 904 2104 brevitate
924 2042 1005 2104 ritae
1024 2039 1063 2120 [c.
1078 2039 1125 2120 8],
1147 2043 1280 2105 medice-

158 2147 228 2189 rum
242 2146 341 2206 genua
354 2128 533 2205 tangebant,
556 2127 641 2210 quasi
652 2135 732 2187 esset
743 2126 776 2186 in
791 2147 898 2187 eorum
910 2136 1058 2211 potestate
1077 2124 1197 2189 morari
1209 2130 1279 2207 fata;

158 2213 252 2275 etiam
265 2210 419 2297 Epictetus
433 2209 514 2315 apud
526 2210 683 2273 Arrianum
691 2212 964 2274 horumstultitiam
974 2211 1068 2296 carpit
1078 2212 1132 2273 lib.
1147 2210 1205 2279 III.
1221 2234 1278 2317 cup.

158 2299 228 2372 πῶς
240 2296 291 2362 δεῖ
304 2292 418 2377 φέρειν
431 2317 490 2371 τας
504 2290 636 2370 νόσους.
658 2293 717 2374 [est
730 2296 773 2377 8.]
796 2297 921 2358 aitinter
935 2307 1065 2357 caetera:
1086 2294 1119 2359 el
1128 2300 1280 2363 sciemu-

157 2400 206 2456 εις
222 2377 282 2445 cdv
301 2378 435 2460 ἰαιρόνι
454 2380 486 2444 τί
505 2375 721 2463 sternatur
735 2376 808 2465 [οὐ]
823 2377 933 2465 θέλῃς,
947 2377 1056 2459 κύριε,
1078 2384 1190 2458 καλῶς
1208 2378 1277 2461 iim

156 2465 190 2529 τί
201 2464 350 2548 παρέχεις
362 2459 453 2550 αὐτῷ
465 2458 624 2548 ἀφορμήν
636 2468 699 2530 τοῦ
716 2460 976 2551 tributorem
1001 2464 1046 2547 [ξ.
1062 2466 1110 2531 15.
1135 2501 1175 2515 -
1196 2465 1278 2533 Gra·

156 2559 265 2629 derue,
287 2550 498 2613 celeberrimus
515 2551 669 2630 medicus,
690 2564 877 2616 memoratus
890 2572 908 2614 a
928 2550 989 2615 Cic.
1002 2549 1042 2613 ad
1054 2551 1142 2616 Attio.
1154 2551 1231 2635 XII,
1242 2558 1283 2620 18·

73 2696 77 2707 ,
156 2636 240 2702 et14
255 2647 286 2699 et
297 2637 403 2698 Horat.
417 2634 481 2699 Sat.
494 2633 535 2716 II,
551 2642 581 2714 3,
602 2635 686 2716 161.]

241 2718 472 2797 saltitem,
499 2742 518 2783 ο
541 2717 674 2796 miseri,
709 2728 746 2783 et
768 2738 909 2783 caussae
928 2721 1275 2807 cognoscite-rerum]

153 2805 225 2871 Iam
240 2806 371 2869 declarat
382 2805 504 2869 Stoicus
516 2807 583 2885 hic,
604 2805 687 2868 unde
698 2798 829 2892 petenda
848 2808 908 2870 sint
923 2806 1066 2871 adversus
1085 2808 1183 2871 animi
1200 2830 1278 2873 mor·

102 2896 235 2971 mbos,
258 2891 418 2978 dequibus
433 2890 524 2970 dixit,
544 2902 624 2954 certa
638 2891 790 2955 remedia:
812 2890 851 2952 ad
866 2891 1093 2978 philosophiam
1104 2916 1219 2980 nempe
1230 2898 1282 2974 ju·-

42 3044 48 3055 ,
152 2999 249 3042 venes
265 2980 345 3040 suos'
357 2977 469 3056 rejicit,
489 2998 568 3061 quae
587 2977 729 3057 magistre
748 2976 844 3055 ritae,
871 2999 1002 3060 monum*
1013 2979 1174 3041 formatrix
1192 2992 1224 3042 et
1238 2978 1276 3042 ad

154 3066 249 3128 vitam
264 3065 385 3127 beatam
402 3073 465 3125 tuta
478 3065 528 3126 ria
541 3083 576 3125 ac
592 3074 679 3127 certa
722 3060 828 3144 Neque
843 3083 917 3125 vero
938 3073 1096 3127 contentus
1112 3075 1159 3127 est
1178 3077 1276 3129 noster

153 3148 260 3212 doctor
277 3147 431 3234 discipulis
452 3150 547 3212 verbo
567 3146 717 3210 indicasse
736 3147 948 3232 philosophiae
964 3169 1080 3209 nomen
1101 3161 1132 3211 et
1152 3148 1275 3231 digitum

152 3238 254 3297 solum
268 3232 307 3295 ad
323 3236 443 3297 fontem
457 3231 637 3296 intendisse:
657 3232 730 3316 quin
743 3233 844 3317 potius
858 3234 1037 3295 excellentes
1050 3232 1191 3297 medicus
1208 3234 1275 3297 imi-

151 3330 246 3397 tatur,
268 3319 334 3402 qui,
355 3328 389 3379 ut
405 3339 443 3380 co
458 3319 599 3381 libentius
613 3318 782 3381 salubribus
797 3317 859 3380 suis
880 3317 1012 3380 consiliis
1032 3321 1274 3404 obtemperantes

150 3414 290 3483 aegrotos
304 3405 452 3479 habeant,
473 3405 563 3466 simul
581 3415 611 3466 et
621 3402 843 3465 medicamenta
861 3403 1067 3488 praescribunt
1083 3408 1115 3466 el
1135 3408 1274 3491 cujusque

148 3488 271 3550 illorum
283 3499 420 3550 naturam
435 3486 583 3567 indicant,
603 3500 637 3551 ut
650 3489 745 3551 sciant
756 3489 815 3566 illi,
837 3485 991 3571 quidinde
1000 3490 1136 3551 babeant
1145 3510 1273 3574 sperare.

150 3572 311 3635 Simillime
329 3584 361 3635 et
375 3583 479 3635 noster
496 3571 602 3637 doctor
619 3575 662 3636 sic
676 3577 864 3651 juventutem
885 3593 973 3634 suam
990 3571 1029 3634 ad
1046 3575 1284 3660 philosophiam

148 3659 258 3737 rejicit,
279 3669 313 3719 ut
331 3658 424 3721 simul
442 3658 599 3721 utilitatem
618 3657 771 3736 ostendat,
799 3679 890 3742 quam
909 3661 1027 3733 exejus
1048 3661 1223 3739 cognitione
1237 3661 1277 3723 sit

147 3754 334 3829 perceptura.
366 3744 436 3805 Hoc
451 3744 541 3823 igitur
553 3755 588 3805 ut
600 3749 704 3829 paucis
716 3755 889 3827 praestaret,
912 3744 1078 3828 praecipuis
1092 3744 1272 3829 quibusdam

147 3830 272 3890 moralis
284 3827 437 3890 doctrinae
450 3830 594 3912 capitibus
607 3832 640 3891 in
652 3829 790 3890 medium
802 3830 897 3889 allatis
909 3826 948 3889 ad
961 3829 1041 3892 illius
1053 3851 1193 3892 aurorem
1209 3852 1270 3893 cor-

148 3910 236 3975 datos
252 3916 377 3991 juvenes
389 3914 536 3977 accendit.
577 3915 700 3976 Habent
712 3915 800 3989 igitur
813 3915 880 3974 heic
893 3916 1019 3977 lectores
1036 3917 1166 3978 brevem
1177 3936 1272 4001 quan-

147 3995 221 4059 dem
237 3991 381 4072 σύνοψιν
393 3999 552 4062 universae
563 3999 775 4088 philosophiae
794 4000 924 4060 ethicae:
945 4011 1049 4082 estque
1064 4001 1115 4060 bic
1129 4002 1215 4081 locus
1226 4004 1270 4063 lu-

147 4085 283 4146 culentus
296 4085 386 4167 plane
398 4095 429 4145 et
437 4084 566 4148 illustris.
611 4081 733 4165 [Quare
746 4084 927 4164 Augustinus
942 4082 980 4145 de
996 4085 1053 4148 cir.
1067 4084 1110 4150 D.
1122 4085 1164 4164 II,
1184 4092 1205 4151 6
1223 4087 1269 4147 in-

145 4178 265 4249 tegrum
279 4168 457 4252 exscripsit]

232 4248 265 4315 Ο
284 4251 430 4333 miseri]
458 4252 645 4333 Ignorantia,
674 4253 848 4339 praesertim
870 4275 990 4335 eorum,
1018 4277 1095 4340 quae
1116 4254 1156 4319 ad
1175 4256 1268 4320 ritem

144 4339 234 4401 beate
248 4338 399 4417 agendam
419 4351 568 4423 spectant,
592 4343 708 4402 malum
719 4342 771 4402 vel
791 4338 970 4403 maximum.
1012 4341 1152 4415 Stoicum
1169 4353 1275 4403 autem.

144 4434 192 4486 est
202 4416 327 4488 scitrun':
347 4435 464 4511 praeter
478 4446 574 4489 unum
587 4426 758 4514 sapientem
778 4422 912 4509 reliquos
929 4414 998 4491 dese
1014 4450 1123 4513 omnes
1140 4428 1268 4493 miserm
