2700 4972
43 372 46 377 ¹
164 287 229 367 ‚sss
490 250 954 385 'counnucsuius

163 456 323 538 ultimum,
344 476 409 523 non
429 454 530 518 solum
550 450 701 538 τάγαθὸν
723 466 754 518 et
773 451 867 533 τέλος
888 470 1015 538 vocant,
1036 456 1096 525 ted
1113 455 1294 541 emmim
1326 494 1329 501 ·

166 544 324 626 sagittnriis
339 563 451 605 vocem
463 542 606 617 mutuati,
627 552 661 603 ut
675 540 763 604 docet
776 540 949 607 Aristoteles
982 545 1060 606 rimo
1075 542 1296 613 Nicomachee-

167 652 237 697 rum
252 626 353 710 [c.2]:
369 614 441 706 'Ab'
462 614 542 706 οὖν,
563 627 675 729 inquit,
698 623 849 707 καὶπρὸς
869 623 931 691 τὸν
951 566 1029 710 iios
1051 622 1073 712 ἡ
1097 632 1221 713 γνῶσις
1240 632 1297 695 τοῦ

168 712 283 795 τέλους
294 705 438 797 μεγάλην
451 707 515 795 ἔχει
528 709 651 795 iosus·
674 709 730 783 uui
749 710 902 794 καθάπερ
916 709 1049 790 τοξόται
1067 712 1201 782 στοιὰν
1216 712 1296 801 ἔχον·

118 812 248 881 istnc,
269 800 395 882 μᾶλλον
411 790 453 860 siv
471 793 689 880 τυγχάνωμεν
702 801 764 861 τοῦ
781 794 923 875 δέοντος.
967 797 1120 867 Graecam
1140 798 1297 865 dictionem

171 886 313 973 exprimit
334 894 438 946 noster
461 905 531 946 cum
552 884 610 948 ait:
632 881 699 946 Est
718 881 856 967 aliquid
876 905 939 970 quo
970 882 1110 948 tendis?
1131 882 1218 968 {gete
1233 882 1297 950 etuti

171 969 311 1053 προθείς
327 982 381 1032 σοι
396 968 457 1031 τοῦ
474 968 551 1051 βίον
575 963 718 1042 susacim
747 969 789 1031 llc
810 970 878 1032 finis
896 968 1021 1054 quidem
1045 972 1099 1034 ille
1120 974 1245 1036 ultimus
1261 984 1298 1035 est

170 1079 297 1144 scopus,
318 1053 359 1118 ad
374 1052 542 1139 quem'tota
563 1054 625 1117 vita
647 1053 887 1118 collineantlums
915 1055 1052 1135 singulae
1074 1078 1153 1119 vero
1176 1059 1297 1121 actiones

95 1210 97 1215 ,
168 1145 263 1221 instar
278 1141 450 1220 sagittarum
463 1150 547 1217 sunt,
592 1160 644 1204 uas
660 1138 773 1202 eodem
786 1141 1063 1222 jecimuspsubjicit
1079 1140 1203 1206 Seneca
1215 1140 1296 1209 metio

170 1229 267 1293 allatis
279 1227 397 1291 verbis:
419 1220 517 1287 Scire
530 1160 630 1309 delet
645 1220 729 1311 quid
741 1233 842 1308 petet
857 1223 940 1300 ille,
963 1225 1024 1313 qui
1042 1225 1221 1313 sagittam
1235 1226 1296 1291 vult
1339 1262 1340 1277 ν

66 1336 69 1343 ’
171 1311 310 1378 mittere
320 1356 330 1388 ,
353 1318 388 1371 et
402 1317 482 1372 tuna
504 1305 658 1396 dirigere
677 1317 712 1373 et
726 1306 905 1372 moderari
922 1331 1029 1373 manu
1045 1314 1178 1375 telum:
1199 1334 1293 1401 scupus
1336 1306 1340 1371 .'

171 1411 217 1462 est
231 1395 417 1483 quipetitus3
439 1396 565 1474 sagittae
579 1407 609 1457 et
622 1396 765 1469 tela'sunt
779 1395 913 1459 actiones
932 1397 1024 1460 vitae.
1060 1397 1156 1461 Philo
1175 1398 1293 1465 Judseu
1336 1376 1340 1423 ¹

172 1482 225 1551 De
242 1480 420 1545 confusione
433 1481 619 1560 linguarum:
641 1481 785 1543 πλοῦτον
799 1473 822 1561 ἢ
835 1479 937 1555 δόξαν
950 1476 1088 1558 ἕκαστος
1102 1477 1220 1549 αὐτῶν
1233 1498 1292 1549 m
1336 1476 1340 1503 ¹

57 1574 63 1583 '
169 1565 237 1634 τόν
251 1561 504 1647 προτοθειμένος
517 1560 569 1627 ἐπὶ
582 1567 702 1628 τοῦτον
716 1559 824 1642 ὥσπερ
844 1560 922 1646 βέλη
937 1560 994 1640 τὰς
1006 1570 1068 1631 τοῦ
1083 1568 1166 1650 βίον
1179 1564 1292 1649 πράξιος
1335 1632 1340 1655 p

171 1648 302 1728 ἁπάσας
316 1644 443 1733 ἀφίησι.
485 1649 575 1712 Idem
589 1651 622 1712 in
635 1651 712 1712 libro
728 1649 767 1711 cle
782 1648 1018 1713 sacn'liciisCain
1034 1665 1066 1714 et
1076 1655 1173 1717 Abel:
1195 1656 1290 1741 οτοτᾷ
1336 1656 1340 1713 f

169 1737 231 1824 pin
244 1732 282 1802 τό
297 1730 496 1818 κεφάλαιον,
525 1732 632 1818 βέλεσι
653 1731 690 1800 tt
712 1731 820 1799 ἔοικεν
842 1728 1086 1822 ἡκαταονευῆε
1109 1739 1155 1801 ita
1173 1740 1290 1823 intellige

169 1824 327 1912 sequentis
337 1820 555 1888 Persiiverba:

500 1929 535 1984 et
551 1919 586 1984 in
603 1915 695 2007 quod
706 1916 833 2007 dirigis
848 1924 996 1989 arcum?
1337 1974 1340 2001 2

170 2030 270 2118 aptius
284 2041 389 2093 tamen
401 2037 431 2089 et
447 2025 565 2104 singula
578 2026 658 2085 sacta
682 2035 713 2085 et
731 2023 809 2086 dicta
829 2028 943 2106 sagittis
963 2027 1198 2108 assimilaveris,
1338 2066 1340 2095 2

171 2118 263 2180 arcui.
304 2113 452 2196 Virgilius
464 2112 496 2175 in
508 2108 611 2175 Culice
627 2130 691 2172 non
709 2106 849 2177 dissimili
866 2112 1013 2199 loquendi
1033 2135 1150 2196 genere
1174 2048 1292 2199 (taxilli

171 2206 214 2271 88
234 2224 279 2266 s·
306 2224 316 2268 s

217 2334 220 2343 .
251 2203 296 2288 q]
691 2275 760 2344 tuo
781 2278 889 2345 mittit
910 2289 945 2346 et
964 2302 1084 2348 omues
1199 2292 1202 2297 '
1247 2294 1250 2299 '

109 2372 115 2385 ’
257 2366 399 2458 Dirigit
422 2365 488 2432 hue
508 2384 648 2430 sensus:

172 2474 217 2538 sic
231 2473 441 2557 enimlhabent
453 2468 594 2552 antiquae
605 2469 818 2549 membranae,
842 2480 876 2530 ut
897 2471 981 2534 testis
999 2482 1045 2534 est
1062 2471 1221 2559 Josephus
1236 2468 1294 2535 se

172 2562 267 2640 liget-3
288 2570 319 2621 et
340 2568 386 2621 est
408 2577 444 2619 ea
466 2555 556 2618 lectio
579 2553 809 2633 elegantissima.
838 2555 958 2638 [Vulgo
979 2557 1078 2620 enim:
1101 2555 1171 2621 que
1192 2552 1295 2621 imni·

174 2653 235 2710 net
258 2643 310 2729 οξ]
561 2650 564 2655 “
1004 2706 1008 2711 ,
1200 2642 1208 2651 ”

145 2802 147 2809 ,
262 2750 315 2811 61.
335 2738 395 2809 Au
407 2735 545 2827 passim
559 2737 711 2823 sequeris
723 2760 841 2804 corvos
859 2748 1013 2829 testaque
1030 2742 1197 2833 lutoque]
1221 2737 1296 2809 Viu

176 2830 250 2898 sine
259 2826 440 2919 proposito
456 2846 549 2913 vagu
564 2833 625 2898 est,
642 2825 744 2910 'inquit
757 2825 875 2891 Seneca
888 2831 976 2931 epist.
990 2829 1101 2897 XCV:
1124 2834 1205 2895 hanc
1216 2829 1296 2895 unu

177 2918 319 2984 describit
331 2916 399 2979 heic
417 2912 553 2990 Persius,
577 2920 608 2973 et
619 2931 706 2988 eum,
729 2913 780 2995 qui
796 2914 838 2976 ita
850 2915 941 2995 vivit,
962 2917 1096 2981 similem
1115 2918 1162 2979 illi
1176 2936 1242 2981 esse
1258 2912 1297 2975 tli-

164 2996 236 3085 eit,
258 3004 310 3090 qui
326 3020 434 3066 corvos
449 3009 479 3061 ct
492 2995 525 3063 id
540 3017 634 3076 genus
650 3017 723 3059 aues
736 3009 864 3061 sectetur
888 3000 998 3081 [cursu]
1022 3008 1192 3089 caperequ'e
1211 3002 1296 3063 inten-

178 3090 230 3154 dat
241 3111 305 3152 non
318 3106 422 3163 arcus,
444 3081 501 3146 sed
516 3093 610 3144 testae
626 3081 720 3143 lutive
735 3085 932 3160 jaculatione:
954 3086 1038 3171 quod
1050 3088 1121 3172 quia
1133 3109 1192 3175 per
1208 3102 1296 3149 rerum

176 3178 317 3241 naturam
330 3193 388 3236 nec
404 3171 482 3234 solet
492 3189 550 3229 nec
561 3177 660 3253 potest
672 3168 752 3246 fleri,
774 3170 825 3252 qui
839 3170 872 3231 id
884 3169 1131 3236 tentantGraeco
1145 3168 1295 3260 proverbio

177 3262 275 3326 notati
288 3269 376 3334 sunt,
396 3252 437 3318 sni
450 3248 611 3337 πετόμενα
625 3247 755 3329 διώκει,
777 3254 858 3339 quod
872 3257 904 3318 in
918 3260 1026 3321 stultos
1045 3269 1075 3320 et
1093 3261 1205 3321 fmsna
1222 3258 1297 3319 latu

177 3357 279 3410 rantes
298 3337 473 3405 dictitabant
486 3338 537 3417 [V.
551 3335 726 3402 Blomtiett
742 3337 782 3400 ad
798 3340 938 3424 Aeschyl.
961 3343 1016 3422 Ag.
1036 3344 1110 3409 385.
1134 3339 1212 3425 W.]
1251 3338 1298 3403 se-

126 3433 181 3489 270
187 3451 282 3495 necas
292 3431 376 3491 locus
390 3424 466 3487 mire
478 3425 560 3484 hunc
573 3424 731 3486 illustrabit
745 3445 762 3487 e
776 3425 828 3487 lib.
849 3426 899 3489 De
913 3428 976 3492 vita
991 3430 1081 3491 beata
1098 3429 1136 3506 [c.
1153 3432 1200 3509 11:
1223 3422 1299 3491 Pro·

179 3510 376 3605 ponentium
389 3516 441 3572 est
447 3507 601 3592 primum
616 3504 699 3592 quid
712 3504 757 3571 sit
772 3508 863 3595 quod
875 3522 1053 3596 petamus;
1068 3526 1163 3589 moxi
1188 3510 1299 3592 Quum·

182 3600 243 3665 diu
258 3594 392 3686 quidem
415 3591 548 3679 passim
567 3612 758 3677 vagamur,
780 3617 848 3659 non
866 3597 989 3662 ducem
1008 3598 1131 3678 secuti,
1155 3595 1218 3663 sed
1229 3595 1301 3681 sre-

76 3712 80 3727 ·
181 3686 306 3753 mitum
319 3689 354 3745 et
367 3680 558 3744 clamorem
570 3674 744 3741 dissonum
760 3679 796 3743 in
808 3680 945 3746 diversa
959 3685 1176 3761 vocantium,
1200 3688 1302 3747 conte-

182 3765 460 3837 riturvitainter
476 3783 630 3839 errores3
653 3775 683 3825 et
693 3766 812 3833 statim:
836 3764 942 3832 Nitit
962 3790 1046 3859 ergo
1070 3762 1190 3858 magis
1206 3786 1302 3855 prat·

182 3853 345 3921 standum
365 3860 417 3915 est
440 3871 546 3937 quam
571 3869 612 3911 ne
632 3868 794 3935 pecorum
812 3850 881 3915 ritu
904 3875 1087 3940 sequamur
1109 3852 1303 3919 anteceden-

184 3943 272 4008 tium
282 3959 446 4029 gregem,
465 3942 647 4023 pergentes
664 3956 730 3997 non
744 3936 972 4022 quaesendum
988 3948 1052 4017 est,
1075 3939 1137 4003 sed
1151 3962 1221 4028 qua
1235 3937 1303 4001 itur·

180 4108 183 4115 .
266 4042 326 4108 An
338 4038 472 4126 passim
489 4035 643 4123 sequeris
656 4043 796 4120 corvos]
819 4041 870 4104 Sic
888 4042 1022 4125 passim
1041 4041 1174 4107 sectari
1190 4036 1304 4129 proju-

183 4140 264 4197 tutu
276 4128 357 4215 apud
373 4127 524 4190 Senecam
547 4124 580 4184 in
601 4124 753 4209 epistolis:
776 4148 849 4190 sves
869 4141 987 4209 autem,
1009 4151 1088 4216 quae
1118 4132 1236 4215 passim
1259 4146 1307 4212 pu·

181 4228 322 4292 seuntur,
342 4225 460 4276 veteres
477 4208 575 4270 latini
589 4207 749 4291 passales
766 4223 797 4273 et
808 4213 969 4297 passales
982 4221 1048 4302 [ap.
1070 4215 1190 4295 ΕΜ,
1212 4207 1308 4277 Graeci

182 4293 389 4388 νομαδικούς
401 4309 433 4360 et
447 4291 591 4367 εἰκαίους
605 4292 753 4357 dixerunt.

272 4381 445 4469 Tectaque
460 4379 621 4464 tutoque]
643 4379 701 4445 His
716 4381 843 4467 utimur,
872 4336 991 4473 quoties
1007 4408 1070 4452 non
1085 4397 1171 4451 cetto
1195 4379 1309 4449 consilio
