2700 4972
111 380 176 445 roa
475 310 884 437 commeruimus

111 565 247 619 omnes
269 554 300 609 et
317 534 463 629 permulti
482 542 543 623 aL:
572 528 794 623 Nascuntur,
820 550 856 604 ut
877 539 909 603 in
932 542 1082 605 lemmate
1105 536 1189 623 cae3
1212 540 1235 603 in
1271 573 1276 612 ι

110 644 215 699 textu:
237 624 464 707 Nascantur]
576 626 579 631 ’
934 686 937 691 .

201 739 272 802 130.
296 728 367 812 Qui
384 738 423 793 tu
440 724 645 877 imgunitior
664 726 781 811 errici]
812 726 899 809 Quid
918 749 1048 793 messae
1068 727 1152 793 dices
1173 750 1235 803 esee,
1271 702 1276 785 Ι

113 844 167 887 cur
178 833 231 884 tua
243 820 354 883 melior
370 817 480 880 sitcon
504 815 572 895 lio,
595 835 688 899 quam
710 815 845 902 ejusqui
864 815 1044 881 servitutem
1065 816 1235 901 corporalem

112 909 164 972 alii
186 905 302 970 servit?
350 898 481 983 Egregie
504 896 621 965 Seneca
642 898 833 965 Naturalium
851 900 905 963 lib.
924 898 981 964 111.
1002 901 1118 987 [prael.
1138 902 1234 981 extol:

113 991 222 1056 Liber
238 984 363 1072 estqui
377 984 579 1053 seruitutem
592 980 720 1073 effugit
731 984 796 1049 sui.
834 982 937 1051 Haeo
952 994 1006 1047 est
1018 982 1234 1051 occiduoru-

44 1077 210 1159 (l'tttvitue
237 1083 272 1139 et
294 1068 526 1137 ineluetabilis
554 1078 591 1132 et
610 1090 676 1157 per
708 1069 802 1135 diem
829 1092 873 1135 oo
896 1080 1035 1135 noctem
1058 1070 1233 1159 aequaliter
1274 1106 1276 1187 a

110 1182 291 1253 premens,
320 1156 394 1223 sine
418 1153 629 1233 intervallo,
658 1155 731 1220 siue
757 1165 964 1220 commeatu.
1017 1154 1096 1222 Sibi
1121 1155 1232 1220 seruire
1273 1210 1276 1235 Ι

107 1244 327 1339 grauissima
350 1241 499 1309 serviem
522 1251 584 1304 eet.
617 1240 795 1318 ¹Boethius:
819 1244 995 1307 Extrema
1020 1254 1075 1309 eat
1095 1242 1233 1329 servitur,

112 1356 191 1400 cum
216 1331 356 1396 animae
377 1327 472 1393 vitiis
497 1324 639 1389 deditae
671 1328 819 1393 rationis
871 1326 1012 1416 roprr'ae
1036 1326 1232 1415 possessione

111 1416 312 1483 ceciderint.
355 1416 470 1497 [Pass.,
491 1426 525 1476 ut
546 1412 684 1496 videtur,
707 1437 726 1477 e
746 1414 825 1494 suis,
844 1351 944 1481 lteh.
970 1412 1125 1493 ePeris.,
1144 1408 1185 1481 ΡΙ.
1202 1436 1233 1477 ex

110 1508 235 1573 Harnn.
259 1505 412 1589 epraeter
425 1502 561 1587 primum
579 1499 647 1584 (qui
660 1501 795 1587 optimus
811 1504 892 1581 est):
908 1496 1015 1650 We:
1036 1500 1232 1583 „intermistio

8 1614 12 1627 ·
113 1614 185 1657 eum
199 1586 282 1676 quin
296 1589 488 1651 -acerbior
504 1598 536 1648 et
553 1586 651 1665 magis
670 1587 789 1651 satirica
807 1586 885 1651 est“
963 1582 1027 1661 elul
1274 1653 1276 1659 ,

199 1696 271 1771 132.
291 1687 397 1753 Mane
407 1686 515 1775 piger
529 1684 669 1769 stertis]
692 1688 849 1774 Deinceps
868 1710 962 1775 quam
976 1687 1091 1753 durum
1105 1688 1144 1753 sit
1158 1686 1233 1751 vitio-
1274 1678 1276 1751 ἶ

110 1800 181 1842 rum
202 1778 374 1853 servitium,
394 1796 468 1837 cum
491 1775 576 1859 plura
595 1776 688 1837 simul
706 1764 842 1839 eundem
864 1775 977 1839 misere
994 1774 1027 1837 in
1049 1773 1169 1839 diversa
1183 1784 1232 1835 tra·
1274 1798 1276 1821 =

8 1878 13 1891 '
110 1867 202 1942 hunt,
223 1863 315 1926 variis
339 1860 488 1945 exemplis
509 1861 747 1923 luculentissime
766 1860 973 1941 demonstrata
993 1860 1233 1946 primum-exen-

111 1953 199 2037 plum
213 1959 259 2012 est
270 1948 361 2025 illum,
383 1948 434 2030 qui
449 1944 570 2007 duobus
582 1944 734 2024 dominis,
757 1946 900 2027 Pigritiae
918 1956 949 2008 et
961 1946 1130 2025 Avaritiae,
1149 1944 1232 2011 servit.
1274 1950 1276 2019 ζ

199 2054 327 2135 Surge,
357 2044 469 2131 inquit
491 2045 685 2128 Avaritia]
719 2047 871 2111 Salomon
893 2048 1132 2111 Proverhiorum
1154 2046 1232 2143 topic

111 2134 204 2215 XIII,
225 2146 260 2196 ut
273 2132 398 2219 quidem
416 2142 506 2199 vetus
526 2134 633 2197 vertit:
654 2131 728 2197 vult
745 2142 781 2195 et
801 2154 866 2195 non
891 2132 967 2197 uult
984 2131 1111 2219 piger:
1130 2150 1232 2195 numu
1274 2126 1276 2141 '

112 2232 234 2285 autem
247 2214 467 2307 operantium
480 2213 752 2306 impugnabitur.
781 2219 922 2300 Pigritiae
954 2242 989 2281 ro
1011 2222 1093 2282 rium
1107 2228 1232 2305 θαψ-
1273 2186 1276 2287 l

111 2330 159 2388 re,
181 2329 244 2370 non
263 2308 417 2367 laborare:
438 2301 512 2365 ideo
535 2301 684 2368 Salomon
706 2304 791 2368 idem
811 2305 912 2393 capite·
960 2241 1030 2370 Xl:
1051 2302 1231 2379 Desiderio,
1273 2320 1276 2339 ¹

112 2394 228 2479 inquit,
248 2386 413 2486 occidunt
432 2385 598 2477 pigrum:
622 2392 803 2454 uoluerunt
825 2386 1013 2479 quicquum
1031 2411 1154 2455 manue
1172 2388 1232 2475 eju!
1272 2378 1276 2501 ⁴¹

112 2500 132 2541 o
158 2496 263 2541 erare.
538 2512 543 2523 ·
1075 2490 1080 2505 ¹

36 2568 44 2583 ’
130 2499 156 2567 Ρ
200 2574 271 2647 134.
289 2572 339 2640 Et
350 2571 436 2662 quid
447 2575 583 2665 agam?
605 2575 767 2665 rogitus?
789 2573 957 2663 superdas
972 2573 1107 2642 advehe
1118 2574 1239 2657 Pontul.

110 2663 193 2730 Rem
204 2676 287 2727 strue
303 2671 334 2725 et
352 2683 389 2725 ea
407 2662 468 2724 fine
485 2662 596 2743 naviga
610 2676 701 2750 atque
719 2675 921 2727 mercaturam
942 2685 1067 2727 exerce:
1086 2664 1138 2729 illa
1149 2664 1234 2729 mani·

59 2750 233 2825 tutissima
250 2758 296 2812 est
311 2744 351 2810 ad
364 2768 439 2834 opes
452 2747 512 2810 via-
557 2747 675 2813 Seneca
690 2752 818 2837 epistola
830 2748 957 2814 cxlx:
982 2746 1068 2813 Jam
1086 2770 1167 2839 ergo
1179 2768 1234 2835 pa·

110 2856 274 2902 noveram
287 2828 390 2912 fiscos
397 2856 409 2908 ,-
432 2830 774 2921 circumspiciebem,
798 2835 834 2899 in
849 2832 942 2923 quod
953 2855 1009 2898 me
1025 2856 1125 2899 more
1142 2854 1234 2924 nego-

111 2920 264 2987 tiaturus
279 2916 532 2998 ‚imnutterem3
554 2918 646 3008 quod
662 2919 843 3009 publicum
863 2920 1058 3009 agitarem
1080 2943 1166 3009 quae
1185 2942 1235 2983 uo-

1 3070 2 3076 ,
112 3027 287 3073 cerserem
300 3024 453 3083 merces;
470 3029 528 3092 pro
564 3002 1027 3090 erearodeiuuooumedrovc
1042 3006 1235 3072 mecedem

111 3086 419 3167 elevamentum
441 3028 575 3155 ostendit
587 3091 624 3155 Β.
641 3091 805 3175 Gregorius
816 3092 1029 3156 Nazianzenus
1048 3094 1080 3155 in
1097 3094 1236 3181 apotoge

110 3182 184 3243 tico.
230 3178 281 3258 [Ut
300 3177 368 3242 Cae.
391 3173 503 3256 edidit,
517 3200 603 3247 unus
616 3178 694 3243 God.
705 3179 779 3243 leh.
797 3182 933 3243 membr.'
949 3179 1023 3241 anni
1042 3184 1146 3248 1321:
1163 3180 1236 3243 ineo

110 3266 327 3351 acquieverunt
344 3262 442 3341 Reiz„
462 3260 557 3342 Pasa,
579 3263 674 3330 Orell.
717 3265 755 3327 At
795 3265 908 3327 rimum
927 3262 1045 3342 codd,
1066 3276 1103 3327 ut
1121 3262 1235 3341 videm,

111 3372 221 3414 omnes
236 3350 310 3412 ach.
322 3358 441 3433 praeter
453 3349 550 3411 modo
565 3348 695 3430 dictum,
718 3362 749 3415 et
766 3286 853 3431 'diga
875 3348 933 3414 Eu
956 3346 1041 3436 quid
1058 3350 1147 3439 ag.?
1165 3347 1235 3437 qnod

110 3436 224 3521 recepit
238 3434 356 3512 Web.‚
377 3433 448 3517 quia
464 3454 503 3495 eo
526 3434 661 3499 vividior
680 3438 733 3500 fiat
755 3435 868 3517 dialogi
885 3440 1003 3517 forma3
1026 3434 1142 3501 deinde
1160 3446 1237 3525 qnot-
1273 3518 1276 3523 Ι

130 3532 186 3584 uot
204 3519 350 3583 novimus
370 3516 469 3582 Godd.
493 3540 564 3584 voc.
589 3542 638 3584 en
658 3533 728 3585 ante
750 3543 791 3583 sa
817 3519 888 3584 erd.
929 3524 1056 3585 raebent
1075 3534 1109 3587 et
1127 3542 1166 3585 aa
1188 3540 1236 3585 er·
1274 3528 1276 3569 5

110 3543 198 3669 ἓωη
217 3608 322 3695 legunt
343 3614 461 3701 praeter
483 3600 572 3669 Colb.
594 3605 654 3686 11.‚
675 3608 755 3671 Pith.
775 3543 815 3671 ll)
828 3620 859 3670 et
878 3544 979 3673 vdtm.
1024 3605 1134 3687 Quare
1173 3610 1236 3671 lom.

112 3690 226 3756 edidit:
253 3687 433 3777 Rogztoe?
469 3688 545 3767 En,
573 3690 764 3777 soperclum
783 3689 861 3756 adv.
882 3692 949 3759 P..·
976 3694 998 3757 i.
1019 3715 1048 3756 e.
1076 3694 1174 3759 habes
1194 3693 1237 3755 lrie

133 3776 196 3840 uod
211 3797 297 3856 agas:
321 3797 361 3837 en
373 3772 455 3859 quod
468 3796 550 3857 agas.
585 3778 656 3841 Hoc
667 3780 779 3867 recepi.
823 3776 1002 3843 Gontortula
1016 3790 1064 3842 est
1077 3780 1155 3843 ratio
1166 3780 1236 3847 We-

110 3800 193 3942 den,
225 3873 324 3924 cetera
344 3872 481 3923 accurate
501 3863 533 3925 in
549 3865 581 3925 h.
602 3867 623 3928 l.
643 3864 820 3953 inquirentis
840 3888 871 3951 p.
890 3866 932 3930 56
954 3886 998 3951 sq.
1022 3861 1183 3951 Seperdo
1199 3872 1237 3928 est

111 3942 200 4026 ὄψον
218 3940 402 4025 Ποντικὸν,
422 3949 642 4013 salsamentum
662 3951 801 4101 Ofisoet
822 3973 852 4015 v.
868 3950 915 4014 Pl.
932 3947 1138 4015 castoreum
1149 3951 1236 4017 Ponto

75 4074 80 4085 ι
111 4034 263 4121 apportari
276 4033 412 4097 Romam
428 4033 561 4097 ostendit
578 4036 677 4103 Web.
710 4039 774 4101 ocis
788 4037 874 4119 Virg.
887 4033 999 4120 Georg.
1015 4035 1041 4118 I,
1059 4042 1102 4104 59
1122 4050 1153 4103 et
1167 4036 1236 4102 Scri-

111 4122 184 4185 bon.
204 4118 275 4185 175.
297 4115 377 4182 adde
397 4116 495 4182 Strab.
513 4118 569 4183 ΙΠ.
587 4144 618 4209 p.
634 4127 705 4189 168.
729 4124 776 4189 Cf.
791 4122 850 4204 Pt]

200 4220 271 4285 1³5.
293 4214 451 4282 Lubrica
468 4220 565 4303 Gom]
592 4224 675 4288 Vina
696 4222 812 4291 Graeca
834 4220 967 4307 μαλακοὶ
981 4224 1074 4315 simul
1099 4241 1132 4293 et
1149 4230 1237 4313 uulu-

111 4300 209 4370 necue?
224 4304 276 4370 vel
289 4299 454 4370 lementi.
498 4306 550 4371 Sic
564 4304 849 4376 leuueeuduolvou
860 4315 943 4393 leges
957 4335 975 4374 a
996 4312 1041 4374 ud
1054 4314 1236 4379 Aristotelem

111 4402 143 4453 et
163 4388 313 4455 medicos.
359 4390 463 4487 [Virgt
476 4390 600 4475 [ἔθους.
623 4392 670 4474 lI,
695 4401 755 4462 116
777 4419 838 4483 sq.:
865 4393 950 4460 Sola
967 4335 1076 4463 ledia
1107 4400 1237 4493 rugarum

110 4470 199 4539 Fert
212 4473 374 4557 ebenum,
394 4475 480 4542 soles
494 4485 547 4542 eet
561 4486 661 4544 turea
677 4479 781 4570 virge
797 4478 955 4548 Sabaeis.
976 4482 1036 4567 Pr]
1079 4536 1082 4543 .

591 4768 765 4918 Λ
