2700 4972
169 450 186 487 ι,
352 366 1025 485 ἰιοιιιιιίιιιιιιιι
1146 376 1189 430 ’”

167 595 352 675 temporibus
363 592 533 671 Augusti
514 592 563 651 in
574 578 720 687 partibus
724 588 837 666 Syriae.
879 588 1048 649 Herodians
1060 607 1129 670 ergo
1150 591 1229 652 diem
1245 612 1303 651 na·
1338 656 1343 661 ,

166 683 256 740 talem
269 679 397 740 Herodis
416 680 593 753 observant,
624 685 660 735 ut
681 675 771 734 etiam
789 673 926 733 sabbata.
934 696 1009 753 quo
1029 675 1077 733 die
1096 679 1237 738 lucernas
1250 698 1304 737 sc·

56 761 60 770 ¹
168 788 270 827 censae
292 776 323 825 et
338 764 425 825 violis
439 772 596 822 coronatos
611 762 643 820 in
657 761 794 820 fenestris
810 770 948 840 ponunt(

253 853 289 913 V.
304 850 374 917 184.
405 853 603 948 Reczctitaque
623 847 760 924 sabbam]
791 845 932 905 Instituta
954 846 1138 907 ludaeorum
1160 849 1309 938 significat
1345 880 1349 885 ·

169 949 293 1082 proptver
306 937 572 997 circumcisionem:
602 953 706 1010 quom,
729 941 865 990 auctores
879 952 948 990 suos
962 935 1075 1009 secuti,
1096 932 1267 994 faciunt.-

254 1024 375 1087 V1.85
407 1023 530 1100 Ovaque
544 1020 683 1097 pericula
703 1020 800 1096 rupto]
827 1018 1018 1093 Sacerdotes,
1046 1040 1099 1096 qm
1089 1019 1307 1099 explorandis

169 1110 310 1191 periculis
325 1128 407 1166 sacra
424 1107 588 1179 faciebant,
616 1104 775 1163 observare
792 1096 934 1163 solebant
939 1123 1037 1165 ovum
1049 1105 1109 1182 igni
1121 1106 1306 1187 impositum,

170 1207 275 1257 utrum
287 1196 318 1254 in
332 1190 443 1273 copil'p,
466 1213 504 1250 an
518 1192 552 1250 in
564 1148 658 1249 litere
675 1189 846 1248 desudaret.
875 1190 906 1247 Si
922 1186 1021 1250 autem
1038 1200 1163 1271 ruptum
1178 1192 1308 1251 effluxe-

130 1340 135 1353 ,
170 1293 234 1356 ιιι,
256 1279 461 1361 periculum
437 1299 463 1337 er
480 1268 693 1356 portendebat,
721 1284 778 1354 pro
794 1294 853 1352 quo
869 1276 981 1334 sactum
998 1277 1104 1352 fucrit,
1134 1278 1185 1336 vel
1197 1297 1242 1337 rer
1260 1280 1308 1339 ta-

170 1369 292 1514 mdiaV
293 1367 382 1514 alili.
406 1450 482 1508 Cum
501 1452 586 1506 sistro
608 1447 694 1505 lusco
713 1445 860 1523 sacerdos]
888 1409 1016 1505 Sistrum
1035 1447 1206 1511 sacerdotes
1224 1448 1310 1513 Isidis

171 1547 303 1620 portant
347 1538 442 1595 Lusca
456 1544 573 1603 autem,
596 1533 663 1589 ideo
672 1530 785 1607 ,quod
801 1530 917 1590 nubiles
932 1531 1082 1593 deformes
1098 1552 1168 1595 cum
1181 1534 1310 1595 maritos

122 1614 126 1641 ¹
173 1646 235 1686 non
246 1622 437 1717 invenerint,
461 1620 500 1681 ad
514 1618 677 1679 ministeria
690 1618 821 1677 Deorum
835 1636 866 1675 se
881 1617 1053 1679 consuant.

361 2202 365 2213 '
445 2201 521 2276 IN
574 2136 925 2277 snrlltAM
976 2194 1041 2280 Vl

260 2392 296 2455 V
313 2397 340 2455 1.
362 2390 517 2471 Ademit]
539 2390 628 2451 Hauc
637 2398 780 2481 satyram
788 2392 893 2451 scribit
905 2393 1021 2451 Persius
1035 2391 1075 2452 ad
1088 2393 1224 2453 caedum
1236 2392 1311 2453 Bas-

176 2494 257 2538 sum·
263 2480 384 2559 poetam
403 2477 561 2554 Lyncum,
589 2494 679 2557 quem
695 2472 780 2539 lama
798 2487 859 2553 est,
887 2478 921 2538 in
941 2478 1071 2558 praediis
1091 2480 1153 2539 suis
1167 2482 1311 2560 positum,

176 2566 300 2624 ardente
314 2562 443 2623 Vesuvio
456 2570 561 2623 monte
573 2564 767 2643 Campaniae,
790 2573 821 2623 et
835 2523 896 2623 lite
909 2565 1026 2643 ignibus
1040 2565 1226 2643 abundante,
1244 2586 1312 2625 cum

178 2651 248 2712 villa
262 2670 315 2708 sua
330 2658 435 2708 ustum
448 2666 519 2707 esse.
560 2648 701 2729 lliesrgo
714 2649 788 2709 dum
800 2649 933 2726 viveret,
954 2652 1052 2710 Roma
1065 2651 1311 2713 adSabinosne-

179 2735 306 2796 cessario
329 2734 492 2809 transibat,
519 2732 579 2793 ubi
593 2734 726 2795 ιιιιιιιιιιι
745 2744 882 2817 tempore
912 2737 947 2797 iu
971 2736 1157 2799 calidoloco
1178 2738 1312 2819 ιιιιιιιιιι

177 2818 334 2883 sc'ribebat.

260 2908 295 2968 V.
313 2910 343 2970 6.
364 2903 453 2965 Mihi
466 2926 545 2964 nunc
559 2907 660 2984 Ligus
675 2906 741 2987 ora]
773 2906 910 2986 Seipsum
921 2907 1040 2969 Persius
1054 2892 1202 2988 significat
1215 2926 1313 2969 sacae

176 2994 246 3053 sisse
261 2995 291 3052 in
305 2991 439 3069 Liguriae
452 2991 541 3061 fines,
562 2992 704 3051 videlicet
717 3003 843 3072 propter
855 2992 1170 3061 Fulviamsisenniam
1185 2990 1312 3057 ιιιιιιιιιι

177 3101 280 3150 suam,
304 3097 379 3155 quae
395 3085 463 3156 post
476 3085 603 3137 mortem
617 3079 726 3158 prioris
738 3078 798 3139 viri
811 3079 852 3138 ibi
865 3089 962 3159 nupta
976 3087 1049 3139 erac

262 3165 297 3225 V.
314 3168 343 3228 7.
364 3164 526 3243 Hibernas]
550 3165 667 3247 Saevit,
689 3166 769 3225 vela
788 3165 913 3244 navigiis
923 3174 1020 3226 vacat.
1064 3165 1150 3224 Sicut
1163 3166 1244 3225 enim
1257 3186 1312 3225 na-

176 3272 229 3312 ves
242 3250 403 3310 hibernare
418 3250 560 3309 dicimus:
584 3252 627 3309 sic
641 3262 672 3312 et
686 3271 786 3329 mare,
808 3271 876 3311 cum
891 3272 954 3312 non
970 3252 1138 3330 navigatur.

260 3337 296 3395 V.
315 3340 363 3399 10.
388 3334 539 3407 Oorjuber
553 3336 610 3394 boo
623 3338 716 3416 Emis]
737 3297 830 3397 Hine
841 3356 961 3397 versum
978 3338 1017 3396 ed
1032 3357 1120 3397 suum
1139 3356 1261 3398 carmen
1277 3336 1314 3396 de

127 3444 136 3483 .·
175 3422 264 3485 Ειιιιιι
278 3419 459 3480 carminibus
474 3422 638 3481 transtulit.

261 3504 364 3571 Vel.
390 3506 560 3564 'llsnlamm
574 3527 658 3565 nosse
675 3508 819 3587 salivam]
837 3506 996 3587 Cognoscit
1008 3450 1222 3568 turdorum·
1185 3528 1314 3588 sapores.

176 3593 280 3652 Solent
299 3593 378 3653 enim
397 3591 520 3670 quidam
549 3592 635 3670 gulae
662 3591 755 3651 dediti
781 3600 883 3652 tautae
904 3594 1080 3654 subtilitatis
1099 3593 1209 3654 habere
1227 3595 1314 3673 pala-

177 3688 252 3754 tum,
269 3687 306 3739 ut
319 3678 495 3756 dignoscant
511 3678 628 3753 turdos,
644 3697 682 3735 an
698 3677 843 3755 cellarius,
859 3699 896 3737 an
910 3681 1056 3741 terrarius
1069 3685 1118 3739 sit:
1140 3699 1180 3739 au
1194 3700 1314 3741 maseu-

176 3766 240 3838 lus,
263 3785 301 3822 an
316 3763 435 3826 semina.
461 3764 635 3823 Turdorum
648 3763 729 3823 dixit
740 3764 877 3842 abusive,
900 3784 970 3826 cum
984 3766 1145 3827 turdorum
1158 3766 1313 3844 debuerat,

177 3859 212 3911 ut
221 3850 366 3911 Horatius
383 3850 487 3929 ponit:
1139 3844 1142 3849 ¹

344 3939 429 3995 Pene
440 3956 574 4010 macros,
595 3937 688 4010 arsit,
712 3935 786 3994 dum
800 3935 902 3994 turdos
915 3948 1015 3997 versat
1028 3940 1061 3995 in
1074 3940 1152 4015 igni.

261 4020 361 4086 V..80
384 4023 525 4099 Ingentes
538 4022 576 4079 de
584 4042 692 4099 puppe
704 4022 777 4101 Des]
805 4021 936 4083 Navium
954 4023 1081 4082 tutelam
1102 4024 1193 4100 dicit,
1224 4044 1314 4103 quam

174 4106 208 4165 in
221 4108 373 4188 puppibus
386 4106 512 4177 babent,
534 4108 584 4167 vel
597 4108 734 4193 pingunt.

262 4193 296 4252 V.
310 4198 360 4258 35.
386 4195 464 4253 Ossa
483 4194 618 4273 inodora]
641 4186 712 4253 Siue
726 4196 898 4273 unguentis:
926 4194 993 4270 vel,
1017 4192 1180 4270 inhonora,
1212 4195 1313 4276 sepul-

175 4287 261 4339 turas
273 4277 390 4338 honore
406 4279 547 4339 carentia.

237 4436 240 4441 Ι
262 4360 295 4424 V.
310 4365 362 4430 40.
394 4367 502 4424 Crasso
523 4366 669 4425 νιιιωιιιιι
686 4365 831 4442 unguine]
855 4362 960 4424 Solent
978 4365 1099 4441 rustici,
1122 4386 1192 4425 cum
1215 4366 1314 4425 oleum

152 4512 155 4521 ,
175 4450 319 4525 defuerit,
343 4450 430 4531 adipe
443 4450 594 4530 pecudum
606 4450 639 4509 ιιι
649 4449 765 4530 pultem
780 4447 871 4509 misso
885 4470 942 4530 pro
956 4451 1023 4511 oleo
1036 4452 1091 4512 uti.

230 4550 234 4557 '
258 4535 294 4598 V.
310 4534 362 4602 66.
382 4537 503 4599 Accede
522 4537 678 4616 Bovillas]
710 4535 846 4599 Bovillas
868 4545 940 4598 suut
958 4536 1044 4599 vicus
1063 4537 1103 4598 ad
1119 4536 1314 4599 undecimum
