2700 4972
390 363 454 430 nn
479 342 647 448 raasn'
672 362 890 431 sarman
910 364 939 432 1.
962 329 963 335 ‘
1114 339 1117 347 “
1175 369 1239 439 nr

90 536 185 624 idque
203 530 334 601 melius}
362 558 436 601 nam
457 537 591 622 priorem
610 541 675 618 ejus
700 537 786 605 vocis
801 532 911 603 Graeci
931 537 1090 625 Latinique
1112 533 1237 627 corripi-

90 636 155 687 unt.
199 626 358 688 Homerus
374 625 478 708 [epigr.
494 622 545 703 3]:
619 678 622 693 .
654 688 659 700 ,
748 692 751 697 ,
1074 692 1077 697 ,

175 727 294 809 Kal-ar}
310 720 480 805 σὲαρθένος
497 721 578 809 εἰμὶ,
602 722 720 789 Μίδου
738 720 772 789 d’
787 718 977 809 interipsum
992 729 1112 810 κεῖμαι.

90 828 225 893 Oridius
240 828 380 909 [llletam.
392 827 451 907 XI,
470 829 561 908 1rl]:
590 823 699 889 Ueios
714 847 870 890 sermone
886 826 1027 906 Midae3
1048 829 1237 896 reddidimus

88 927 191 979 autem
208 914 314 991 Persio
326 926 419 977 ‘suam
430 914 623 999 scripturam,
646 933 739 997 quam
754 935 772 975 a
788 912 923 977 Cornuto
937 915 1160 1001 interpellatam
1172 917 1237 981 Ne-
1272 945 1277 954 “

88 1002 170 1064 mnis
194 1011 451 1086 metu-perpetuo
473 1002 626 1062 exularea
658 1020 713 1060 sua
736 998 811 1061 sede
834 1001 975 1084 iniquum
993 1013 1066 1064 erat.
1110 1000 1149 1063 Et
1174 1004 1237 1066 mi-

87 1108 153 1148 rum
176 1088 319 1173 profecto
340 1085 545 1171 posteriorum
566 1084 737 1145 criticorum
759 1085 894 1148 extitisse
919 1080 1091 1165 neminem,
1123 1089 1175 1173 qui
1196 1087 1237 1150 ad

87 1173 176 1252 hujus
191 1171 239 1234 rei
262 1170 481 1235 absurditatem
499 1171 636 1232 animum
654 1168 843 1233 adverteret:
865 1171 942 1232 nihil
962 1173 1047 1234 enim
1066 1171 1238 1236 Cornutum

87 1256 223 1344 impulit,
247 1268 280 1319 ut
297 1255 462 1319 audaculus
476 1257 545 1318 heic
566 1267 647 1318 esset
661 1266 692 1316 et
711 1277 839 1317 manum
854 1256 950 1319 Persii
968 1254 1157 1338 sollicitaret,
1178 1259 1239 1323 nisi

88 1342 170 1429 quod
184 1338 359 1406 memoriae
374 1343 455 1404 illius
471 1353 502 1403 et
517 1340 623 1402 domui
636 1341 797 1403 universae
811 1353 900 1426 atque
913 1340 992 1404 adeo
1006 1342 1064 1406 sibi
1078 1344 1154 1429 ipsi,
1168 1345 1294 1430 ¹qui154-

87 1432 184 1491 iuerat
209 1431 276 1508 ejus
294 1438 487 1513 praeceptor,
510 1427 653 1490 timebat:
676 1429 798 1489 tolleres
821 1427 951 1489 timendi
972 1449 1129 1508 caussam,
1157 1431 1238 1493 nihil

87 1520 255 1593 mutasset:
278 1513 356 1575 nibil
380 1513 470 1593 igitur
491 1515 555 1591 jam
579 1524 751 1590 mutemus,
778 1513 830 1596 qui
854 1516 919 1591 ejus
940 1513 1073 1576 faciendi
1099 1536 1239 1579 caussam

87 1602 205 1663 nullam
220 1600 383 1679 habemus.
426 1597 521 1661 Porro
540 1597 591 1679 ¹his
611 1598 716 1684 paucis
737 1598 839 1660 verbis
862 1619 982 1661 summa
1006 1621 1041 1661 ac
1057 1603 1238 1687 praecipuus

86 1706 201 1773 scopus
216 1685 334 1771 primae
345 1684 435 1764 hujus
450 1681 566 1745 Satires
583 1683 767 1744 continetur:
790 1684 973 1745 brevissimo
990 1685 1073 1746 enirn
1095 1689 1156 1749 hoc
1171 1689 1239 1748 elo·

87 1772 136 1852 gio
150 1792 248 1834 suum
264 1769 398 1833 ostendit
411 1767 559 1848 judicium
573 1767 612 1829 de
626 1767 757 1830 Neronis
772 1767 862 1852 poiisi
875 1779 906 1830 et
921 1769 1079 1855 omnium,
1102 1773 1156 1856 qui
1171 1774 1237 1851 ejus

87 1858 297 1943 exemplums
336 1857 500 1932 uebantur,
522 1851 579 1935 sed
593 1853 687 1915 animi
699 1854 747 1915 sui
762 1865 899 1915 mentem
912 1855 1054 1934 allegoria
1063 1857 1288 1941 pulcherri-(ss)

85 1964 138 2005 ma
152 1940 282 2004 extulit:
305 1962 343 2004 ro
360 1934 462 2026 ῥητὸν
476 1950 507 2003 et
518 1941 613 2003 rerba
628 1938 747 2027 tonsori
762 1936 868 2002 Midae
888 1939 1088 2022 conveniunt,
1112 1941 1152 2006 de
1174 1964 1236 2028 quo

85 2028 172 2103 Naso
188 2025 270 2111 [185
285 2025 366 2113 sq.]:

658 2125 786 2192 secedit
806 2126 1015 2215 humumque

133 2292 136 2301 ¹
172 2212 213 2283 E
235 2208 336 2278 odit.-
358 2223 392 2278 et
416 2209 550 2276 domini
572 2211 694 2299 quales
715 2213 893 2300 aspexerit
913 2234 1028 2289 auree,

118 2384 121 2389 Ι
217 2322 278 2367 oce
301 2296 412 2389 refert
428 2319 548 2388 parva
570 2308 753 2387 terraeque
783 2298 1032 2366 immurmurat
1052 2298 1218 2379 nauatae,-

83 2422 142 2488 sed
163 2434 235 2487 tum
260 2420 428 2485 dicendum
451 2423 563 2482 fuerat:
591 2441 612 2481 ο
638 2417 769 2498 scrobe,
798 2442 935 2507 proquo
960 2419 1038 2483 dixit
1055 2416 1236 2496 olibelle5

84 2502 284 2580 caeterumsi
310 2501 444 2570 desinere
468 2516 501 2566 et
521 2504 632 2589 potitae
653 2526 742 2569 mens
767 2508 811 2569 sic
834 2508 990 2594 postulant
1012 2508 1107 2570 verba
1130 2507 1236 2593 accipi,

83 2597 174 2682 quasi
190 2605 273 2657 esset
285 2593 450 2681 scriptum:
475 2591 532 2653 etsi
544 2593 648 2677 palam
663 2591 748 2676 quod
760 2595 858 2655 sentio
877 2591 979 2655 dicere
992 2592 1154 2671 nonlicet,
1177 2613 1236 2672 ego

82 2693 192 2745 tamen
205 2680 354 2765 profiteor
368 2689 457 2762 atque
470 2678 561 2755 hujus
576 2677 640 2738 mei
653 2676 759 2756 judicii
771 2690 819 2757 te,
837 2679 882 2739 mi
895 2679 1007 2757 libelle,
1029 2682 1140 2740 testem
1154 2676 1237 2764 apud

84 2778 229 2853 posteros
245 2786 312 2829 esse
333 2763 439 2848 cupio:
463 2763 624 2848 profiteor,
646 2763 788 2848 inquam,
811 2763 851 2826 de
862 2762 986 2827 Nerone
1000 2774 1030 2825 et
1043 2760 1235 2842 Neronianis,

86 2854 136 2938 qui
153 2872 241 2915 sacra
259 2849 419 2912 Musarum
437 2847 563 2933 turpiter
581 2848 753 2932 inquinant,
775 2849 818 2911 ita
836 2848 971 2927 judicare
978 2869 1058 2926 2me,
1082 2859 1114 2909 ut
1132 2870 1236 2913 meros

87 2959 156 3001 esse
177 2937 283 3000 asinos
302 2933 508 3021 pronuntiem.
561 2932 676 3010 [Codd.
700 2932 797 2997 Persii
817 2932 857 2995 ad
877 2955 974 2995 unum
993 2954 1119 2997 omnes:
1142 2932 1235 2996 Aur.

88 3045 140 3086 ae.
163 3021 266 3109 quie
289 3040 371 3083 non
392 3015 523 3081 habet?
544 3017 629 3104 quod
652 3019 769 3103 primus
789 3019 919 3081 mutarit
935 3018 1003 3082 Cas.
1026 3021 1067 3080 ob
1085 3018 1234 3081 narratio-

87 3131 163 3172 nem
183 3106 219 3171 in
241 3106 363 3192 antiqua
382 3103 458 3167 Vita
477 3102 531 3182 P.3
555 3124 591 3165 ea
612 3116 716 3173 autem
743 3105 920 3167 auctoritate
941 3106 1059 3167 elevata
1076 3102 1160 3167 Pass.
1187 3106 1234 3167 ob

88 3192 331 3272 sententiam
350 3193 499 3278 praefert:
522 3185 625 3251 Mida
639 3209 712 3251 rex.
739 3189 888 3259 Orellius:
909 3187 996 3271 „Ego
1009 3189 1098 3253 facile
1109 3187 1236 3274 quidem

90 3277 277 3357 concedam,
300 3275 440 3340 Suetonii
454 3276 536 3338 vitae
551 3276 628 3337 haec
646 3273 772 3337 ridicule
786 3276 858 3339 satis
882 3323 890 3340 .
913 3317 922 3336 .
945 3321 953 3336 .
976 3275 1028 3337 vel
1041 3272 1235 3347 exfseudo-

90 3365 230 3431 Cornuto
246 3365 350 3427 velex
376 3362 581 3446 antiquiorum
598 3356 874 3423 Grammaticorum
892 3359 1117 3423 commentariis
1132 3371 1236 3424 assuta
1307 3380 1309 3385 ·

88 3453 186 3515 fuisse
213 3495 224 3513 .
246 3493 256 3512 .
277 3492 287 3511 .
308 3446 364 3511 sed
375 3448 476 3533 ipsam
496 3446 715 3524 narrationem,
738 3444 904 3531 undeunde
922 3444 963 3507 ad
978 3445 1234 3530 nosperrenerit,

88 3556 285 3624 nequaquam
299 3534 450 3614 rejiciam,
472 3531 624 3617 siquidem
637 3533 727 3611 hujus
739 3533 859 3612 generis
870 3533 966 3593 multa
977 3533 1033 3593 sub
1048 3532 1144 3594 nostri
1156 3553 1236 3616 quo-

88 3628 150 3709 q'ue
174 3619 324 3706 temporis
344 3618 518 3703 Neronibus
531 3616 668 3714 quotidie
691 3618 758 3703 lieri
773 3617 866 3681 video
874 3661 883 3693 ,
906 3628 941 3678 ut
954 3627 1151 3698 tyrannorum
1166 3638 1236 3679 me-

87 3719 121 3770 tu
136 3708 268 3784 insulsa,
291 3707 380 3791 quale
392 3715 464 3789 post
476 3699 552 3766 vide
573 3702 677 3789 utique
696 3715 743 3767 est
757 3702 835 3765 illud
860 3699 936 3788 quie
959 3696 1162 3776 nonhabet,
1185 3724 1235 3765 re·
1294 3742 1299 3751 ι

89 3794 161 3872 etis,
184 3791 244 3855 sed
258 3791 463 3879 asperioribus
481 3787 599 3874 trepide
613 3790 837 3861 substituantur.
882 3786 946 3866 Qui
961 3787 1082 3851 alterius
1094 3788 1234 3851 lectionis

82 3880 160 3943 'curn
174 3876 316 3942 Stieberc
336 3874 540 3963 patrocinium
558 3886 750 3959 suscepturus
773 3885 834 3951 est,
851 3873 877 3936 is
900 3893 970 3935 eam
984 3894 1041 3958 pro
1062 3875 1235 3938 necessario

88 3966 305 4067 supplemento
327 3983 359 4026 v.
379 3965 417 4027 8:
445 3954 547 4023 Nam
566 3957 707 4021 Romae
723 3957 798 4045 quie
816 3957 908 4020 non?
932 3995 971 4005 —
993 3960 1145 4022 habeto.“
1187 3958 1234 4022 Ita

89 4062 172 4137 ceprt
184 4049 302 4114 Censor
315 4045 380 4110 len.
399 4043 438 4109 G.
452 4045 499 4120 1²,
521 4046 573 4131 qui
591 4067 610 4106 e
631 4047 814 4126 glossemate
833 4045 926 4128 petita
944 4065 1012 4107 esse
1032 4043 1146 4122 judicat
1163 4066 1234 4107 ver·
1344 4054 1346 4059 ’

88 4140 128 4198 ba
142 4131 246 4199 Mida
264 4136 346 4205 rex5
374 4142 519 4217 ceperunt
537 4132 631 4193 Web.
654 4153 686 4215 p.
708 4136 748 4195 33
772 4152 817 4214 sq.
842 4140 872 4191 et
889 4126 952 4206 Pl,
973 4129 1006 4189 in
1031 4130 1126 4193 tribus
1144 4151 1234 4209 argu-

88 4222 200 4285 mentis
212 4219 296 4283 nixi:
318 4220 566 4280 membranarum
578 4217 741 4303 scriptura,
762 4216 855 4278 Vitae
868 4215 1102 4298 interpolatione
1116 4227 1146 4277 et
1159 4215 1234 4276 Per-

87 4308 124 4370 sii
145 4309 203 4370 illo
225 4326 330 4383 more,
359 4313 419 4384 „ut
433 4300 547 4381 adea,
574 4300 659 4364 ⁴unde
682 4322 820 4382 egressus
840 4300 894 4378 sit,
928 4297 969 4362 ad
992 4313 1164 4387 extremum
1184 4320 1244 4362 re-v

88 4393 192 4457 deat.“
267 4400 271 4407 '
315 4429 320 4437 ,
1145 4430 1149 4437 -
1285 4390 1290 4403 '

172 4394 246 4545 ὦ.
269 4469 347 4554 Hoc
361 4490 435 4561 ,ego
458 4480 634 4558 opertum,
664 4464 742 4537 Hoc
765 4466 880 4533 ridere
899 4488 1033 4544 meum,
1057 4474 1132 4531 tom
1152 4462 1235 4556 nil]

129 4562 247 4616 Caroni.
258 4561 356 4614 comm.
371 4559 409 4612 nd
424 4557 497 4613 Pers.
1012 4558 1034 4616 Β
1339 4550 1349 4575 ’
