2700 4972
362 301 425 368 sn
451 240 622 383 isasrr
648 266 917 415 staturus
1167 308 1210 375 or
1266 244 1281 417 ‘t

38 488 125 549 ‚tam
146 477 266 564 hospes
286 475 319 539 in
340 475 434 539 literis
453 475 526 563 quin
541 476 631 541 sciat:
651 472 806 565 'nam'qui
825 474 887 543 ohe
903 478 1012 543 volunt
1029 498 1098 543 esse
1119 474 1213 562 αἰβοῖ
1312 514 1316 525 ·

37 585 51 601 ¹
60 564 280 637 bacchantium
296 574 326 625 et
338 564 502 625 lectionem
518 565 658 627 omnium
671 566 920 627 membranarum
933 576 1024 651 atque
1038 563 1210 628 editionum

59 660 198 729 mutant,
216 671 258 712 ne
273 651 369 714 verbo
386 647 512 734 quidem
527 650 626 731 refelli
642 650 764 712 anobis
786 662 958 716 merentur:
980 672 1038 714 nos
1056 652 1137 723 hunc
1156 648 1208 712 lo-

60 757 131 798 cum
146 736 236 797 aliter
248 756 407 819 nunquam
423 735 612 820 accepimus3
634 734 691 798 sed
703 747 811 821 postea
824 738 1057 801 observavimus
1071 748 1102 798 et
1112 738 1208 800 verba

59 833 90 884 et
102 822 291 902 sententiam
305 823 344 883 ab
358 821 488 883 Horatio
502 821 642 883 Persium
659 842 727 884 esse
747 833 934 902 mutuatum,
957 833 991 884 ut
1004 827 1068 903 Jam
1083 844 1123 883 ne
1136 844 1208 883 mu·
1256 893 1261 906 ι

57 908 114 969 tire
127 906 257 1007 quidem
268 908 354 968 aliter
367 907 566 969 sentientibus
581 907 683 969 liceat.
733 908 854 969 Horatii
875 928 981 972 versus
998 909 1154 972 attulimus
1174 908 1212 970 in.

59 991 190 1057 diamba
206 990 247 1055 de
262 991 406 1056 Persiana
419 989 590 1076 imitatione
605 994 732 1054 Horatii.
756 992 816 1075 [Cf.
830 991 890 1073 Pb]

148 1118 323 1205 Quibuset
336 1118 432 1184 dicas
449 1127 518 1184 cute
529 1119 687 1206 perditus
701 1120 743 1201 0·]
764 1120 862 1185 Vetus
876 1119 992 1199 dictum
1006 1133 1070 1199 est;
1094 1118 1210 1206 Βάρος

56 1200 163 1271 τιἈιαί
175 1200 250 1272 τόδ’
267 1201 373 1287 ἐστιν,
396 1204 562 1271 αἰνεῖσθαι
575 1203 667 1270 tlon:
688 1208 750 1269 hoc
768 1208 930 1294 praecipue
943 1230 1052 1274 verum
1068 1221 1114 1273 est
1126 1211 1158 1271 in
1172 1210 1211 1271 li·

56 1294 214 1375 beralibus
226 1292 375 1375 ingestis,
397 1294 509 1377 quibus
520 1293 775 1356 molestissimum
798 1315 940 1357 acroama
959 1295 993 1357 in
1017 1317 1052 1358 os
1073 1294 1206 1357 laudari:

10 1438 13 1461 ,
57 1376 133 1443 ideo
146 1377 225 1441 dixit
246 1380 323 1451 alius
336 1377 428 1463 poe'ta
448 1399 539 1480 verpe
569 1375 772 1461 Αἰνούμενοι
789 1377 858 1482 peip
875 1378 910 1443 oi
928 1373 1054 1463 ἀγαθοὶ
1076 1374 1260 1461 τρόπονὶθθ)

58 1460 301 1529 ιινὰΜισοῦσι
316 1458 398 1540 τούς
413 1462 589 1538 stromat
597 1513 606 1541 ‚
629 1460 687 1528 ἐὰν
701 1460 819 1530 αἰνώσ’
836 1487 940 1549 eyav:
961 1464 1018 1530 sed
1030 1488 1122 1550 quem
1136 1488 1208 1529 mn-

59 1548 156 1615 tostis
166 1549 243 1614 viris
260 1551 352 1612 etiam
366 1549 530 1625 mediocris
550 1549 702 1627 laudatio,
729 1573 822 1638 saepe
844 1553 937 1615 etiam
956 1551 1075 1632 debita,
1104 1552 1206 1640 pudo-
1222 1555 1258 1610 73

10 1652 14 1659 ·
60 1658 131 1701 rem
145 1635 305 1721 exprimit,
328 1657 400 1697 cum
413 1638 452 1699 ab
465 1636 643 1701 hominibus
653 1638 741 1702 vanis
755 1660 820 1699 non
840 1639 957 1718 elicias,
979 1640 1040 1702 nisi
1059 1639 1208 1701 immodi-

60 1722 104 1786 cis
117 1722 270 1795 encomiis
282 1733 313 1783 et
326 1743 404 1805 quae
416 1741 543 1784 onmem
555 1720 652 1786 fidem
664 1725 756 1803 longe
770 1734 926 1808 superent:
947 1736 981 1786 ut
992 1726 1019 1787 si
1032 1725 1079 1786 cui
1088 1726 1208 1810 pumilo
1290 1783 1295 1792 .

60 1829 143 1871 nano
159 1828 197 1869 ac
208 1804 344 1869 Thersiti
356 1808 434 1871 velis
447 1807 631 1894 persuadere
647 1829 719 1872 eum
732 1830 800 1872 esse
815 1810 970 1890 gigantem
982 1812 1102 1872 formae
1115 1813 1208 1873 abso-

60 1892 248 1983 lutissimae:
275 1890 348 1955 ideo
373 1893 494 1969 Persius
516 1891 555 1956 de
580 1892 759 1957 avidissimo
781 1895 896 1975 gloriae
919 1905 949 1957 et
967 1896 1135 1959 vanissimo
1158 1899 1208 1959 lo-

60 2000 158 2066 quens
176 1977 239 2043 ait:
260 1974 377 2064 quidus
394 1977 490 2042 dicos
506 1990 539 2043 et
550 1987 586 2041 trs
599 1977 851 2066 comperditus:
871 1981 993 2066 proprie
1013 1982 1124 2047 vitium
1140 2003 1208 2047 cor-

58 2065 237 2152 poris-haec
252 2067 347 2128 verba
361 2062 538 2146 designant,
559 2073 630 2129 cute
643 2064 821 2152 perditus:
843 2068 921 2151 quae
936 2069 990 2132 veI
1012 2066 1207 2131 descabioso
1260 2122 1263 2127 .

57 2172 225 2237 possumus
242 2149 432 2236 interpretari
455 2153 508 2221 vel
526 2150 566 2213 de
589 2172 642 2230 eo,
665 2152 717 2236 qui
736 2173 817 2237 aqua·
832 2153 979 2215 intercute
995 2155 1129 2218 laboret:
1151 2153 1209 2217 sed
1226 2198 1232 2211 ι
1337 2164 1341 2209 ἰ

58 2227 232 2301 convitium
243 2237 364 2322 corpori
377 2235 492 2309 dictum
506 2235 547 2298 ad
559 2237 698 2299 animum
711 2238 816 2300 referri
830 2236 937 2321 debet,
960 2237 1044 2324 quod
1056 2241 1091 2300 in
1104 2240 1209 2301 omni-

10 2376 22 2407 ..
55 2324 115 2386 bus
130 2321 244 2403 linguis
257 2323 530 2386 familiarissimum
546 2335 609 2404 est3
629 2324 673 2385 sic
689 2324 783 2386 etiam
788 2320 933 2408 prurire
949 2336 980 2386 et
994 2322 1106 2410 sculpi
1120 2325 1208 2387 simi-
1223 2400 1227 2405 Ι
1246 2363 1263 2375 ›-

56 2407 372 2489 litertransferuntu13
395 2409 720 2473 convenientissimum
730 2411 794 2487 erit,
810 2408 837 2472 si
852 2408 892 2471 de
903 2408 1045 2496 hydrope
1059 2411 1207 2496 accipias:
1225 2456 1228 2461 -
1307 2460 1310 2467 .

57 2515 165 2559 revera
177 2493 263 2557 enim
273 2493 346 2557 vani
358 2504 389 2556 et
429 2490 576 2571 ιλόδοξοι
587 2493 687 2576 hydro
710 2495 946 2559 elaborantibus
960 2496 1072 2559 similia
1084 2498 1208 2583 patiun-

57 2593 115 2645 tur.
144 2578 282 2643 Lucilius
299 2578 384 2660 [XX
462 2603 513 2666 .p.
528 2580 592 2645 407
604 2518 716 2660 Haull
746 2579 887 2668 Aquom
907 2588 939 2644 te
955 2580 1057 2646 credo
1071 2582 1109 2646 in
1125 2582 1208 2646 ani-

59 2688 114 2730 mo
125 2661 255 2729 babere
270 2664 489 2731 intercutem.-
509 2667 611 2751 itaque
634 2667 740 2754 opinio
759 2670 809 2730 sui
822 2678 853 2728 et
877 2665 984 2750 οἴησις
998 2679 1126 2733 vocatur
1144 2666 1208 2753 hy-

60 2744 174 2837 drops.
219 2749 367 2815 Sidonius
379 2750 561 2838 Apollinaris
580 2753 658 2816 libro
673 2751 736 2818 IX.
760 2752 801 2815 ad
819 2751 982 2834 Faustum,
1005 2755 1057 2839 qui
1076 2752 1208 2817 Sidonio

59 2860 121 2901 non
135 2837 419 2909 communicaverat
432 2838 545 2900 librum
558 2860 576 2900 a
591 2860 625 2901 se
643 2837 760 2901 editum
778 2839 838 2924 [ep.
849 2839 898 2916 9]:
920 2838 981 2902 Art
989 2837 1210 2971 supercilium

22 2954 26 2963 ·
61 2933 233 3011 tanquam
249 2918 402 3021 difficilis
419 2945 462 2986 ao
474 2923 586 3010 rigidi
597 2923 750 3010 plosoris
774 2922 1029 2989 extimescebas:
1048 2935 1091 3003 ‚et
1104 2947 1208 3012 quoe-

63 3016 218 3085 rtam,est
239 3029 398 3096 cuiqnam
412 3009 563 3094 peritiae
591 3009 708 3074 cervix
730 3020 832 3073 tanta
875 3009 953 3074 trive
977 3008 1148 3096 hydrops,
1171 3021 1209 3074 ut

63 3096 168 3159 etiam
189 3092 310 3179 tepido
331 3096 451 3158 vestrsi
467 3118 537 3159 non
554 3091 824 3182 ferventissimis
847 3032 1005 3158 ductibus
1022 3102 1209 3180 persequet-

63 3176 139 3247 tnr?
162 3180 212 3244 sin
230 3180 271 3243 de
290 3181 431 3243 scabioso
447 3183 550 3259 malis,
573 3181 673 3243 simile
698 3181 753 3243 erit
767 3182 812 3242 illi
834 3180 990 3243 Luciliano
1014 3180 1148 3261 [XXX,
1170 3185 1209 3246 fr.

63 3265 272 3353 raptast:
298 3264 446 3329 Tristem
461 3276 491 3330 et
507 3289 605 3330 corru
631 3275 703 3329 tum
721 3264 833 3330 scabie
853 3264 886 3329 et
904 3265 1087 3352 porrigine
1108 3265 1208 3347 [edd.:

62 3350 269 3438 porrigini’]
291 3350 440 3437 plenum.
487 3352 584 3432 [Pass.
601 3289 733 3415 docente
744 3350 914 3433 jugendum
932 3364 978 3415 est
1000 3362 1071 3416 cute
1090 3352 1211 3439 perdi-

64 3448 112 3501 tus
127 3459 203 3499 cum
218 3438 279 3501 isto
298 3435 407 3503 vetule
425 3449 456 3500 et
468 3439 618 3519 significat
632 3459 701 3501 eam
715 3438 867 3524 corporis,
890 3437 1002 3501 deinde
1023 3440 1119 3500 animi
1135 3461 1211 3500 con-

64 3522 229 3602 ditionem,
252 3545 314 3608 quo
329 3520 433 3585 innata
449 3525 497 3587 vis
517 3524 618 3587 omnis
632 3524 743 3586 corruit
758 3535 789 3587 et
805 3536 905 3611 partes
920 3524 1105 3602 dilabuntur3
1128 3524 1220 3610 quod-

63 3606 270 3673 intumeseens
286 3610 361 3672 cutis
373 3608 503 3687 indicat5
525 3613 563 3672 cf.
576 3608 634 3685 Ill,
651 3616 691 3676 63
707 3622 738 3673 et
753 3610 817 3685 95.]
923 3664 929 3673 .

146 3734 201 3806 24.
229 3737 305 3821 Quo
327 3733 519 3825 didicisse?
544 3737 614 3802 nisi
630 3737 693 3802 ltoc
709 3735 923 3824 fermentum
947 3747 979 3802 et
1003 3760 1087 3824 quae
1110 3712 1215 3803 siritu!

64 3821 152 3889 intus
164 3823 237 3904 Ira]
261 3824 339 3885 Heio
362 3845 501 3886 caussam
518 3825 579 3904 agit
600 3825 832 3889 ambitiosorum
852 3835 882 3886 et
901 3822 1090 3906 φιλοδόξων
1108 3827 1213 3888 homi-

64 3930 139 3973 num
154 3909 270 3997 poe'ta,
293 3912 350 3972 sub
372 3911 470 3971 aliena
489 3932 630 3994 persona.
674 3908 754 3988 Quis
773 3911 864 3990 igitur
883 3913 997 3979 fructus
1020 3912 1077 3974 erit
1094 3911 1213 3974 studio-

10 4012 12 4023 ·
64 4016 147 4074 nrm,
169 3995 198 4058 si
211 3996 238 4058 is
249 4016 315 4056 non
331 4006 393 4073 est,
414 4006 448 4057 ut
459 4017 515 4081 per
530 3997 581 4057 illa
595 3994 635 4057 ad
649 3999 767 4058 famam
782 4007 813 4058 et
835 4013 952 4058 nomen
971 3996 1212 4082 perveniamus?
1322 3992 1328 4001 ’

64 4082 140 4145 haec
155 4081 220 4145 illi:
242 4091 350 4167 estque
365 4081 508 4166 particula
522 4083 634 4166 quinta.
680 4080 901 4146 Observandus
916 4093 1019 4144 autem
1033 4080 1129 4145 Persii
1142 4104 1213 4146 mos
1229 4096 1266 4151 74

66 4169 224 4254 proprius:
246 4166 368 4251 quoties
386 4167 469 4228 enim
485 4167 579 4229 alium
591 4165 708 4229 inducit
726 4168 785 4232 sibi
805 4166 920 4252 aliquid
937 4169 1150 4249 objicientem,
1171 4169 1214 4232 sic
1312 4196 1315 4201 ¹

66 4274 232 4337 personam
247 4252 380 4314 ahenam
395 4253 537 4331 sustinet,
560 4265 593 4314 ut
609 4275 698 4316 suam
714 4254 829 4316 interea
845 4275 910 4316 non
924 4266 1036 4340 ponat:
1058 4256 1119 4315 hoc
1134 4256 1217 4317 mul-

69 4340 101 4402 tis
118 4339 384 4403 locisrnecessario
398 4339 643 4420 observandum3
665 4341 750 4403 velut
761 4341 792 4400 in
807 4341 882 4402 isto:
904 4361 979 4402 nam
991 4338 1064 4401 inde
1079 4337 1229 4442 estquod·
1300 4348 1302 4357 '

70 4424 232 4489 ambitioni
256 4433 288 4486 et
306 4421 480 4511 κινοδοξίᾳ
500 4424 629 4488 istorum
652 4426 845 4511 patrocinans
861 4426 953 4490 simul
975 4437 1080 4488 tamen
1097 4427 1218 4490 satirico
