2700 4972
8 396 18 419 „
90 316 158 381 nr
461 276 910 373 oonnrsnrlmus
980 258 984 265 ’

40 466 93 544 ml
167 452 249 549 ¹117.
270 477 392 546 Etiru
408 475 746 559 Scintillantoculi.]
767 477 1046 564 Homcnrs[ll.d‚
1069 482 1160 566 10412
1233 496 1240 507 “
1275 533 1280 547 ,

149 576 151 589 “
210 562 311 632 ”Once
326 563 363 631 δέ
377 565 411 631 οἱ
428 563 512 649 rupi
524 560 751 647 λαμπετόωντι
764 562 883 650 ἐΐκτην,
1119 590 1122 597 ·
1206 608 1214 621 .

94 667 125 718 et
134 656 250 742 passim
264 654 386 741 poe'tae.
407 652 468 730 [ct.
482 653 603 715 Aristot.
616 652 719 716 Probb
732 652 848 732 XXX,
860 658 891 719 3.
917 651 988 741 PL]

8 838 11 843 Ι
182 761 252 824 tte.
274 750 630 843 Dicisqmefueiequc,
654 752 744 841 qnod
756 751 829 839 ipae
846 751 928 818 Non
944 753 1114 818 curiense
1130 753 1232 819 homi·

39 866 43 873 ·
95 840 151 907 nis
165 858 348 907 noneanue
359 842 462 932 juret
476 838 645 921 Oresten]
675 840 842 927 Expende,
872 840 989 927 inquit,
1018 854 1139 906 caetera
1162 842 1234 905 dicta

93 934 234 1015 factaque
249 940 303 991 ma
317 941 348 993 et
363 927 488 1015 quidem
506 946 570 989 non
585 925 625 988 ad
638 937 781 992 stateram
795 928 1070 1014 philosophorum,
1092 950 1170 1013 quos
1186 950 1234 992 so-

94 1018 140 1079 les
155 1012 296 1094 irridere,
317 1026 463 1103 tanquam
478 1013 569 1076 nimis
583 1032 708 1089 severos
721 1024 751 1073 et
763 1010 907 1076 miseram
921 1015 1018 1077 vitam
1032 1026 1169 1095 agentes,
1180 1012 1244 1085 ,sed

38 1102 42 1107 ’
70 1144 73 1155 ·
95 1097 136 1164 ad
150 1099 298 1181 judicium
310 1094 362 1164 v'el
378 1100 541 1181 cujusvisc
563 1092 672 1184 plebe,
701 1118 780 1181 quae
800 1100 877 1161 nihil
899 1101 994 1163 habet
1013 1120 1086 1162 curn
1107 1100 1237 1186 philoso

94 1187 166 1275 phis
184 1206 365 1265 commune,
392 1186 435 1267 [et
449 1186 588 1270 ipsorum
599 1184 809 1263 insanorumlr
831 1185 970 1251 invenies
981 1208 1023 1249 ne
1033 1187 1165 1249 istorum
1178 1186 1237 1271 qui-

83 1270 171 1335 'dem
191 1272 313 1346 calculis
337 1272 510 1334 tolerabiles
531 1291 599 1333 esse
626 1281 694 1332 tuos
715 1290 835 1348 mores,
867 1270 985 1335 nedum
1004 1282 1039 1335 ut
1063 1272 1105 1335 eit
1125 1292 1235 1351 verum,

97 1356 181 1444 quod
216 1360 296 1421 aullo
315 1367 385 1419 ente
399 1356 538 1419 dicebas:

18 1468 26 1473 ·
184 1378 384 1525 gaudeatis
397 1448 465 1520 eet,
489 1439 587 1526 sopio
604 1434 713 1515 mini,-

98 1551 189 1615 porro
205 1526 318 1593 Stoicis
336 1551 444 1591 omnes
458 1526 572 1607 insani,
592 1526 724 1647 quinon
740 1532 812 1588 sunl
826 1525 996 1614 sapientes3
1017 1551 1082 1594 non
1099 1528 1236 1598 dissimile

99 1612 347 1679 inBacclridibus
360 1614 459 1679 Plauti
482 1610 547 1691 [llI,
569 1618 600 1690 2,
625 1608 699 1689 13]:
941 1632 948 1643 “

245 1758 249 1767 ,
352 1696 414 1762 hoc
428 1696 537 1760 etiam
553 1692 618 1780 ipsi
635 1690 821 1781 culpabunt
836 1694 935 1762 muli.
1005 1694 1008 1701 ’

101 1785 162 1868 [Gi.
174 1784 326 1866 Senecae,
347 1784 477 1872 Epicteti
497 1797 528 1848 et
547 1782 691 1847 Antonini
705 1780 745 1844 de
756 1782 801 1845 ire
814 1784 875 1846 loci
888 1806 937 1872 ap.
951 1785 1009 1867 Pl]
1025 1822 1041 1840 .-

636 2498 717 2569 AD

105 2638 1249 2833 sarrnxunon'inrnns

21 2968 34 3029 '—
56 2923 254 3043 steNerone
269 2952 406 3060 principe
424 2982 536 3059 quanta
549 2972 640 3035 luerit
652 2974 807 3035 bonorum
823 2971 936 3037 civium
948 2972 1144 3059 indignatio,
1158 3000 1250 3065 quen-

106 3076 155 3127 tus
170 3081 310 3139 moeror,
333 3081 404 3121 cum
416 3058 555 3124 viderent
569 3057 809 3145 perditissimum
827 3062 972 3138 juvenem
989 3063 1120 3149 imperio
1135 3063 1250 3129 Roma-

31 3144 41 3159 ‘
107 3170 149 3213 no
164 3144 310 3224 illudere,
331 3146 421 3207 facile
437 3144 532 3227 cuivis
547 3145 708 3207 aestimare
724 3156 779 3208 est.
822 3144 930 3230 Neque
946 3144 1151 3217 dubitandum
1164 3172 1250 3238 prae-
1262 3210 1281 3225 ,,

109 3238 188 3297 clera
203 3230 345 3312 ingenie,
366 3252 444 3317 quae
461 3230 513 3293 illa
527 3240 708 3316 tempestate
723 3251 787 3291 non
804 3251 901 3315 pauca
925 3233 1142 3316 effloruerunt,
1161 3254 1250 3319 aegre

6 3362 12 3373 ι
76 3316 82 3325 ’
109 3342 143 3385 se
158 3317 358 3395 continuisse,
386 3317 550 3401 quominus
569 3314 693 3396 ingenui
713 3314 827 3378 doloris
847 3317 1022 3395 testimonia
1032 3324 1250 3387 monumentis

109 3404 172 3469 suis
185 3403 334 3489 impressa
352 3400 391 3463 ad
405 3406 545 3487 posteros
560 3402 811 3479 transmitterent3
836 3406 919 3482 cujus
939 3405 984 3467 rei
1005 3408 1059 3469 vel
1079 3410 1173 3472 unius
1193 3410 1252 3472 An·

110 3489 180 3555 naei
192 3488 308 3553 Lucani
324 3486 479 3551 Pharsalia
494 3486 616 3549 abunde
626 3486 721 3548 fidem
736 3488 826 3551 nobis
841 3488 956 3551 fecerit.
987 3488 1076 3555 Vixit
1089 3494 1172 3557 inter
1188 3516 1254 3557 cae-

109 3586 193 3639 teros
213 3573 371 3637 nobilioris
397 3571 513 3653 ingenii
534 3573 618 3635 vires
648 3594 756 3635 eorum
778 3583 953 3659 temporum
974 3586 1005 3639 et
1024 3576 1122 3663 poe'ta
1143 3592 1255 3659 noster,

113 3661 245 3724 duorum
264 3674 457 3743 summorum
474 3658 653 3737 hominum,
684 3657 770 3721 Paeti
789 3656 945 3723 Thraseae
963 3671 994 3724 et
1013 3662 1114 3749 ipsius
1133 3666 1256 3747 Lucani,

112 3746 228 3810 amicus
240 3766 275 3806 ac
288 3744 456 3808 familians.
498 3743 570 3805 Hic¹
579 3765 649 3805 curn
666 3744 931 3828 impatientissime
944 3749 1050 3829 ferret,
1072 3762 1108 3812 ut
1124 3764 1190 3814 erat
1204 3772 1257 3815 na-

39 3838 41 3843 ’
112 3846 198 3896 turae
212 3830 287 3893 acris
304 3842 334 3893 ct
348 3830 381 3892 in
395 3851 502 3893 amore
516 3830 633 3892 virtutis
656 3850 690 3890 ac
713 3829 858 3893 vitiorum
880 3831 954 3893 odio
971 3836 1057 3912 juxta
1075 3838 1257 3917 vehemens,

44 3931 230 4004 (lubensque
247 3915 345 4002 deque
365 3916 470 3979 omnia
482 3914 603 3978 misceri
621 3914 742 3978 Romae
761 3916 935 3996 regentibus
954 3918 1120 4005 imperium
1135 3924 1258 4003 juveni-

114 4008 172 4070 bus
197 4001 455 4087 depravatissimis
485 4013 516 4064 et
534 4002 685 4088 imprimis
714 4000 838 4064 Nerone
858 4004 944 4089 ipso,
973 4005 1026 4090 qui
1045 4030 1149 4093 neque
1170 4030 1258 4074 usum

62 4089 179 4168 316Rei
201 4091 319 4152 ,ullum
331 4090 465 4151 habebat
475 4109 575 4173 neque
589 4090 741 4150 rationem
753 4090 818 4167 ejus
834 4088 1065 4155 administrandi
1079 4098 1144 4157 ullo
1162 4094 1257 4158 modo

13 4198 19 4207 ’
116 4188 168 4240 aut
179 4112 327 4241 didicerat
349 4184 400 4235 aut
420 4174 550 4236 sciebat:
568 4196 633 4236 non
653 4174 811 4253 abstinuit,
834 4177 907 4260 quin
926 4176 987 4239 stili
1009 4180 1057 4240 sui
1070 4200 1260 4255 ¹mucronem

115 4274 181 4326 tam
194 4263 228 4323 in
241 4258 398 4324 Neronem
415 4259 518 4345 ipsum
531 4260 690 4340 stringeret
700 4278 793 4345 qnam
809 4261 840 4322 in
853 4262 986 4348 reliquos
999 4265 1111 4330 similis
1134 4266 1261 4331 demen-

18 4420 21 4425 ,
116 4350 177 4411 tiae
194 4351 340 4427 juvenes,
370 4344 422 4430 qui
439 4344 533 4408 totius
554 4346 723 4430 πολιτικῆς
742 4344 876 4431 imperiti
897 4350 1103 4429 gubernacula
1122 4354 1262 4440 publicae

116 4434 162 4496 rei
181 4455 237 4519 pro
258 4453 291 4496 se
311 4431 439 4517 quisque
462 4434 669 4516 capessebant.
719 4428 774 4493 Isti
795 4432 1053 4513 sunt,'adrersus
1068 4458 1151 4525 quoe
1169 4438 1262 4505 Satira
