2700 4972
353 306 611 379 aornusrr
635 308 855 381 surtran
881 313 940 385 vr.
1066 414 1074 422 ι
1151 288 1221 420 ιη
1302 281 1307 301 “

78 477 288 582 tio-impensis
296 478 468 580 minoribus
478 483 626 579 hactenus
640 483 718 566 eg't:
733 506 821 549 nunc
835 483 878 549 de
887 446 1065 555 liberalitate
1075 488 1128 554 ills
1140 494 1215 556 sub-

75 570 162 715 tt}
180 562 1007 723 liiiiilfiiilssbllllbiilltoffli
1019 596 1131 723 mim
1142 597 1214 641 ’ᾧ

75 698 218 824 tempore
229 741 307 805 haec
318 676 469 805 scfibbbat
478 740 624 832 Persius,¹
636 763 676 804 eo
693 743 794 823 rnsgis
804 682 1113 826 necessariurllaemial),⁸
1118 684 1216 832 ‘qddd

64 845 171 911 saepe
192 823 233 887 ad
252 827 405 890 maximas
429 826 586 912 impensas
604 827 693 892 inriti
717 827 917 909 adigebantur
932 831 971 892 ab
988 831 1048 895 illis
1067 836 1215 914 tyrannis,
1236 902 1240 911 ⁴

73 931 208 996 quorum
221 923 308 973 erent
317 912 351 974 in
364 922 532 998 potestate:
552 923 588 974 ut
602 913 692 975 fuerit
701 914 760 977 illis
773 917 825 977 rel
833 936 906 976 eam
915 916 1064 980 solamob
1072 938 1212 982 omnum

73 997 271 1061 utilissimum
282 998 451 1083 praeceptis
467 998 588 1076 instrui,
609 1019 688 1083 quae
702 1000 843 1061 animum
862 999 1009 1065 adversus
1028 1005 1105 1066 tales
1123 1026 1212 1069 casus

72 1083 246 1147 imment:
266 1086 341 1146 norb
360 1085 450 1147 aliter
462 1083 544 1145 uffici
559 1084 712 1164 ejusmodi
727 1082 840 1165 jobuna
854 1106 952 1172 opum
971 1107 1094 1151 susrmn
1116 1090 1216 1174 opou'·¹

71 1179 119 1230 tet
131 1168 238 1247 illruu,
258 1170 313 1254 qui
326 1167 501 1234 divitiarum
513 1189 605 1232 usum
625 1173 724 1256 probe
735 1182 838 1234 teneat
847 1193 953 1257 neque
961 1173 1044 1259 ipsas
1057 1176 1150 1260 pluris
1162 1178 1212 1238 sc-

72 1254 134 1321 aiat
153 1274 247 1339 quam
268 1254 393 1342 parsit:
412 1255 500 1317 aliter
518 1275 607 1334 euru,
635 1257 691 1341 qui·
710 1255 753 1321 de
768 1257 828 1320 huc
848 1256 962 1323 virtute
978 1259 1057 1323 nihil
1075 1280 1210 1349 unquam
1281 1342 1284 1346 ¹

71 1339 263 1423 cogitaverit,
282 1341 362 1423 nihil
377 1339 532 1404 didicerit:
553 1343 650 1426 etqui

564 1438 682 1508 Nulla
693 1439 853 1531 exemplo
864 1439 960 1508 beart

175 1586 180 1613 ,
196 1523 375 1617 Purpurio
385 1546 461 1592 esse
470 1535 586 1616 putat.

67 1622 116 1705 llo
132 1630 278 1719 pertinet,
297 1628 385 1781 3⁶⁰³
402 1642 449 1696 tot
465 1630 678 1719 interpretibus
693 1638 758 1696 no'n
778 1630 837 1695 fuit
855 1628 1118 1715 animadversum,
1141 1630 1207 1698 dis·

57 1716 183 1803 ·putstio
201 1717 280 1781 haec
323 1717 410 1783 ersii:
436 1738 510 1781 uam
529 1738 623 1801 agens
644 1716 694 1783 de,
706 1718 914 1782 munificentia
930 1720 1108 1805 exemplum
1125 1722 1206 1799 ejus-

65 1798 157 1865 modi
175 1798 216 1865 de
239 1800 387 1866 industria
410 1807 541 1890 profert,
562 1826 604 1867 ex
624 1825 686 1891 quo
708 1802 809 1885 colligi
826 1814 947 1893 poterat
962 1800 1042 1866 hanc
1060 1804 1207 1868 visuum
1295 1874 1298 1881 ⁴

68 1884 223 1951 Romanis
230 1886 402 1951 admodum
416 1890 524 1952 utilem
534 1892 685 1954 futuram:
706 1900 750 1971 ut,
763 1890 791 1953 si
804 1887 878 1991 guid
891 1893 971 1953 forte
985 1889 1086 1953 simile
1102 1890 1205 2038 impe-

62 1983 181 2036 rsretur
216 1984 428 2061 praeparatam
445 1976 583 2038 animum
596 1972 742 2040 adversus
759 1976 851 2056 hujus
870 1976 989 2056 generis
1003 1994 1090 2039 casus
1106 1975 1147 2038 ha
1170 1997 1205 2038 e-
1294 2040 1297 2048 ,

61 2068 141 2123 rent.
233 2062 369 2147 emplum
386 2071 432 2124 est
442 2061 516 2124 hoc.
559 2060 650 2142 Cujus
671 2056 821 2149 Caligula,
849 2060 920 2122 cum
940 2061 1128 2146 triumphare
1147 2082 1203 2122 cu-
1317 2126 1322 2133 ,

24 2190 27 2195 -
60 2154 166 2233 peret,
188 2142 228 2208 de
236 2144 380 2209 simulato
391 2148 481 2210 hoste
494 2148 616 2225 falsam,
636 2144 693 2210 sed
707 2152 799 2233 quam
814 2158 954 2233 pruvera
967 2147 1065 2208 voluit
1076 2146 1192 2227 haberi,
1198 2142 1253 2206 497

59 2230 224 2296 victoriam
240 2230 413 2317 reportarit.
454 2229 550 2311 Igitur
570 2232 657 2320 quasi
667 2228 844 2295 'Germanos
860 2232 953 2312 longe
974 2232 1094 2317 lateque
1109 2230 1204 2294 uicis·

59 2328 125 2397 set,
145 2318 296 2380 laureatas
305 2317 406 2379 literas
419 2314 557 2379 Romam
571 2316 611 2379 ad
627 2314 768 2381 senatum
782 2317 880 2397 misit,
900 2328 935 2377 ut
950 2316 1009 2379 sibi
1029 2316 1201 2402 triumphus
1293 2372 1298 2383 .

59 2400 291 2483 decerneretur,
311 2402 405 2467 simul
417 2414 519 2465 autem
532 2402 777 2509 procuratoribus
794 2402 857 2466 suis
876 2402 908 2463 in
924 2402 1003 2463 hanc
1018 2403 1201 2464 sententiam

58 2486 181 2575 scripsit
193 2498 317 2550 auctore
337 2484 487 2551 Suetonio
508 2487 616 2569 [Lulig.
630 2508 664 2551 cu
688 2486 781 2567 .47]=
798 2485 905 2549 Trium
927 2486 1005 2548 hum
1022 2498 1201 2573 apparerent

56 2594 153 2669 qutun
161 2572 429 2653 minimasummu,
442 2570 498 2636 sed
506 2585 634 2659 quantus
671 2574 719 2657 ius
731 2592 889 2658 nunquam
898 2508 1015 2651 diisset,
1029 2570 1153 2657 quando
1166 2572 1200 2634 in

56 2660 201 2722 omnimn
208 2658 372 2721 hominum
379 2660 462 2722 bona
473 2661 522 2739 jus
528 2658 694 2725 haberent:
705 2658 762 2722 etsi
772 2678 835 2720 non
845 2656 930 2720 addit
937 2656 1110 2736 Suetonius,
1122 2678 1201 2743 quo·

55 2742 156 2810 modo
173 2742 330 2826 Caligulae
343 2750 554 2831 procuratores
571 2742 640 2806 data
652 2742 712 2809 sibi
726 2744 846 2807 licentia
860 2744 921 2807 sint
934 2743 996 2822 usi,
1018 2764 1082 2805 non
1094 2748 1199 2805 tumen

55 2827 263 2893 dubitandum
273 2830 400 2916 impune
408 2850 463 2893 eos
476 2828 509 2890 iu
522 2850 781 2914 quorumcumque
792 2830 1052 2901 vellent'fortunas
1063 2849 1101 2891 eo
1109 2849 1199 2913 pras-

53 2914 426 3001 textuimpetuu'sfecisse.
447 2910 616 2977 Enimvero
626 2910 1081 3002 quodtacueruntetSuetonius
1088 2912 1198 2986 etDio,

76 3004 211 3065 rae'clure
224 3000 294 3064 heic
371 3020 492 3064 sessum
505 2998 707 3064 estuPersio:
722 3020 794 3062 nam
805 3000 877 3062 illae
888 3000 1056 3101 impensae,
1070 3018 1196 3085 quarum

50 3024 126 3151 lete
141 3087 334 3151 mentionem
360 3087 427 3167 ecit,
441 3086 583 3171 exempla
596 3096 666 3148 sunt
679 3095 872 3173 sumptuum,
900 3106 952 3171 qur
965 3088 1051 3147 fuere
1058 3083 1198 3170 imperati

51 3173 221 3248 occasions
234 3172 302 3253 illa,
324 3170 365 3236 ad
380 3163 654 3265 cohonestandum
664 3168 1045 3257 Caliguleetriumphum„

140 3288 257 3355 Missa
270 3299 323 3357 est
334 3309 358 3354 a
382 3289 537 3355 Caesare
550 3286 703 3370 [cume]
728 3289 893 3355 Suetonius
912 3291 1113 3357 laureatanuu
1130 3284 1196 3368 Caji

49 3376 211 3443 literanum
230 3376 375 3441 meminit
386 3377 483 3463 capite
503 3373 632 3441 XLIV:
659 3376 715 3441 sed
736 3398 800 3439 non
820 3376 893 3439 illae
913 3386 986 3439 sunt
1004 3375 1127 3453 literae,
1154 3372 1194 3437 de

48 3465 164 3615 Zspibus
179 3464 253 3617 poia
269 3462 409 3529 Persius:
435 3483 545 3528 rerum
566 3462 645 3527 uliae
663 3474 770 3550 postea
788 3462 912 3527 missae.
935 3458 1004 3540 [De
1023 3456 1195 3523 laureatis

75 3547 82 3561 ‘
135 3572 166 3616 r.
204 3552 242 3631 l}
279 3608 283 3623 ,
635 3588 639 3594 ι

138 3651 193 3718 46.
212 3650 263 3717 Et
275 3649 351 3715 uris
362 3648 401 3717 F
421 3646 430 3662 ‘
453 3644 534 3713 idus
547 3647 726 3714 excutitur·
742 3646 853 3722 cinis]
873 3645 999 3733 Etutam
1015 3646 1197 3713 annuntius·

48 3749 118 3804 erat
135 3738 263 3803 victorie
287 3749 408 3802 etcum
470 3739 594 3800 cebatur
620 3737 808 3822 triumphus,
839 3733 963 3819 publice
1010 3735 1192 3821 riratinrque
1293 3739 1297 3749 '

45 3836 117 3890 tota
138 3827 214 3888 urbe
234 3844 320 3889 sacru
338 3824 467 3903 fiebunt,
498 3834 532 3885 ut
548 3823 665 3909 possim
683 3820 765 3907 apud
791 3819 946 3899 Dionem,
1010 3818 1191 3883 erodionum

45 3911 190 3996 aliosque
199 3910 371 3997 historicos.
395 3907 545 3990 [Frigidus
557 3909 633 3973 cinis
644 3907 861 3972 sacrificiorum
875 3918 947 3970 ante
964 3908 1119 3969 trunsum
1130 3907 1191 3970 aris

46 3997 213 4076 excutitur,
230 4000 268 4058 'ut
284 3997 370 4060 locus
383 3994 471 4057 detur
483 3995 596 4074 notis]

136 4078 195 4146 Ac
206 4077 289 4167 jam
298 4079 456 4168 postibus
468 4100 572 4142 arma
590 4110 634 4125 -
648 4075 744 4143 locat
761 4074 966 4156 Caesonius]
987 4074 1020 4138 id
1041 4087 1088 4140 est
1103 4076 1189 4162 llper]

44 4178 268 4256 procuratores,
288 4180 324 4231 ut
334 4165 431 4231 modo
448 4165 600 4229 vidimus:
618 4184 706 4227 arma
721 4175 824 4226 autem
838 4165 1016 4226 locabantur
1037 4174 1068 4225 et
1091 4162 1209 4247 spoliu-

44 4275 146 4318 omne
158 4253 400 4341 gentupostibus
415 4250 569 4332 affigenda
586 4249 707 4331 [v.l’l.],
718 4261 753 4313 ut
765 4246 891 4335 nequid
906 4248 1027 4312 deesset
1038 4246 1079 4309 ad
1092 4246 1189 4309 fidem

43 4343 167 4491 φίωὲ),
187 4340 413 4509 quigtpgpbaun,
433 4336 664 4402 conciliandam.
687 4335 742 4419 [de
750 4357 816 4423 quo·
824 4335 927 4399 mimo
936 4356 976 4396 ne
989 4333 1112 4414 neglige
1123 4331 1238 4399 tasse
1268 4354 1271 4359 ·

44 4439 98 4492 ort.
145 4447 220 4491 erm.
279 4472 288 4492 .
755 4476 760 4485 .
