2700 4972
270 319 517 406 rsnsrsnr
538 336 757 405 nostru
778 302 1054 407 lutrano*
1160 342 1227 409 crs

93 509 162 577 buit
172 507 358 596 miratusque
370 521 417 574 est
429 509 482 575 hic
494 508 631 590 Flaccos,
652 519 687 572 ut
696 519 796 572 toturn
807 509 958 573 memoria
973 509 1107 576 tentisse
1121 510 1227 581 existi-
1272 518 1276 527 “
1337 534 1340 539 ·

93 618 199 665 memr
215 595 304 683 quod
316 595 442 683 quidem
452 596 495 659 ite
513 616 582 660 esse
594 595 753 659 neminem
765 605 841 681 puto
855 593 1081 677 dubitaturum,
1101 597 1154 683 qui
1168 600 1227 661 ob-

94 682 277 760 servaverit,
298 703 392 770 quam
406 703 515 768 saepe,
535 696 632 768 quam·
649 680 776 744 feliciter
797 690 828 745 et
846 681 1014 746 sententias
1025 694 1065 745 'et
1076 678 1226 753 dictiones
1301 688 1313 767 Ἰ

95 771 162 848 ejus
186 779 327 854 usurpet:
354 779 480 854 apparet
496 767 714 831 commentanti
730 765 836 830 Persio
856 769 952 832 verba
970 788 1137 854 versusque
1157 770 1227 832 Ho-
1270 774 1274 787 “
1314 782 1318 789 ’

94 855 280 917 tatianamm
290 851 455 917 Satirarum
476 874 541 916 non
558 852 664 931 anxie,
690 850 748 916 sed
759 854 838 916 ultro
860 854 919 917 sub
940 871 1071 916 acumen
1086 855 1147 917 stili
1162 861 1279 919 ve-525

94 941 194 1003 nisse:
216 951 249 1002 ut
268 936 409 1003 videatur
431 939 530 1019 magis
550 960 615 1000 non
634 936 829 1087 repudiasse,
849 937 1006 1023 quaesibi
1028 940 1154 1019 comiter
1172 946 1242 1004 sua'

93 1024 247 1088 memoria
262 1024 456 1110 suggerebst,¹
471 1045 566 1109 quam
580 1021 662 1087 dein
684 1024 776 1087 ustria
807 1023 983 1089 uaesivisse.
1024 1024 1133 1111 Neque
1146 1026 1230 1089 enim

93 1110 248 1174 debemus
265 1112 330 1189 ejus
341 1109 523 1173 infelicitatis
534 1121 653 1175 tantum
669 1109 771 1174 virum
787 1045 953 1188 damnare,
973 1121 1007 1172 ut
1016 1123 1159 1197 putemus
1173 1111 1231 1174 ali-

95 1195 311 1282 qusmipsum
331 1217 371 1258 ex
389 1196 528 1258 affectata
544 1195 666 1258 Horatii
683 1187 856 1259 imitatione
871 1206 1056 1283 aucupatum
1071 1217 1141 1261 esse
1162 1194 1249 1279 glo-'

94 1282 192 1346 riam:
216 1280 372 1367 iniquum,
392 1279 554 1343 ridiculum
571 1291 605 1344 et
617 1281 743 1345 stultum
763 1280 804 1345 sit
822 1292 887 1343 tam
907 1278 1031 1383 ineplas
1054 1281 1232 1357 ambitionis
1271 1312 1274 1317 ·

95 1366 324 1431 nobilissimum
341 1368 487 1446 juvenem
510 1386 546 1428 ac
572 1367 830 1453 sapientissimum
855 1368 937 1431 velle
956 1367 1149 1433 msimulare:
1178 1367 1232 1454 qui

71 1458 75 1465 '
97 1464 203 1515 contra
218 1472 341 1515 summo
359 1448 473 1530 judicio
490 1451 615 1517 virtutes
634 1450 754 1514 Horatii
771 1451 815 1514 sic
832 1452 966 1515 imitatus
984 1463 1047 1528 est,
1068 1464 1102 1515 ut
1112 1474 1231 1517 naevos
1295 1504 1298 1511 .

97 1548 131 1616 et
144 1531 324 1618 ἀποτυχίας
338 1535 476 1616 ejusdem
491 1548 595 1600 cauus
612 1537 713 1601 vitarit
727 1535 853 1600 sedulo:
874 1536 1047 1622 quodcum
1069 1539 1143 1602 alibi
1161 1541 1232 1624 plu·
1324 1608 1326 1615 ,

91 1624 182 1687 tibm
194 1622 435 1685 demonstratum
446 1621 486 1686 sit
496 1642 515 1685 a
527 1622 636 1702 nobis,
656 1622 753 1686 misso
772 1623 834 1684 hoc
848 1643 990 1685 sermone
1002 1622 1088 1709 quod
1100 1624 1232 1688 institui-
1258 1636 1262 1643 '

94 1729 169 1772 murs
186 1711 251 1789 jam
268 1706 498 1789 aggrediemur.¹
538 1707 600 1789 [De
621 1708 680 1771 hac
698 1704 955 1771 commentatione
972 1729 1014 1771 ex
1032 1730 1068 1772 re
1083 1708 1232 1789 judicium

96 1796 223 1875 elegans
242 1793 313 1857 tulit
333 1792 769 1880 Passoviusp.108-1183
797 1794 851 1894 qui
870 1804 975 1856 tamen
995 1804 1031 1856 ut
1052 1806 1134 1859 recte
1156 1794 1234 1858 dixit

96 1878 203 1943 multis
220 1879 255 1942 in
275 1879 351 1942 locis
374 1900 393 1942 a
413 1876 482 1943 Ges.
505 1878 683 1963 compositis
705 1876 745 1942 de
761 1878 932 1942 imitatione
952 1879 1149 1960 cogitandum
1168 1902 1234 1943 non

97 1986 179 2037 esse,
200 1964 242 2029 ita
254 1984 475 2051 nonnunquam
487 1964 602 2046 egregii
613 1964 672 2030 viri
688 1966 782 2030 verba
794 1963 886 2029 nimis
900 1963 1023 2034 videtur
1035 1962 1170 2048 ussisse]

434 2164 501 2232 IN
554 2162 901 2273 PROLOGO.

186 2301 320 2367 Imitatio
340 2303 475 2389 pluribus
494 2301 597 2367 modis
612 2303 664 2367 fitz
691 2324 766 2366 nam
784 2315 818 2365 nt
842 2302 986 2368 orationis
1008 2303 1134 2370 virttrtes
1154 2305 1306 2385 aliaet2tll)

100 2389 244 2453 dicuntm
261 2391 432 2453 rhetoribus
447 2384 688 2473 πραγματικαὶ,
705 2388 787 2451 oliae
806 2387 973 2454 triviaci:
992 2390 1036 2453 ita
1055 2390 1149 2453 etiam
1164 2391 1238 2454 imi-

99 2476 177 2539 tatio
191 2485 237 2538 est
247 2476 305 2537 alia
318 2497 428 2556 rerum,
450 2477 510 2538 alia
522 2475 719 2551 elocutionis,
744 2496 815 2537 cum
835 2485 889 2537 aut
902 2479 998 2541 verba
1010 2478 1137 2556 alicrrjus
1149 2498 1239 2541 usur-

99 2580 238 2650 pamus,
250 2572 302 2623 aut
317 2562 427 2642 figuras
443 2562 658 2647 exprimimus,
677 2561 906 2625 autsententies
915 2564 1115 2627 aemulamur.
1158 2561 1239 2626 Rur-

98 2668 155 2712 sus
179 2644 310 2709 imitatio
335 2645 486 2731 quaedam
507 2645 715 2724 manifestior,
732 2645 887 2735 quaedam
905 2648 1066 2712 occultior:
1096 2649 1239 2713 omnium

102 2732 293 2820 apertissima
309 2732 360 2795 illa
375 2743 435 2812 est,
457 2754 527 2794 cum
543 2744 574 2795 et
589 2732 738 2796 sententia
753 2744 858 2795 manet
876 2729 987 2795 eadem
1006 2744 1037 2795 et
1052 2736 1146 2798 verba
1158 2755 1239 2820 quo·

102 2838 165 2905 que
177 2816 338 2881 nonnulla:
348 2816 435 2881 ‘nem
447 2817 475 2881 si
486 2818 564 2880 nihil
577 2818 611 2897 in
624 2816 726 2882 verbis
737 2818 830 2880 fiterit
840 2827 1008 2897 mutatum,
1029 2839 1095 2881 non
1106 2819 1240 2906 simplex

100 2903 204 2968 imitio
215 2922 254 2965 ea
268 2900 412 2983 dicenda,
432 2900 490 2966 sed
502 2879 612 2987 repud
626 2899 761 2984 μίμησις
775 2913 827 2966 aut
840 2902 942 2988 potius
955 2897 1138 2986 μετάθεσις,
1159 2924 1239 2988 quo-
1324 2942 1326 2947 ,

101 2988 203 3054 modo
226 2988 359 3075 loquitur
376 2987 552 3052 Demetrius
572 2987 755 3067 Phalereus,
784 2988 853 3053 sive
875 2986 1074 3073 usurpatio:
1105 3000 1141 3051 ut
1166 3010 1240 3052 eum

101 3074 200 3139 Ennii
211 3094 336 3139 versum
349 3075 487 3138 sennoni
498 3095 554 3138 suo
562 3071 683 3138 Persius
692 3072 939 3138 accommodavit
949 3076 982 3136 in
995 3085 1091 3138 sexta.
1133 3073 1239 3139 Minus

103 3156 268 3225 manifeste
292 3170 353 3235 est,
383 3159 593 3224 cum'serveta
611 3160 762 3223 sententia
783 3181 848 3222 non
864 3172 1029 3225 servantru‘
1037 3161 1148 3239 verba,
1175 3159 1294 3240 ⁵0d526

104 3256 261 3312 mutantur
275 3246 396 3308 omnia:
417 3245 570 3308 interdum
580 3248 674 3309 verba
688 3246 866 3324 retinentur,
887 3245 944 3310 sed
960 3246 995 3308 in
1007 3244 1100 3308 aliem
1117 3256 1242 3308 senten-

103 3334 182 3395 tiam
191 3329 339 3394 treducta:
351 3330 433 3416 quod
445 3332 548 3417 ipsum
558 3331 649 3395 variis
660 3331 726 3393 fieri
738 3333 817 3394 solet
830 3331 943 3396 modis.
966 3331 1117 3395 Omnium
1130 3333 1243 3395 horum

98 3418 253 3501 =exempla
268 3416 299 3478 in
312 3418 431 3480 Horatii
449 3417 619 3480 imitatione
632 3415 753 3480 Persius
769 3418 865 3494 ‚nobis
881 3417 1022 3496 exhibet,
1042 3428 1077 3478 ut
1088 3417 1152 3480 suis
1166 3416 1243 3481 locis

106 3502 218 3567 dicturi
229 3522 345 3566 sumus.
387 3502 453 3567 Nos
469 3524 544 3567 vero
569 3524 608 3565 ne
626 3502 678 3564 illa
691 3499 817 3587 quidem
838 3501 1107 3588 praetermittenda
1123 3503 1245 3566 censui-

106 3608 190 3668 mus,
209 3588 242 3651 in
253 3588 340 3674 queis
350 3586 472 3651 videtur
487 3586 608 3652 Persius
621 3608 686 3650 non
706 3598 772 3651 tam
791 3590 920 3653 consilio
938 3599 969 3651 et
983 3587 1085 3651 studio
1103 3587 1245 3650 imitandi

87 3694 287 3761 -quamcasu
303 3685 336 3737 et
356 3668 577 3758 ξυνεμπτώσει
594 3683 648 3735 aut
670 3670 757 3736 idem
778 3677 909 3738 verbum
925 3674 1064 3738 similiter
1084 3695 1246 3760 usurpasse

107 3771 164 3825 sut
178 3779 301 3823 versum
314 3759 448 3846 quodam
469 3758 566 3823 modo
583 3758 719 3822 similem
737 3758 849 3823 fecisse
866 3760 956 3822 alicui
967 3760 1153 3833 Horatiano:
1173 3780 1248 3823 nam

93 3845 172 3911 -etsi
194 3846 274 3909 nihil
292 3849 421 3910 sonasse
445 3846 580 3926 cogitans
602 3845 636 3907 in
666 3845 718 3907 illa
745 3844 866 3924 incidit,
894 3846 992 3908 nihilo
1019 3857 1122 3908 tamen
1144 3846 1248 3908 minus

107 3926 237 4010 catum,
257 3952 311 3994 cur
324 3931 357 3994 in
366 3932 419 3995 itta
430 3932 626 4018 potissimum
638 3928 793 4007 incideret,
804 3942 869 3993 erat
881 3930 966 4017 qnod
977 3932 1097 3993 Horatii
1112 3942 1143 3993 et
1154 3932 1250 3995 verba

110 4028 145 4081 et
158 4018 278 4080 numeri
296 4016 388 4081 etiam
403 4015 486 4080 aliud
502 4016 602 4097 agenti
613 4015 646 4077 in
656 4026 793 4079 mentem
803 4017 969 4081 veniebant
982 4028 1013 4080 et
1022 4019 1080 4081 sub
1097 4017 1157 4080 stili
1177 4038 1250 4079 acu-

109 4124 197 4168 men.
214 4136 259 4149 -
277 4101 315 4165 ln
329 4104 391 4167 boc
411 4124 487 4168 vero
507 4100 641 4165 carmine
664 4122 734 4163 cum
753 4112 845 4182 neget
857 4102 978 4166 Persius
991 4124 1025 4169 se
1043 4101 1168 4189 po'e’tam
1182 4122 1251 4166 esse

109 4200 146 4254 et
166 4186 436 4275 semipagaoum
457 4188 613 4267 nominat,
640 4187 801 4268 ingenioso
827 4191 925 4252 verbo
943 4189 1091 4276 expressit
1115 4187 1252 4267 adfatim,

111 4273 199 4362 quod
216 4272 334 4337 dixerat
343 4275 487 4339 Horatius
499 4296 564 4338 non
585 4274 690 4338 solum
703 4272 839 4359 pluribus
851 4275 972 4354 verbis,
994 4272 1050 4337 sed
1070 4273 1164 4335 etiam
1182 4294 1254 4337 ver·
1343 4272 1346 4277 '

112 4362 217 4427 sibus:
238 4370 273 4422 ut
286 4380 358 4426 rum
371 4357 497 4449 poiitam
518 4381 553 4423 se
572 4369 664 4441 negat
683 4358 717 4421 in
736 4359 823 4423 tertia
836 4360 915 4438 [imo
926 4359 1044 4446 quarta]
1067 4360 1137 4423 libri
1154 4358 1254 4446 primi,

113 4470 146 4514 v.
168 4451 213 4513 39
233 4464 318 4531 sqq:
731 4466 740 4479 “
1291 4471 1293 4482 ·
