<?xml version="1.0" encoding="UTF-8"?>
<!DOCTYPE html PUBLIC "-//W3C//DTD XHTML 1.0 Transitional//EN"
    "http://www.w3.org/TR/xhtml1/DTD/xhtml1-transitional.dtd">
<html xmlns="http://www.w3.org/1999/xhtml" xml:lang="en" lang="en">
 <head>
  <title>
</title>
<meta http-equiv="Content-Type" content="text/html;charset=utf-8" />
  <meta name='ocr-system' content='tesseract 3.04.00' />
  <meta name='ocr-capabilities' content='ocr_page ocr_carea ocr_par ocr_line ocrx_word'/>
</head>
<body>
  <div class='ocr_page' id='page_1' title='image "./satirarumliber00persgoog_0037.png"; bbox 0 0 2700 4972; ppageno 0'>
   <div class='ocr_carea' id='block_1_1' title="bbox 107 308 893 414">
    <p class='ocr_par' dir='ltr' id='par_1_1' title="bbox 107 308 893 414">
     <span class='ocr_line' id='line_1_1' title="bbox 107 308 893 414; baseline -0.009 -1"><span class='ocrx_word' id='word_1_1' title='bbox 107 308 230 414; x_wconf 23' lang='lat' dir='ltr'>&#39;mr</span> <span class='ocrx_word' id='word_1_2' title='bbox 567 336 893 412; x_wconf 76' lang='lat' dir='ltr'>A.-1¹ER811</span> 
     </span>
    </p>
   </div>
   <div class='ocr_carea' id='block_1_2' title="bbox 160 508 1253 600">
    <p class='ocr_par' dir='ltr' id='par_1_2' title="bbox 160 508 1253 600">
     <span class='ocr_line' id='line_1_2' title="bbox 160 508 1253 600; baseline -0.007 -17"><span class='ocrx_word' id='word_1_3' title='bbox 160 517 302 584; x_wconf 66' lang='lat' dir='ltr'>Torva</span> <span class='ocrx_word' id='word_1_4' title='bbox 316 510 624 580; x_wconf 67' lang='lat' dir='ltr'><em>Mimalloneis</em></span> <span class='ocrx_word' id='word_1_5' title='bbox 642 511 880 600; x_wconf 76' lang='lat' dir='ltr'>implerunt</span> <span class='ocrx_word' id='word_1_6' title='bbox 898 533 1060 579; x_wconf 83' lang='lat' dir='ltr'>cornua</span> <span class='ocrx_word' id='word_1_7' title='bbox 1079 508 1253 589; x_wconf 81' lang='lat' dir='ltr'>bombis,</span> 
     </span>
    </p>
   </div>
   <div class='ocr_carea' id='block_1_3' title="bbox 40 619 1298 710">
    <p class='ocr_par' dir='ltr' id='par_1_3' title="bbox 40 619 1298 710">
     <span class='ocr_line' id='line_1_3' title="bbox 40 619 1298 710; baseline -0.003 -20"><span class='ocrx_word' id='word_1_8' title='bbox 40 672 42 677; x_wconf 88' lang='lat'>-</span> <span class='ocrx_word' id='word_1_9' title='bbox 156 619 1177 710; x_wconf 79' lang='lat' dir='ltr'>Etruptumvitulocaputadloturoeuperbo</span> <span class='ocrx_word' id='word_1_10' title='bbox 1235 626 1298 687; x_wconf 88' lang='grc'>100</span> 
     </span>
    </p>
   </div>
   <div class='ocr_carea' id='block_1_4' title="bbox 129 718 1301 1032">
    <p class='ocr_par' dir='ltr' id='par_1_4' title="bbox 129 718 1301 1032">
     <span class='ocr_line' id='line_1_4' title="bbox 157 718 1299 823; baseline -0.005 -26"><span class='ocrx_word' id='word_1_11' title='bbox 157 718 390 808; x_wconf 66' lang='grc' dir='ltr'>Βάεεατιό,</span> <span class='ocrx_word' id='word_1_12' title='bbox 420 740 462 795; x_wconf 75' lang='lat' dir='ltr'>et</span> <span class='ocrx_word' id='word_1_13' title='bbox 484 729 655 817; x_wconf 79' lang='lat' dir='ltr'>lyncem</span> <span class='ocrx_word' id='word_1_14' title='bbox 677 725 1052 822; x_wconf 76' lang='lat' dir='ltr'>Moenuaflexura</span> <span class='ocrx_word' id='word_1_15' title='bbox 1078 726 1299 823; x_wconf 80' lang='lat' dir='ltr'>corymbis</span> 
     </span>
     <span class='ocr_line' id='line_1_5' title="bbox 158 833 1301 931; baseline -0.003 -27"><span class='ocrx_word' id='word_1_16' title='bbox 158 835 299 904; x_wconf 76' lang='lat' dir='ltr'>Euion</span> <span class='ocrx_word' id='word_1_17' title='bbox 324 836 583 924; x_wconf 75' lang='lat' dir='ltr'>ingeminat:</span> <span class='ocrx_word' id='word_1_18' title='bbox 608 835 887 931; x_wconf 69' lang='lat' dir='ltr'>reparabilis</span> <span class='ocrx_word' id='word_1_19' title='bbox 910 833 1301 903; x_wconf 77' lang='lat' dir='ltr'>adconolEclco.—</span> 
     </span>
     <span class='ocr_line' id='line_1_6' title="bbox 129 934 913 1032; baseline -0.003 -23"><span class='ocrx_word' id='word_1_20' title='bbox 129 935 137 947; x_wconf 73' lang='grc'><strong>’</strong></span> <span class='ocrx_word' id='word_1_21' title='bbox 157 946 244 1009; x_wconf 91' lang='lat' dir='ltr'>Haec</span> <span class='ocrx_word' id='word_1_22' title='bbox 265 946 385 1023; x_wconf 79' lang='lat' dir='ltr'>fierent,</span> <span class='ocrx_word' id='word_1_23' title='bbox 415 947 442 1009; x_wconf 88' lang='lat' dir='ltr'>si</span> <span class='ocrx_word' id='word_1_24' title='bbox 461 947 593 1009; x_wconf 84' lang='lat' dir='ltr'>testiculi</span> <span class='ocrx_word' id='word_1_25' title='bbox 613 966 694 1011; x_wconf 80' lang='lat' dir='ltr'>vene</span> <span class='ocrx_word' id='word_1_26' title='bbox 713 934 776 1009; x_wconf 83' lang='lat' dir='ltr'>ulla</span> <span class='ocrx_word' id='word_1_27' title='bbox 795 947 913 1032; x_wconf 82' lang='lat' dir='ltr'>paterni</span> 
     </span>
    </p>
   </div>
   <div class='ocr_carea' id='block_1_5' title="bbox 48 1037 922 1119">
    <p class='ocr_par' dir='ltr' id='par_1_5' title="bbox 48 1037 922 1119">
     <span class='ocr_line' id='line_1_7' title="bbox 48 1037 922 1119; baseline -0.003 0"><span class='ocrx_word' id='word_1_28' title='bbox 48 1108 54 1119; x_wconf 69' lang='grc'><strong>,</strong></span> <span class='ocrx_word' id='word_1_29' title='bbox 158 1053 287 1117; x_wconf 83' lang='lat' dir='ltr'>Viveret</span> <span class='ocrx_word' id='word_1_30' title='bbox 304 1053 338 1115; x_wconf 91' lang='lat' dir='ltr'>in</span> <span class='ocrx_word' id='word_1_31' title='bbox 358 1053 473 1118; x_wconf 85' lang='lat' dir='ltr'>nobis?</span> <span class='ocrx_word' id='word_1_32' title='bbox 516 1068 639 1117; x_wconf 84' lang='lat' dir='ltr'>summu</span> <span class='ocrx_word' id='word_1_33' title='bbox 659 1037 805 1118; x_wconf 81' lang='lat' dir='ltr'>delurnlro¹</span> <span class='ocrx_word' id='word_1_34' title='bbox 824 1055 922 1118; x_wconf 86' lang='lat' dir='ltr'>saliva</span> 
     </span>
    </p>
   </div>
   <div class='ocr_carea' id='block_1_6' title="bbox 159 1158 1302 1356">
    <p class='ocr_par' dir='ltr' id='par_1_6' title="bbox 159 1158 1302 1356">
     <span class='ocr_line' id='line_1_8' title="bbox 159 1158 1302 1263; baseline -0.002 -37"><span class='ocrx_word' id='word_1_35' title='bbox 159 1162 229 1226; x_wconf 74' lang='lat' dir='ltr'>Hoc·</span> <span class='ocrx_word' id='word_1_36' title='bbox 252 1171 334 1235; x_wconf 76' lang='lat' dir='ltr'>natat</span> <span class='ocrx_word' id='word_1_37' title='bbox 352 1161 386 1222; x_wconf 89' lang='lat' dir='ltr'>in</span> <span class='ocrx_word' id='word_1_38' title='bbox 405 1158 517 1236; x_wconf 82' lang='lat' dir='ltr'>labris,</span> <span class='ocrx_word' id='word_1_39' title='bbox 547 1170 577 1222; x_wconf 85' lang='lat' dir='ltr'>et</span> <span class='ocrx_word' id='word_1_40' title='bbox 595 1159 714 1255; x_wconf 29' lang='lat' dir='ltr'>inludo</span> <span class='ocrx_word' id='word_1_41' title='bbox 736 1172 785 1263; x_wconf 60' lang='lat' dir='ltr'>eutJ</span> <span class='ocrx_word' id='word_1_42' title='bbox 801 1160 932 1225; x_wconf 82' lang='lat' dir='ltr'>Maenas</span> <span class='ocrx_word' id='word_1_43' title='bbox 953 1160 1101 1224; x_wconf 72' lang='lat' dir='ltr'>umus:</span> <span class='ocrx_word' id='word_1_44' title='bbox 1241 1159 1302 1224; x_wconf 84' lang='lat'>105</span> 
     </span>
     <span class='ocr_line' id='line_1_9' title="bbox 160 1266 1009 1356; baseline 0.001 -23"><span class='ocrx_word' id='word_1_45' title='bbox 160 1267 226 1333; x_wconf 88' lang='lat' dir='ltr'>Nec</span> <span class='ocrx_word' id='word_1_46' title='bbox 245 1271 388 1356; x_wconf 56' lang='lat' dir='ltr'>pluteum,</span> <span class='ocrx_word' id='word_1_47' title='bbox 405 1266 504 1330; x_wconf 88' lang='lat' dir='ltr'>caedit</span> <span class='ocrx_word' id='word_1_48' title='bbox 524 1290 582 1331; x_wconf 90' lang='lat' dir='ltr'>nec</span> <span class='ocrx_word' id='word_1_49' title='bbox 603 1266 764 1341; x_wconf 82' lang='lat' dir='ltr'>demorsos</span> <span class='ocrx_word' id='word_1_50' title='bbox 783 1267 864 1354; x_wconf 83' lang='lat' dir='ltr'>sapit</span> <span class='ocrx_word' id='word_1_51' title='bbox 882 1289 1009 1349; x_wconf 73' lang='lat' dir='ltr'>ungues</span> 
     </span>
    </p>
   </div>
   <div class='ocr_carea' id='block_1_7' title="bbox 70 1414 1309 1950">
    <p class='ocr_par' dir='ltr' id='par_1_7' title="bbox 188 1414 1122 1527">
     <span class='ocr_line' id='line_1_10' title="bbox 188 1414 1122 1527; baseline -0.001 -25"><span class='ocrx_word' id='word_1_52' title='bbox 188 1414 192 1429; x_wconf 40' lang='lat'>¹</span> <span class='ocrx_word' id='word_1_53' title='bbox 248 1435 320 1502; x_wconf 88' lang='lat' dir='ltr'>Sed</span> <span class='ocrx_word' id='word_1_54' title='bbox 340 1434 425 1525; x_wconf 83' lang='lat' dir='ltr'>quid</span> <span class='ocrx_word' id='word_1_55' title='bbox 445 1461 529 1527; x_wconf 80' lang='lat' dir='ltr'>opus</span> <span class='ocrx_word' id='word_1_56' title='bbox 556 1448 694 1507; x_wconf 82' lang='lat' dir='ltr'>teneros</span> <span class='ocrx_word' id='word_1_57' title='bbox 716 1435 874 1503; x_wconf 81' lang='lat' dir='ltr'>mordaci</span> <span class='ocrx_word' id='word_1_58' title='bbox 895 1435 1020 1501; x_wconf 85' lang='lat' dir='ltr'>rodere</span> <span class='ocrx_word' id='word_1_59' title='bbox 1042 1459 1122 1504; x_wconf 85' lang='lat' dir='ltr'>vero</span> 
     </span>
    </p>

    <p class='ocr_par' dir='ltr' id='par_1_8' title="bbox 70 1541 1205 1741">
     <span class='ocr_line' id='line_1_11' title="bbox 70 1541 1205 1634; baseline -0.001 -21"><span class='ocrx_word' id='word_1_60' title='bbox 70 1580 75 1591; x_wconf 81' lang='lat'>=</span> <span class='ocrx_word' id='word_1_61' title='bbox 153 1544 384 1613; x_wconf 50' lang='grc' dir='ltr'>ἱΑιινίοιιὶιωὲ</span> <span class='ocrx_word' id='word_1_62' title='bbox 426 1543 505 1611; x_wconf 83' lang='lat' dir='ltr'>vide</span> <span class='ocrx_word' id='word_1_63' title='bbox 529 1545 594 1623; x_wconf 84' lang='lat' dir='ltr'>ais,</span> <span class='ocrx_word' id='word_1_64' title='bbox 624 1565 667 1611; x_wconf 85' lang='lat' dir='ltr'>ne</span> <span class='ocrx_word' id='word_1_65' title='bbox 689 1544 867 1634; x_wconf 80' lang='lat' dir='ltr'>majorum</span> <span class='ocrx_word' id='word_1_66' title='bbox 889 1542 954 1611; x_wconf 83' lang='lat' dir='ltr'>tibi</span> <span class='ocrx_word' id='word_1_67' title='bbox 968 1541 1069 1634; x_wconf 76' lang='lat' dir='ltr'>forte</span> <span class='ocrx_word' id='word_1_68' title='bbox 1201 1616 1205 1627; x_wconf 61' lang='grc'><strong>,</strong></span> 
     </span>
     <span class='ocr_line' id='line_1_12' title="bbox 163 1638 1175 1741; baseline 0 -24"><span class='ocrx_word' id='word_1_69' title='bbox 163 1650 311 1717; x_wconf 82' lang='lat' dir='ltr'><em>Limina</em></span> <span class='ocrx_word' id='word_1_70' title='bbox 324 1647 550 1741; x_wconf 69' lang='lat' dir='ltr'>frigescente</span> <span class='ocrx_word' id='word_1_71' title='bbox 594 1660 697 1717; x_wconf 76' lang='lat' dir='ltr'>conat</span> <span class='ocrx_word' id='word_1_72' title='bbox 718 1650 794 1721; x_wconf 77' lang='lat' dir='ltr'>heic</span> <span class='ocrx_word' id='word_1_73' title='bbox 818 1638 970 1723; x_wconf 67' lang='lat' dir='ltr'>cle‘nure</span> <span class='ocrx_word' id='word_1_74' title='bbox 994 1653 1123 1719; x_wconf 81' lang='lat' dir='ltr'>cunina</span> <span class='ocrx_word' id='word_1_75' title='bbox 1170 1700 1175 1707; x_wconf 81' lang='lat'>,</span> 
     </span>
    </p>

    <p class='ocr_par' dir='ltr' id='par_1_9' title="bbox 73 1750 1309 1950">
     <span class='ocr_line' id='line_1_13' title="bbox 73 1750 1309 1848; baseline 0 -23"><span class='ocrx_word' id='word_1_76' title='bbox 73 1750 76 1755; x_wconf 38' lang='lat'>⁵</span> <span class='ocrx_word' id='word_1_77' title='bbox 151 1759 315 1847; x_wconf 57' lang='lat' dir='ltr'>Littera.</span> <span class='ocrx_word' id='word_1_78' title='bbox 336 1760 459 1824; x_wconf 83' lang='lat' dir='ltr'>—&#39;Per</span> <span class='ocrx_word' id='word_1_79' title='bbox 479 1784 531 1827; x_wconf 90' lang='lat' dir='ltr'>me</span> <span class='ocrx_word' id='word_1_80' title='bbox 553 1761 698 1848; x_wconf 80' lang='lat' dir='ltr'>equidem</span> <span class='ocrx_word' id='word_1_81' title='bbox 718 1762 779 1827; x_wconf 86' lang='lat' dir='ltr'>siut</span> <span class='ocrx_word' id='word_1_82' title='bbox 801 1761 904 1831; x_wconf 86' lang='lat' dir='ltr'>omnia</span> <span class='ocrx_word' id='word_1_83' title='bbox 926 1763 1062 1848; x_wconf 87' lang='lat' dir='ltr'>protinus</span> <span class='ocrx_word' id='word_1_84' title='bbox 1083 1765 1170 1827; x_wconf 87' lang='lat' dir='ltr'>alba:</span> <span class='ocrx_word' id='word_1_85' title='bbox 1247 1765 1309 1829; x_wconf 89' lang='grc'>110</span> 
     </span>
     <span class='ocr_line' id='line_1_14' title="bbox 163 1850 1178 1950; baseline -0.004 -15"><span class='ocrx_word' id='word_1_86' title='bbox 163 1869 215 1935; x_wconf 86' lang='lat' dir='ltr'>Nil</span> <span class='ocrx_word' id='word_1_87' title='bbox 235 1850 350 1933; x_wconf 88' lang='lat' dir='ltr'>moror.</span> <span class='ocrx_word' id='word_1_88' title='bbox 392 1867 492 1950; x_wconf 83' lang='lat' dir='ltr'>Euge,</span> <span class='ocrx_word' id='word_1_89' title='bbox 524 1850 634 1935; x_wconf 83' lang='lat' dir='ltr'>ornnes</span> <span class='ocrx_word' id='word_1_90' title='bbox 656 1870 771 1935; x_wconf 80' lang='lat' dir='ltr'>etenim</span> <span class='ocrx_word' id='word_1_91' title='bbox 791 1872 871 1933; x_wconf 90' lang='lat' dir='ltr'>bene</span> <span class='ocrx_word' id='word_1_92' title='bbox 892 1871 988 1934; x_wconf 81' lang='lat' dir='ltr'>uticae</span> <span class='ocrx_word' id='word_1_93' title='bbox 1009 1872 1091 1934; x_wconf 89' lang='lat' dir='ltr'>eritis</span> <span class='ocrx_word' id='word_1_94' title='bbox 1112 1868 1178 1933; x_wconf 87' lang='lat' dir='ltr'>res!</span> 
     </span>
    </p>
   </div>
   <div class='ocr_carea' id='block_1_8' title="bbox 9 1975 1153 2063">
    <p class='ocr_par' dir='ltr' id='par_1_10' title="bbox 9 1975 1153 2063">
     <span class='ocr_line' id='line_1_15' title="bbox 9 1975 1153 2063; baseline 0.001 -23"><span class='ocrx_word' id='word_1_95' title='bbox 9 2044 15 2057; x_wconf 66' lang='grc'>,</span> <span class='ocrx_word' id='word_1_96' title='bbox 84 2042 87 2047; x_wconf 82' lang='grc'><em>,</em></span> <span class='ocrx_word' id='word_1_97' title='bbox 164 1978 234 2040; x_wconf 92' lang='lat' dir='ltr'>Hoc</span> <span class='ocrx_word' id='word_1_98' title='bbox 254 1978 350 2057; x_wconf 83' lang='lat' dir='ltr'>juvat.</span> <span class='ocrx_word' id='word_1_99' title='bbox 392 1975 486 2054; x_wconf 89' lang='lat' dir='ltr'>Heic,</span> <span class='ocrx_word' id='word_1_100' title='bbox 506 1977 623 2063; x_wconf 86' lang='lat' dir='ltr'>inquis,</span> <span class='ocrx_word' id='word_1_101' title='bbox 645 1988 718 2061; x_wconf 67' lang='lat' dir='ltr'>reto</span> <span class='ocrx_word' id='word_1_102' title='bbox 740 1976 902 2063; x_wconf 83' lang='lat' dir='ltr'>quisquam</span> <span class='ocrx_word' id='word_1_103' title='bbox 921 1979 998 2041; x_wconf 84' lang='lat' dir='ltr'>faxit</span> <span class='ocrx_word' id='word_1_104' title='bbox 1020 1978 1153 2045; x_wconf 82' lang='lat' dir='ltr'>oletum!</span> 
     </span>
    </p>
   </div>
   <div class='ocr_carea' id='block_1_9' title="bbox 84 2082 1347 3573">
    <p class='ocr_par' dir='ltr' id='par_1_11' title="bbox 84 2082 1086 2271">
     <span class='ocr_line' id='line_1_16' title="bbox 164 2082 1086 2165; baseline -0.003 -18"><span class='ocrx_word' id='word_1_105' title='bbox 164 2083 261 2164; x_wconf 84' lang='lat' dir='ltr'>Pinge</span> <span class='ocrx_word' id='word_1_106' title='bbox 281 2082 359 2145; x_wconf 87' lang='lat' dir='ltr'>duos</span> <span class='ocrx_word' id='word_1_107' title='bbox 380 2102 512 2162; x_wconf 74' lang='lat' dir='ltr'>angues:</span> <span class='ocrx_word' id='word_1_108' title='bbox 555 2083 661 2165; x_wconf 87' lang='lat' dir='ltr'>Pueri,</span> <span class='ocrx_word' id='word_1_109' title='bbox 690 2105 777 2149; x_wconf 88' lang='lat' dir='ltr'>sacer</span> <span class='ocrx_word' id='word_1_110' title='bbox 797 2094 845 2146; x_wconf 90' lang='lat' dir='ltr'>est</span> <span class='ocrx_word' id='word_1_111' title='bbox 865 2085 968 2151; x_wconf 59' lang='lat' dir='ltr'>locust</span> <span class='ocrx_word' id='word_1_112' title='bbox 1001 2097 1086 2151; x_wconf 84' lang='lat' dir='ltr'>extra</span> 
     </span>
     <span class='ocr_line' id='line_1_17' title="bbox 84 2174 1025 2271; baseline 0.001 -17"><span class='ocrx_word' id='word_1_113' title='bbox 84 2256 87 2261; x_wconf 70' lang='grc'><strong><em>,</em></strong></span> <span class='ocrx_word' id='word_1_114' title='bbox 166 2189 289 2255; x_wconf 70' lang='lat' dir='ltr'>nene!</span> <span class='ocrx_word' id='word_1_115' title='bbox 332 2188 480 2256; x_wconf 69' lang='lat' dir='ltr'>nucero.</span> <span class='ocrx_word' id='word_1_116' title='bbox 521 2189 627 2259; x_wconf 74' lang='lat' dir='ltr'>secut</span> <span class='ocrx_word' id='word_1_117' title='bbox 646 2192 779 2257; x_wconf 70' lang='lat' dir='ltr'>Laeuus</span> <span class='ocrx_word' id='word_1_118' title='bbox 799 2174 934 2271; x_wconf 74' lang='lat' dir='ltr'>urbem,</span> <span class='ocrx_word' id='word_1_119' title='bbox 1021 2196 1025 2205; x_wconf 64' lang='lat'><strong><em>¹</em></strong></span> 
     </span>
    </p>

    <p class='ocr_par' dir='ltr' id='par_1_12' title="bbox 86 2292 1347 3358">
     <span class='ocr_line' id='line_1_18' title="bbox 110 2292 1347 2384; baseline 0.002 -22"><span class='ocrx_word' id='word_1_120' title='bbox 110 2360 114 2367; x_wconf 86' lang='grc'><strong><em>,</em></strong></span> <span class='ocrx_word' id='word_1_121' title='bbox 167 2296 231 2378; x_wconf 79' lang='lat' dir='ltr'>Te,</span> <span class='ocrx_word' id='word_1_122' title='bbox 251 2298 357 2384; x_wconf 88' lang='lat' dir='ltr'>Lupe,</span> <span class='ocrx_word' id='word_1_123' title='bbox 386 2308 432 2378; x_wconf 86' lang='lat' dir='ltr'>te,</span> <span class='ocrx_word' id='word_1_124' title='bbox 453 2296 546 2380; x_wconf 84' lang='lat' dir='ltr'>Muti,</span> <span class='ocrx_word' id='word_1_125' title='bbox 577 2312 608 2362; x_wconf 87' lang='lat' dir='ltr'>et</span> <span class='ocrx_word' id='word_1_126' title='bbox 629 2299 795 2381; x_wconf 88' lang='lat' dir='ltr'>genuinum</span> <span class='ocrx_word' id='word_1_127' title='bbox 815 2299 906 2379; x_wconf 86' lang='lat' dir='ltr'>fregit</span> <span class='ocrx_word' id='word_1_128' title='bbox 924 2298 959 2363; x_wconf 89' lang='lat' dir='ltr'>in</span> <span class='ocrx_word' id='word_1_129' title='bbox 978 2298 1058 2383; x_wconf 80' lang='lat' dir='ltr'>illie3</span> <span class='ocrx_word' id='word_1_130' title='bbox 1249 2298 1310 2369; x_wconf 81' lang='lat'>116</span> <span class='ocrx_word' id='word_1_131' title='bbox 1344 2292 1347 2297; x_wconf 44' lang='lat'><strong><em>¹</em></strong></span> 
     </span>
     <span class='ocr_line' id='line_1_19' title="bbox 169 2405 980 2471; baseline -0.002 -1"><span class='ocrx_word' id='word_1_132' title='bbox 169 2405 274 2471; x_wconf 87' lang='lat' dir='ltr'>Omne</span> <span class='ocrx_word' id='word_1_133' title='bbox 296 2410 383 2471; x_wconf 78' lang='lat' dir='ltr'>vafer</span> <span class='ocrx_word' id='word_1_134' title='bbox 402 2406 512 2471; x_wconf 78' lang='lat' dir='ltr'>vitium</span> <span class='ocrx_word' id='word_1_135' title='bbox 532 2406 643 2471; x_wconf 82' lang='lat' dir='ltr'>ridenti</span> <span class='ocrx_word' id='word_1_136' title='bbox 664 2406 791 2471; x_wconf 82' lang='lat' dir='ltr'>Flaccus</span> <span class='ocrx_word' id='word_1_137' title='bbox 812 2407 914 2469; x_wconf 88' lang='lat' dir='ltr'>amico</span> <span class='ocrx_word' id='word_1_138' title='bbox 976 2440 980 2445; x_wconf 95' lang='lat'>·</span> 
     </span>
     <span class='ocr_line' id='line_1_20' title="bbox 168 2512 952 2602; baseline -0.001 -24"><span class='ocrx_word' id='word_1_139' title='bbox 168 2514 282 2596; x_wconf 73' lang='lat' dir='ltr'>Tangit</span> <span class='ocrx_word' id='word_1_140' title='bbox 302 2525 333 2577; x_wconf 93' lang='lat' dir='ltr'>et</span> <span class='ocrx_word' id='word_1_141' title='bbox 353 2512 506 2577; x_wconf 83' lang='lat' dir='ltr'>admissus</span> <span class='ocrx_word' id='word_1_142' title='bbox 527 2515 640 2581; x_wconf 88' lang='lat' dir='ltr'>circum</span> <span class='ocrx_word' id='word_1_143' title='bbox 660 2514 838 2602; x_wconf 83' lang='lat' dir='ltr'>praecordia</span> <span class='ocrx_word' id='word_1_144' title='bbox 857 2513 952 2595; x_wconf 92' lang='lat' dir='ltr'>ludit,</span> 
     </span>
     <span class='ocr_line' id='line_1_21' title="bbox 86 2621 950 2711; baseline -0.001 -25"><span class='ocrx_word' id='word_1_145' title='bbox 86 2704 89 2709; x_wconf 28' lang='grc' dir='ltr'>Ι</span> <span class='ocrx_word' id='word_1_146' title='bbox 121 2644 124 2649; x_wconf 95' lang='grc'><strong><em>·</em></strong></span> <span class='ocrx_word' id='word_1_147' title='bbox 171 2621 305 2687; x_wconf 82' lang='lat' dir='ltr'>Callidus</span> <span class='ocrx_word' id='word_1_148' title='bbox 325 2641 454 2685; x_wconf 87' lang='lat' dir='ltr'>excusso</span> <span class='ocrx_word' id='word_1_149' title='bbox 475 2624 625 2709; x_wconf 88' lang='lat' dir='ltr'>populum</span> <span class='ocrx_word' id='word_1_150' title='bbox 647 2623 834 2711; x_wconf 84' lang='lat' dir='ltr'>suspendere</span> <span class='ocrx_word' id='word_1_151' title='bbox 855 2643 950 2685; x_wconf 84' lang='lat' dir='ltr'>naso:</span> 
     </span>
     <span class='ocr_line' id='line_1_22' title="bbox 169 2724 1310 2819; baseline 0 -25"><span class='ocrx_word' id='word_1_152' title='bbox 169 2729 254 2794; x_wconf 85' lang='lat' dir='ltr'>Men’</span> <span class='ocrx_word' id='word_1_153' title='bbox 267 2730 377 2793; x_wconf 90' lang='lat' dir='ltr'>mutire</span> <span class='ocrx_word' id='word_1_154' title='bbox 388 2730 500 2795; x_wconf 83' lang='lat' dir='ltr'>nefas?</span> <span class='ocrx_word' id='word_1_155' title='bbox 523 2752 581 2795; x_wconf 92' lang='lat' dir='ltr'>nec</span> <span class='ocrx_word' id='word_1_156' title='bbox 596 2733 684 2810; x_wconf 83' lang='lat' dir='ltr'>clam,</span> <span class='ocrx_word' id='word_1_157' title='bbox 699 2753 758 2797; x_wconf 90' lang='lat' dir='ltr'>nec</span> <span class='ocrx_word' id='word_1_158' title='bbox 770 2724 986 2795; x_wconf 76' lang='lat' dir='ltr'>cum&#39;scrobe?</span> <span class='ocrx_word' id='word_1_159' title='bbox 1000 2765 1041 2777; x_wconf 86' lang='lat'>-</span> <span class='ocrx_word' id='word_1_160' title='bbox 1051 2726 1260 2819; x_wconf 69' lang='lat' dir='ltr'>Nusquam}</span> <span class='ocrx_word' id='word_1_161' title='bbox 1272 2766 1310 2781; x_wconf 90' lang='lat'>·-</span> 
     </span>
     <span class='ocr_line' id='line_1_23' title="bbox 170 2836 1315 2924; baseline 0.003 -24"><span class='ocrx_word' id='word_1_162' title='bbox 170 2836 249 2900; x_wconf 87' lang='lat' dir='ltr'>Heio</span> <span class='ocrx_word' id='word_1_163' title='bbox 270 2849 374 2901; x_wconf 84' lang='lat' dir='ltr'>tamen</span> <span class='ocrx_word' id='word_1_164' title='bbox 393 2836 563 2903; x_wconf 78' lang='lat' dir='ltr'>infodiam:</span> <span class='ocrx_word' id='word_1_165' title='bbox 606 2839 697 2921; x_wconf 89' lang='lat' dir='ltr'>Vidi,</span> <span class='ocrx_word' id='word_1_166' title='bbox 727 2836 793 2905; x_wconf 85' lang='lat' dir='ltr'>vidi</span> <span class='ocrx_word' id='word_1_167' title='bbox 813 2839 896 2924; x_wconf 82' lang='lat' dir='ltr'>ipse,</span> <span class='ocrx_word' id='word_1_168' title='bbox 909 2837 1043 2911; x_wconf 83' lang='lat' dir='ltr'>libelle:</span> <span class='ocrx_word' id='word_1_169' title='bbox 1251 2847 1315 2913; x_wconf 78' lang='lat'>120</span> 
     </span>
     <span class='ocr_line' id='line_1_24' title="bbox 171 2944 1118 3041; baseline 0.005 -35"><span class='ocrx_word' id='word_1_170' title='bbox 171 2944 325 3008; x_wconf 74' lang='lat' dir='ltr'>luriculas</span> <span class='ocrx_word' id='word_1_171' title='bbox 347 2945 424 3012; x_wconf 85' lang='lat' dir='ltr'>asini</span> <span class='ocrx_word' id='word_1_172' title='bbox 445 2947 512 3034; x_wconf 91' lang='lat' dir='ltr'>quis</span> <span class='ocrx_word' id='word_1_173' title='bbox 533 2947 737 3013; x_wconf 84' lang='lat' dir='ltr'>nonhabet?</span> <span class='ocrx_word' id='word_1_174' title='bbox 780 2948 851 3011; x_wconf 89' lang='lat' dir='ltr'>Hoc</span> <span class='ocrx_word' id='word_1_175' title='bbox 877 2967 935 3026; x_wconf 86' lang='lat' dir='ltr'>ego</span> <span class='ocrx_word' id='word_1_176' title='bbox 957 2958 1118 3041; x_wconf 76' lang='lat' dir='ltr'>opertum,</span> 
     </span>
     <span class='ocr_line' id='line_1_25' title="bbox 171 3050 976 3137; baseline 0 -21"><span class='ocrx_word' id='word_1_177' title='bbox 171 3053 242 3116; x_wconf 92' lang='lat' dir='ltr'>Hoc</span> <span class='ocrx_word' id='word_1_178' title='bbox 262 3051 360 3117; x_wconf 88' lang='lat' dir='ltr'>ridere</span> <span class='ocrx_word' id='word_1_179' title='bbox 381 3076 505 3136; x_wconf 89' lang='lat' dir='ltr'>meum,</span> <span class='ocrx_word' id='word_1_180' title='bbox 527 3067 592 3121; x_wconf 87' lang='lat' dir='ltr'>tam</span> <span class='ocrx_word' id='word_1_181' title='bbox 611 3054 672 3137; x_wconf 90' lang='lat' dir='ltr'>nil,</span> <span class='ocrx_word' id='word_1_182' title='bbox 692 3055 776 3119; x_wconf 85' lang='lat' dir='ltr'>nulla</span> <span class='ocrx_word' id='word_1_183' title='bbox 795 3053 851 3116; x_wconf 87' lang='lat' dir='ltr'>tibi</span> <span class='ocrx_word' id='word_1_184' title='bbox 872 3050 976 3118; x_wconf 80' lang='lat' dir='ltr'>vendo</span> 
     </span>
     <span class='ocr_line' id='line_1_26' title="bbox 171 3159 912 3250; baseline -0.003 -25"><span class='ocrx_word' id='word_1_185' title='bbox 171 3159 279 3228; x_wconf 80' lang='lat' dir='ltr'>Iliade.</span> <span class='ocrx_word' id='word_1_186' title='bbox 321 3160 436 3225; x_wconf 80' lang='lat' dir='ltr'>Audaci</span> <span class='ocrx_word' id='word_1_187' title='bbox 457 3163 628 3250; x_wconf 87' lang='lat' dir='ltr'>quicunque</span> <span class='ocrx_word' id='word_1_188' title='bbox 648 3161 752 3229; x_wconf 84' lang='lat' dir='ltr'>afflate</span> <span class='ocrx_word' id='word_1_189' title='bbox 775 3160 912 3241; x_wconf 84' lang='lat' dir='ltr'>Cratino,</span> 
     </span>
     <span class='ocr_line' id='line_1_27' title="bbox 172 3267 1013 3358; baseline 0.001 -26"><span class='ocrx_word' id='word_1_190' title='bbox 172 3267 287 3333; x_wconf 82' lang='lat' dir='ltr'>Iratum</span> <span class='ocrx_word' id='word_1_191' title='bbox 306 3269 493 3357; x_wconf 83' lang='lat' dir='ltr'>Eupolidem</span> <span class='ocrx_word' id='word_1_192' title='bbox 513 3268 694 3358; x_wconf 83' lang='lat' dir='ltr'>praegrandi</span> <span class='ocrx_word' id='word_1_193' title='bbox 715 3291 786 3353; x_wconf 87' lang='lat' dir='ltr'>cum</span> <span class='ocrx_word' id='word_1_194' title='bbox 803 3291 879 3341; x_wconf 84' lang='lat' dir='ltr'>sene</span> <span class='ocrx_word' id='word_1_195' title='bbox 900 3271 1013 3355; x_wconf 88' lang='lat' dir='ltr'>palles,</span> 
     </span>
    </p>

    <p class='ocr_par' dir='ltr' id='par_1_13' title="bbox 174 3376 1316 3573">
     <span class='ocr_line' id='line_1_28' title="bbox 174 3376 1316 3464; baseline 0.001 -24"><span class='ocrx_word' id='word_1_196' title='bbox 174 3376 283 3464; x_wconf 84' lang='lat' dir='ltr'>Aspice</span> <span class='ocrx_word' id='word_1_197' title='bbox 303 3388 334 3444; x_wconf 91' lang='lat' dir='ltr'>et</span> <span class='ocrx_word' id='word_1_198' title='bbox 352 3380 448 3458; x_wconf 85' lang='lat' dir='ltr'>haec,</span> <span class='ocrx_word' id='word_1_199' title='bbox 477 3379 505 3447; x_wconf 86' lang='lat' dir='ltr'>si</span> <span class='ocrx_word' id='word_1_200' title='bbox 526 3382 607 3443; x_wconf 83' lang='lat' dir='ltr'>sorte</span> <span class='ocrx_word' id='word_1_201' title='bbox 628 3376 742 3464; x_wconf 80' lang='lat' dir='ltr'>aliquid</span> <span class='ocrx_word' id='word_1_202' title='bbox 764 3376 918 3443; x_wconf 79' lang='lat' dir='ltr'>decoctius</span> <span class='ocrx_word' id='word_1_203' title='bbox 938 3376 1041 3447; x_wconf 70' lang='lat' dir='ltr'>audis!</span> <span class='ocrx_word' id='word_1_204' title='bbox 1256 3383 1316 3448; x_wconf 80' lang='lat'>125</span> 
     </span>
     <span class='ocr_line' id='line_1_29' title="bbox 174 3466 883 3573; baseline -0.001 -24"><span class='ocrx_word' id='word_1_205' title='bbox 174 3483 252 3549; x_wconf 88' lang='lat' dir='ltr'>Inde</span> <span class='ocrx_word' id='word_1_206' title='bbox 272 3466 419 3573; x_wconf 76' lang='lat' dir='ltr'>vaporato</span> <span class='ocrx_word' id='word_1_207' title='bbox 438 3488 533 3553; x_wconf 85' lang='lat' dir='ltr'>lector</span> <span class='ocrx_word' id='word_1_208' title='bbox 553 3486 632 3551; x_wconf 89' lang='lat' dir='ltr'>mihi</span> <span class='ocrx_word' id='word_1_209' title='bbox 652 3488 770 3551; x_wconf 82' lang='lat' dir='ltr'>ferveat</span> <span class='ocrx_word' id='word_1_210' title='bbox 793 3505 883 3549; x_wconf 84' lang='lat' dir='ltr'>aure:</span> 
     </span>
    </p>
   </div>
   <div class='ocr_carea' id='block_1_10' title="bbox 36 3589 1052 3682">
    <p class='ocr_par' dir='ltr' id='par_1_14' title="bbox 36 3589 1052 3682">
     <span class='ocr_line' id='line_1_30' title="bbox 36 3589 1052 3682; baseline -0.002 -23"><span class='ocrx_word' id='word_1_211' title='bbox 36 3600 44 3609; x_wconf 88' lang='lat'><em>&#39;</em></span> <span class='ocrx_word' id='word_1_212' title='bbox 174 3592 248 3659; x_wconf 88' lang='lat' dir='ltr'>Non</span> <span class='ocrx_word' id='word_1_213' title='bbox 266 3594 334 3675; x_wconf 88' lang='lat' dir='ltr'>hic,</span> <span class='ocrx_word' id='word_1_214' title='bbox 361 3595 416 3682; x_wconf 89' lang='lat' dir='ltr'>qui</span> <span class='ocrx_word' id='word_1_215' title='bbox 434 3595 469 3661; x_wconf 91' lang='lat' dir='ltr'>iu</span> <span class='ocrx_word' id='word_1_216' title='bbox 489 3593 628 3681; x_wconf 82' lang='lat' dir='ltr'>crepidas</span> <span class='ocrx_word' id='word_1_217' title='bbox 649 3589 812 3673; x_wconf 83' lang='lat' dir='ltr'>Grajorum</span> <span class='ocrx_word' id='word_1_218' title='bbox 834 3589 941 3657; x_wconf 87' lang='lat' dir='ltr'>ludere</span> <span class='ocrx_word' id='word_1_219' title='bbox 962 3593 1052 3677; x_wconf 87' lang='lat' dir='ltr'>gestit</span> 
     </span>
    </p>
   </div>
   <div class='ocr_carea' id='block_1_11' title="bbox 161 3690 1321 4218">
    <p class='ocr_par' dir='ltr' id='par_1_15' title="bbox 176 3690 974 3797">
     <span class='ocr_line' id='line_1_31' title="bbox 176 3690 974 3797; baseline -0.008 -28"><span class='ocrx_word' id='word_1_220' title='bbox 176 3690 326 3771; x_wconf 78' lang='lat' dir='ltr'>Sordidus</span> <span class='ocrx_word' id='word_1_221' title='bbox 348 3714 380 3767; x_wconf 93' lang='lat' dir='ltr'>et</span> <span class='ocrx_word' id='word_1_222' title='bbox 398 3704 484 3777; x_wconf 87' lang='lat' dir='ltr'>lusco</span> <span class='ocrx_word' id='word_1_223' title='bbox 504 3702 558 3797; x_wconf 86' lang='lat' dir='ltr'>qui</span> <span class='ocrx_word' id='word_1_224' title='bbox 578 3700 676 3789; x_wconf 85' lang='lat' dir='ltr'>poscit</span> <span class='ocrx_word' id='word_1_225' title='bbox 697 3698 814 3781; x_wconf 83' lang='lat' dir='ltr'>dicere,</span> <span class='ocrx_word' id='word_1_226' title='bbox 839 3700 974 3794; x_wconf 65' lang='lat' dir='ltr'>Lusca,</span> 
     </span>
    </p>

    <p class='ocr_par' dir='ltr' id='par_1_16' title="bbox 175 3806 1088 3903">
     <span class='ocr_line' id='line_1_32' title="bbox 175 3806 1088 3903; baseline -0.001 -29"><span class='ocrx_word' id='word_1_227' title='bbox 175 3806 279 3895; x_wconf 87' lang='lat' dir='ltr'>Seque</span> <span class='ocrx_word' id='word_1_228' title='bbox 299 3810 432 3903; x_wconf 78' lang='lat' dir='ltr'>aliquem</span> <span class='ocrx_word' id='word_1_229' title='bbox 453 3811 596 3894; x_wconf 79' lang='lat' dir='ltr'>credens,</span> <span class='ocrx_word' id='word_1_230' title='bbox 617 3807 697 3875; x_wconf 83' lang='lat' dir='ltr'>Italo</span> <span class='ocrx_word' id='word_1_231' title='bbox 716 3807 801 3895; x_wconf 85' lang='lat' dir='ltr'>quod</span> <span class='ocrx_word' id='word_1_232' title='bbox 822 3810 941 3877; x_wconf 84' lang='lat' dir='ltr'>honore</span> <span class='ocrx_word' id='word_1_233' title='bbox 960 3809 1088 3897; x_wconf 81' lang='lat' dir='ltr'>supinus</span> 
     </span>
    </p>

    <p class='ocr_par' dir='ltr' id='par_1_17' title="bbox 167 3906 1321 4111">
     <span class='ocr_line' id='line_1_33' title="bbox 167 3906 1321 4002; baseline 0.009 -28"><span class='ocrx_word' id='word_1_234' title='bbox 167 3910 313 3994; x_wconf 85' lang='lat' dir='ltr'>·Fregerit</span> <span class='ocrx_word' id='word_1_235' title='bbox 330 3906 472 3979; x_wconf 82' lang='lat' dir='ltr'>heminas</span> <span class='ocrx_word' id='word_1_236' title='bbox 491 3914 576 3983; x_wconf 80' lang='lat' dir='ltr'>traci</span> <span class='ocrx_word' id='word_1_237' title='bbox 593 3915 701 3983; x_wconf 83' lang='lat' dir='ltr'>aedilis</span> <span class='ocrx_word' id='word_1_238' title='bbox 723 3916 861 4002; x_wconf 67' lang='lat' dir='ltr'>iniquas,</span> <span class='ocrx_word' id='word_1_239' title='bbox 1258 3924 1321 3986; x_wconf 81' lang='lat'>130</span> 
     </span>
     <span class='ocr_line' id='line_1_34' title="bbox 177 4018 1073 4111; baseline 0.007 -26"><span class='ocrx_word' id='word_1_240' title='bbox 177 4018 242 4085; x_wconf 89' lang='lat' dir='ltr'>Nec</span> <span class='ocrx_word' id='word_1_241' title='bbox 262 4020 316 4107; x_wconf 91' lang='lat' dir='ltr'>qui</span> <span class='ocrx_word' id='word_1_242' title='bbox 334 4026 433 4091; x_wconf 84' lang='lat' dir='ltr'>abaco</span> <span class='ocrx_word' id='word_1_243' title='bbox 451 4044 599 4095; x_wconf 70' lang='lat' dir='ltr'>uumerus</span> <span class='ocrx_word' id='word_1_244' title='bbox 618 4036 650 4091; x_wconf 86' lang='lat' dir='ltr'>et</span> <span class='ocrx_word' id='word_1_245' title='bbox 669 4036 754 4093; x_wconf 83' lang='lat' dir='ltr'>secto</span> <span class='ocrx_word' id='word_1_246' title='bbox 773 4025 808 4089; x_wconf 87' lang='lat' dir='ltr'>in</span> <span class='ocrx_word' id='word_1_247' title='bbox 827 4026 953 4111; x_wconf 89' lang='lat' dir='ltr'>pulvere</span> <span class='ocrx_word' id='word_1_248' title='bbox 974 4035 1073 4091; x_wconf 84' lang='lat' dir='ltr'>metas</span> 
     </span>
    </p>

    <p class='ocr_par' dir='ltr' id='par_1_18' title="bbox 161 4127 952 4218">
     <span class='ocr_line' id='line_1_35' title="bbox 161 4127 952 4218; baseline 0.01 -28"><span class='ocrx_word' id='word_1_249' title='bbox 161 4127 244 4191; x_wconf 82' lang='lat' dir='ltr'>&#39;Scit</span> <span class='ocrx_word' id='word_1_250' title='bbox 263 4130 371 4194; x_wconf 71' lang='lat' dir='ltr'>risism&#39;</span> <span class='ocrx_word' id='word_1_251' title='bbox 386 4140 489 4217; x_wconf 83' lang='lat' dir='ltr'>vafer,</span> <span class='ocrx_word' id='word_1_252' title='bbox 514 4134 646 4198; x_wconf 90' lang='lat' dir='ltr'>multum</span> <span class='ocrx_word' id='word_1_253' title='bbox 664 4132 795 4217; x_wconf 88' lang='lat' dir='ltr'>gaudere</span> <span class='ocrx_word' id='word_1_254' title='bbox 816 4147 952 4218; x_wconf 81' lang='lat' dir='ltr'>paratus,</span> 
     </span>
    </p>
   </div>
   <div class='ocr_carea' id='block_1_12' title="bbox 154 4386 1323 4517">
    <p class='ocr_par' dir='ltr' id='par_1_19' title="bbox 154 4386 1323 4517">
     <span class='ocr_line' id='line_1_36' title="bbox 154 4386 1323 4461; baseline -0.005 -14"><span class='ocrx_word' id='word_1_255' title='bbox 154 4452 158 4461; x_wconf 64' lang='grc'><em>,</em></span> <span class='ocrx_word' id='word_1_256' title='bbox 249 4390 517 4447; x_wconf 76' lang='lat' dir='ltr'>v.105.Aua·.-</span> <span class='ocrx_word' id='word_1_257' title='bbox 543 4386 574 4441; x_wconf 85' lang='lat' dir='ltr'>V.</span> <span class='ocrx_word' id='word_1_258' title='bbox 593 4388 653 4443; x_wconf 84' lang='lat'><strong>111.</strong></span> <span class='ocrx_word' id='word_1_259' title='bbox 670 4404 770 4454; x_wconf 72' lang='lat' dir='ltr'>oum,</span> <span class='ocrx_word' id='word_1_260' title='bbox 786 4402 875 4442; x_wconf 76' lang='lat' dir='ltr'>mcc</span> <span class='ocrx_word' id='word_1_261' title='bbox 891 4388 965 4442; x_wconf 74' lang='lat' dir='ltr'>toro.</span> <span class='ocrx_word' id='word_1_262' title='bbox 983 4418 1017 4429; x_wconf 93' lang='lat'>—</span> <span class='ocrx_word' id='word_1_263' title='bbox 1042 4389 1075 4440; x_wconf 86' lang='lat' dir='ltr'>V.</span> <span class='ocrx_word' id='word_1_264' title='bbox 1094 4386 1323 4457; x_wconf 53' lang='grc'>1114111111-</span> 
     </span>
     <span class='ocr_line' id='line_1_37' title="bbox 180 4457 829 4517; baseline -0.006 0"><span class='ocrx_word' id='word_1_265' title='bbox 180 4457 218 4511; x_wconf 83' lang='lat' dir='ltr'>V·</span> <span class='ocrx_word' id='word_1_266' title='bbox 231 4462 292 4517; x_wconf 80' lang='lat'><strong>121.</strong></span> <span class='ocrx_word' id='word_1_267' title='bbox 311 4461 389 4517; x_wconf 75' lang='lat' dir='ltr'>artua</span> <span class='ocrx_word' id='word_1_268' title='bbox 405 4478 452 4516; x_wconf 76' lang='lat' dir='ltr'>rea</span> <span class='ocrx_word' id='word_1_269' title='bbox 468 4458 557 4515; x_wconf 62' lang='lat' dir='ltr'>bold.</span> <span class='ocrx_word' id='word_1_270' title='bbox 581 4484 610 4497; x_wconf 93' lang='lat'>-</span> <span class='ocrx_word' id='word_1_271' title='bbox 629 4458 661 4514; x_wconf 86' lang='lat' dir='ltr'>V.</span> <span class='ocrx_word' id='word_1_272' title='bbox 680 4459 740 4513; x_wconf 80' lang='lat'><strong>129.</strong></span> <span class='ocrx_word' id='word_1_273' title='bbox 758 4458 829 4513; x_wconf 77' lang='lat' dir='ltr'>Sere.</span> 
     </span>
    </p>
   </div>
   <div class='ocr_carea' id='block_1_13' title="bbox 0 0 1386 4972">
    <p class='ocr_par' dir='ltr' id='par_1_20' title="bbox 0 0 1386 4972">
     <span class='ocr_line' id='line_1_38' title="bbox 0 0 1386 4972; baseline 0 0"><span class='ocrx_word' id='word_1_274' title='bbox 0 0 1386 4972; x_wconf 95' lang='lat' dir='ltr'> </span> 
     </span>
    </p>
   </div>
  </div>
 </body>
</html>
