2700 4972
361 306 423 373 AD
444 302 612 375 PERSH
639 297 861 378 statuam
883 306 910 373 Ι.
1161 312 1206 378 st

60 474 146 545 set?
167 472 207 545 A
218 475 628 568 corruptissima-quoque
638 477 825 565 poetarum
841 472 986 577 mos
1003 500 1064 546 seu
1087 490 1204 551 trans·
1247 478 1251 485 ”

62 564 217 629 lotiones
231 572 455 629 mutuamur.-
476 574 552 628 tum
568 563 710 628 demum
728 565 900 653 ingeniosi
921 563 1078 644 scilicet,
1100 566 1135 635 si
1155 565 1207 633 ad

63 650 137 719 inte
179 647 186 663 ⁸
211 650 317 719 cados
332 672 395 717 nos
406 662 492 739 opus
508 650 553 715 sit
574 651 729 738 ingenius
750 664 781 720 et
797 653 894 738 capite
914 651 1049 717 secundo
1065 651 1217 734 ejusdem¹

64 735 106 822 [ὁ.
130 743 174 805 12
196 761 207 802 r
238 732 443 804 obscuritas
460 732 508 823 fit
526 735 633 803 etiam
653 736 768 803 verbis
788 735 832 803 ab
854 758 921 804 usu
939 735 1098 816 remotis,
1119 736 1205 807 utri

23 874 26 883 .
65 822 338 891 commentarios
357 821 434 909 quis
451 817 662 911 pontificum
681 832 716 888 et
739 823 973 889 vetustissima
990 819 1142 909 foedera
1168 833 1206 891 st

64 907 222 977 exoletos
236 919 413 977 scrutatus
428 920 587 975 auctores
602 906 644 972 ici
664 907 779 994 ipsum
787 917 890 994 petat
903 929 949 993 ese
961 907 1037 975 isis:
1057 919 1094 976 ut
1117 930 1204 1001 quae
1229 948 1231 953 ·

64 994 148 1063 inde
170 994 403 1075 contrasistit,
425 1017 494 1061 non
515 992 762 1083 intelligantur
781 995 878 1078 [odda
899 998 989 1081 quae
1005 995 1027 1059 i.
1044 1018 1091 1072 o„
1115 993 1208 1080 quod
1269 994 1273 1001 ⁴

64 1080 399 1169 nintolliguntur.]:
430 1079 530 1147 binc
552 1080 669 1166 euim
689 1079 837 1168 aliqui
855 1077 1027 1179 famam
1055 1078 1206 1149 erudi-

64 1165 206 1251 tionis
221 1163 470 1255 affectant,
492 1177 536 1232 ut
552 1165 761 1253 quaedam
775 1165 863 1234 solt
877 1165 995 1231 scire
1013 1165 1206 1235 videan-

64 1260 157 1323 tur:
176 1255 328 1319 hoecille.
371 1253 541 1336 Dionysius
554 1275 678 1339 quoque
692 1255 845 1320 Halicarn.
867 1254 1079 1334 monuimam
1095 1252 1207 1321 adver.

63 1338 164 1407 ausiti
175 1360 273 1421 genus
290 1339 447 1407 moriones
456 1341 645 1405 sententiam
659 1344 789 1426 profert:
810 1341 853 1404 eit
873 1340 957 1403 enim
981 1340 1032 1420 [in
1053 1336 1156 1424 Τέχνη
1179 1352 1217 1403 c.'

65 1431 117 1495 11.
127 1447 160 1512 p·
176 1431 231 1506 62,
243 1431 296 1493 st.
313 1424 413 1509 Syia]
434 1428 496 1491 hoc
512 1427 583 1491 illos
597 1429 716 1505 facere,
738 1421 805 1491 ont
821 1418 1023 1506 incantetur
1040 1422 1097 1509 nui
1112 1420 1206 1495 tass-

62 1509 239 1593 οωοὶίας,
260 1515 332 1587 τοῖς
346 1511 526 1594 αἰσχίστοις
539 1513 608 1575 noio
620 1513 742 1577 παθῶν
761 1506 1060 1591 περιπεπτωκότας.
1102 1512 1206 1594 [Atio-

62 1616 134 1665 rom
147 1597 244 1665 etiam
261 1619 353 1684 super
366 1599 425 1661 hac
438 1620 473 1662 rc
486 1616 560 1662 vere
571 1598 690 1662 monita
703 1620 733 1665 r.
749 1596 853 1663 laudd.
866 1618 916 1684 ap.
928 1596 988 1678 ΡΙ]

149 1712 270 1783 Brisei
290 1736 391 1805 quem
404 1736 550 1781 venosus
566 1712 655 1780 iiber
675 1714 789 1798 Acci]
811 1714 859 1779 Ita
878 1727 967 1779 vetus
984 1716 1074 1778 lectio
1097 1714 1160 1796 [ita
1175 1727 1206 1778 et

62 1802 134 1885 Tig.
156 1800 384 1873 constitet.
403 1816 449 1884 et,
476 1814 624 1890 quantum
642 1803 772 1885 seimus,
800 1800 941 1889 reliqui]=
970 1823 1034 1865 non
1053 1797 1204 1877 Brisaei,
1258 1826 1285 1863 ·.
1309 1836 1313 1855 ι

61 1892 165 1977 neque
179 1885 268 1952 Acti
279 1891 331 1957 vel
344 1887 438 1973 Arri„
446 1888 482 1951 L.
493 1889 619 1955 Accium
632 1900 771 1953 veterem
783 1887 909 1977 pobtam
921 1887 1085 1967 tragicum,
1107 1887 1206 1963 Pacu-

61 1975 107 2040 vii
133 1968 340 2057 ὅμόχρονον,
361 1975 516 2055 intelligit,
544 1996 607 2041 non
628 1986 732 2041 autem
754 1974 951 2050 Labeonem,
983 1971 1102 2059 dequo
1125 1975 1205 2034 facta

61 2060 113 2126 bis
136 2062 256 2123 mentio
278 2060 311 2135 in
332 2059 593 2147 praecedentibus.
643 2060 770 2122 Accium
790 2070 820 2125 et
837 2058 1005 2123 Pacuvium
1020 2060 1063 2123 itu
1081 2058 1257 2151 passimtl9

58 2150 254 2231 'conjungunt
267 2147 437 2235 scriptores.
480 2145 627 2211 Martialis
642 2144 715 2228 [XL
732 2150 784 2226 91,
800 2144 851 2227 5]:

71 2326 76 2331 ,
148 2246 396 2336 Attonitusque
417 2245 509 2335 legis
531 2247 643 2314 terrai
654 2243 869 2337 frugiferai,

14 2402 19 2409 ,
57 2336 60 2341 ’
192 2333 328 2401 Accius
349 2344 384 2399 et
406 2332 571 2422 quicquid
589 2332 833 2418 Pacuviusque
858 2340 1012 2401 vomunt.
1035 2360 1038 2365 ·

20 2444 23 2451 ·
56 2420 296 2510 'Dehispoetis
329 2443 386 2485 uae
394 2422 471 2485 scitu
484 2422 620 2484 maxime
631 2422 801 2484 necessaria
808 2464 817 2495 ,
832 2440 863 2482 v.
877 2442 927 2507 ap.
942 2418 1009 2492 Pe]
1022 2410 1208 2485 ProBrisei

74 2528 136 2597 ego
150 2503 284 2577 Briseis
304 2445 491 2590 stonjectura
509 2507 596 2571 Lucii
616 2505 757 2593 Scoppae
778 2501 936 2568 Collecti.
956 2500 1046 2584 iet
1068 2502 1101 2567 in
1121 2497 1207 2567 Grut·

61 2594 176 2697 Lamp·
195 2592 235 2659 Τ.
252 2592 277 2657 I.
299 2616 330 2681 p.
356 2592 462 2672 945.]=
484 2593 679 2657 notissimum
698 2593 855 2657 foeminae
877 2612 995 2654 nomen
1016 2610 1055 2651 ex
1068 2588 1208 2651 Homero

64 2691 97 2744 et
105 2683 176 2747 ains
189 2679 307 2771 poiitis:
330 2682 394 2761 ejus
409 2700 495 2745 casus
507 2677 682 2761 tragoediae
694 2676 857 2742 convenire
868 2698 962 2741 nemo
974 2685 1076 2763 potest
1087 2693 1209 2755 negare.
1238 2720 1242 2727 .

62 2762 201 2833 Briseis
214 2765 315 2847 igitur
345 2761 433 2827 liber
459 2784 605 2835 venosus
628 2775 658 2827 et
684 2760 840 2850 Antiopa
861 2781 1049 2827 verrucosa
1080 2757 1210 2827 duarum

62 2849 292 2935 tragoediarum
311 2851 439 2913 nomina
459 2862 544 2933 sunt,
566 2871 694 2936 quarum
712 2850 792 2911 hanc
814 2848 964 2912 Pacuvius
988 2854 1209 2933 composuerat,

62 2938 150 3005 iilam
162 2936 276 3001 Accius·
287 2936 358 3016 [uisi
373 2934 457 3023 quod
474 2937 552 3017 „hic
566 2937 673 2998 nullibi
687 2937 833 2998 referatur
849 2934 1004 3019 scripsisse
1021 2926 1211 3011 tragoediam

60 3022 259 3103 Briseidem,
282 3045 352 3089 curu
365 3043 458 3109 opera
472 3025 538 3101 ejus
551 3021 662 3103 tragica
685 3020 800 3082 circiter
813 3019 1029 3104 quinquaginta
1049 3016 1184 3077 citentur.
1192 3014 1212 3045 ‘⁴

63 3108 142 3191 l’‚l.]:
164 3109 292 3189 figurate
308 3129 383 3172 vero
400 3109 505 3170 omnia
520 3108 643 3170 illorum
657 3106 766 3190 scripta
780 3104 1016 3187 designabantur
1032 3099 1150 3185 duabus
1172 3101 1211 3161 it.

61 3196 101 3263 ils
113 3194 256 3271 rombus.
299 3192 371 3259 Non
385 3195 561 3274 ignoramus
595 3192 774 3279 uaescripta
787 3202 857 3253 sunt
870 3201 934 3252 tam
946 3210 964 3252 a
977 3184 1104 3252 vetustis
1118 3205 1211 3270 quam

63 3303 95 3345 a·
107 3280 208 3349 nostri
228 3280 323 3345 seculi
343 3279 417 3345 viris
438 3277 536 3343 doctis
557 3214 597 3341 ai
619 3275 907 3379 interpretationem
919 3273 1041 3337 alterius
1055 3271 1210 3337 lectionis:

63 3364 123 3431 sed
140 3364 265 3431 ridetur
283 3366 373 3429 nobis
395 3367 487 3451 plane
508 3362 620 3448 durum
639 3374 669 3426 et
683 3383 749 3427 sme
772 3362 931 3463 exemplo,
957 3371 989 3421 ut
1001 3357 1126 3422 Accium
1137 3355 1212 3421 Per.

62 3452 128 3521 sius
143 3447 330 3515 Brisaeum
346 3452 413 3515 sive
428 3446 591 3516 Briseum
614 3447 736 3527 dixerit,
757 3444 874 3511 Bacchi
898 3444 1081 3527 cogrromiue
1105 3442 1175 3522 [rel
1193 3465 1212 3504 a
1319 3449 1321 3459 '

60 3534 189 3619 Brisa,
209 3536 348 3625 nympha
360 3540 425 3617 ejus
439 3537 571 3617 nutrice,
592 3537 643 3599 vel
663 3556 681 3596 a
697 3535 790 3599 Lesbi
808 3531 1019 3618 promontorio
1033 3526 1139 3607 Brisa,
1161 3531 1212 3590 vel
1234 3592 1237 3603 ,
1265 3604 1268 3610 Ι

61 3620 196 3689 abrica
209 3625 232 3686 i.
248 3646 276 3687 e.
293 3644 355 3687 uva
368 3643 527 3709 expressa,
551 3623 603 3687 rel
626 3619 698 3685 deni
718 3641 757 3681 ue
775 3640 796 3682 a
818 3616 963 3705 βρίθειν]
972 3664 986 3695 ,.
1004 3615 1074 3701 quia
1089 3625 1212 3694 tragoe-

62 3708 265 3781 dio'Baccho
278 3708 382 3776 sacra:
444 3729 518 3770 uam
546 3717 685 3771 coaeum
699 3642 792 3771 isac?
841 3725 915 3767 uam
941 3705 1034 3783 longe
1055 3699 1210 3785 petitum?

64 3794 289 3879 [Probaverunt
301 3806 406 3857 tamen
419 3731 458 3858 (i
474 3793 523 3873 P.,·
539 3792 600 3874 Pl.;
623 3792 683 3871 aiio
698 3787 795 3855 modo
807 3725 908 3856 iii'eb.
928 3783 1082 3875 Brysaei
1095 3788 1210 3867 legens,
1281 3798 1284 3803 '

62 3876 231 3969 adnitar,
248 3889 399 3955 scatere,
417 3876 620 3966 pullulur05
643 3900 673 3967 q.
690 3899 719 3941 r·
738 3897 772 3965 p·
789 3874 858 3957 32]

154 3995 198 4068 V
192 4020 316 4065 enosus
332 3997 443 4080 liban]
465 3997 640 4077 Deformis,
661 4005 695 4059 ut
710 4005 782 4059 sunt
797 3992 943 4060 homines
961 3988 1058 4057 mccli
1076 3999 1108 4061 et
1121 4008 1210 4053 senes
1262 4070 1265 4075 Ι

63 4086 155 4170 vieti,
183 4080 295 4173 quihus
324 4086 409 4150 dedit
427 4089 520 4166 longa
542 4095 626 4147 aetas
648 4075 846 4164 deformem
868 4098 936 4164 pro
962 4084 1039 4141 outo
1055 4069 1210 4163 pellem:

62 4175 131 4239 istis
150 4177 236 4240 enim
256 4195 357 4239 venae
378 4182 495 4251 extant,
525 4191 614 4235 carno
628 4169 717 4233 senio
741 4168 882 4237 absumta
902 4162 969 4244 [Pl.
988 4159 1093 4228 nudat
1113 4158 1209 4225 Tacit.

63 4259 147 4326 Dial.
164 4267 226 4328 21:
251 4257 382 4329 oratio,
406 4252 498 4321 sicut
517 4275 639 4340 (corpses
656 4248 821 4328 bominis,
842 4271 886 4315 eu
901 4246 1043 4310 demum
1055 4242 1209 4333 prdcbro
1284 4321 1287 4328 Ι

65 4355 136 4428 ert,
180 4344 311 4432 inqua
336 4366 418 4411 non
442 4340 639 4408 eminent
669 4358 806 4403 venae
833 4357 899 4403 nec
920 4355 999 4398 orso
1019 4350 1211 4397 nunterua—
1261 4306 1285 4390 b.

61 4422 170 4516 brr'r.]:
201 4451 348 4523 carosus
375 4440 480 4497 sutem
499 4449 611 4496 omnes
632 4428 848 4504 membranas,
874 4443 940 4489 non
960 4428 1148 4493 saevom,
1174 4426 1212 4479 ⁸²
