2700 4972
151 329 216 429 ιιι
510 280 929 415 couruuur‘surus
1049 308 1052 313 ·

150 499 275 562 brosam
296 490 432 579 corporis
450 513 569 572 emam,
596 491 714 579 deque
737 512 812 554 mox
837 493 923 577 plura
945 488 1092 567 dicturus.¹
1112 488 1218 573 [Plan
1234 488 1276 553 hic

151 582 251 646 Pium.
836 630 839 635 .

240 583 290 729 ll).
316 660 513 748 Exspecta:
536 656 752 726 aasentias
768 657 978 747 respondeat
991 658 1081 725 daec
1102 660 1215 743 aaut]
1233 660 1278 723 lli-

101 764 243 819 332ctum
255 745 291 814 ἐν
305 745 382 831 ἤθει
402 759 562 812 venustate
577 770 643 811 non
662 748 794 829 vulgari,
819 770 911 833 quam
931 770 997 809 non
1017 748 1142 835 capiunt
1158 748 1219 827 illi,
1236 748 1279 833 qui

152 850 236 902 tanta
250 833 434 898 confidentia
447 836 551 897 locum
575 832 688 897 audent
705 855 913 921 corrumpere.¹
949 832 1039 919 Atqui
1060 836 1165 920 palam
1184 845 1227 897 est
1242 844 1280 895 at·

124 924 128 933 '
152 921 291 988 tendenti
302 921 346 983 sic
358 923 463 982 locum
477 918 690 1005 accipiendum
706 941 788 998 esse,
810 919 895 1004 quasi
908 919 1111 1005 responsione
1131 917 1230 999 auditu
1241 910 1279 998 ju'

67 1008 71 1016 ’
152 1010 242 1075 venis
255 1002 419 1091 ἡδονικοῦ
433 1005 573 1068 Socrates
585 1006 641 1083 'hio
654 1006 697 1067 ita
715 1006 803 1067 illum
820 1006 988 1090 exciperetz
1011 1003 1079 1087 Ego
1101 1016 1133 1069 te
1152 1005 1215 1067 falli
1231 1008 1279 1084 ajo,

154 1095 231 1157 dum
244 1094 286 1156 ita
298 1093 394 1157 vitam
409 1092 540 1155 instituis
554 1102 586 1153 et
604 1091 732 1154 foedam
754 1084 1032 1169 ἐπικονοιζόνιων
1050 1102 1170 1154 sectam
1185 1111 1280 1175 seque-

154 1182 212 1244 ris:
233 1194 322 1256 nam,
344 1197 399 1239 oro
418 1188 465 1256 teg
486 1176 632 1239 haeccine
644 1176 778 1263 principe
789 1188 874 1239 tanto
890 1174 983 1259 digna
995 1176 1082 1242 vita?
1104 1176 1281 1257 anubjectis-

23 1316 25 1327 .
154 1266 227 1330 simi
242 1263 374 1344 cujusvis
389 1284 428 1325 ex
441 1263 504 1324 ima
524 1263 641 1348 plebe?
664 1274 743 1325 certe
769 1263 860 1342 hujus
878 1260 1096 1349 potiusquam
1116 1260 1215 1326 illius.-
1235 1258 1281 1325 sed

155 1353 230 1415 nolo
254 1349 333 1411 mihi
349 1346 469 1410 credas:
495 1348 563 1433 ipse
583 1350 707 1411 consule
741 1367 953 1434 quemcunque
979 1348 1129 1427 volueris,
1156 1346 1281 1448 quamr'!

155 1439 308 1517 abjectum
316 1456 351 1496 ac
364 1435 476 1513 vilem;
490 1446 579 1519 atque
593 1432 671 1495 adeo
685 1446 843 1519 exspecta:
858 1455 929 1497 ecce
942 1434 1029 1497 venit
1039 1454 1193 1519 pannuma
1222 1452 1282 1497 nae·

158 1523 231 1585 dam
244 1521 373 1583 mulier:
394 1542 434 1581 ex
445 1521 519 1598 hac,
542 1520 569 1581 si
591 1521 691 1598 lubet,
720 1521 884 1583 sciscitare:
913 1540 978 1582 non
998 1518 1083 1583 alind
1099 1540 1211 1605 respon
1301 1533 1313 1559 -’

157 1629 250 1694 quam
263 1604 345 1692 quod
359 1616 391 1666 tu
404 1605 491 1667 mihi.
534 1604 696 1668 Poteratne
711 1606 809 1685 magis
828 1608 943 1669 fastum
956 1604 1119 1668 retundere
1138 1600 1282 1669 maeoti

156 1693 277 1774 juvenis
293 1712 385 1778 quam
400 1712 471 1752 cum
484 1690 571 1753 illum
587 1691 733 1753 assimilat
748 1691 884 1753 aniculae
895 1690 1065 1777 pannuciae
1080 1690 1211 1755 alitrici?
1229 1686 1282 1753 Tar
1319 1688 1323 1703 ¹

156 1782 187 1842 le
200 1777 276 1841 illud
290 1775 372 1878 apud
383 1776 544 1862 poetarum
559 1798 683 1857 regemz-
700 1776 781 1859 γρηῒ
794 1778 930 1859 καμινοῖ
942 1768 1016 1851 ἶσος
1029 1774 1164 1859 [odyss
1176 1768 1282 1855 (37.1,

178 1864 243 1927 uod
256 1884 339 1927 vane
349 1862 580 1949 interpretantur
592 1863 796 1943 grammatici3
818 1857 856 1926 τὸ
871 1870 1035 1947 exspecta
1050 1873 1098 1925 est
1110 1858 1283 1925 Graecorum

158 1888 210 2039 dg}
222 1944 386 2030 ἆτρὲμνςι
405 1949 485 2009 hanc
508 1956 539 2012 et
558 1948 673 2010 similes
687 1946 810 2010 dicendi
830 1951 977 2011 formrdas
991 1947 1208 2013 venustissime
1221 1944 1283 2011 sui·

157 2049 261 2122 ptores
272 2034 376 2114 magni
389 2044 548 2124 usurpant,
570 2055 609 2096 ex
622 2032 779 2095 communi
792 2055 848 2096 usu
862 2034 1030 2098 sermonis:
1050 2054 1127 2095 nam
1145 2033 1189 2095 itu
1201 2032 1284 2095 multe

160 2121 290 2183 dicimus
315 2120 474 2182 inmutuis
494 2120 667 2204 colloquiis,
688 2120 799 2204 partim
818 2116 971 2205 parandae
991 2119 1167 2197 attentioni,
1188 2116 1285 2203 partim

158 2205 197 2272 ἐν
210 2202 304 2290 ἤθει,
326 2203 408 2266 unde
426 2200 536 2266 dicitur
555 2204 636 2290 apud
657 2206 794 2268 rhetores
816 2196 934 2267 morata
950 2204 1064 2269 oratio:
1084 2204 1286 2291 plurimasuol

158 2294 250 2373 hujus
268 2291 387 2372 generis
399 2291 432 2352 in
447 2289 576 2370 dialogis
587 2292 765 2375 praesertim
776 2290 925 2366 Platonis,
947 2312 1025 2375 quae
1040 2303 1114 2353 nota
1127 2300 1200 2355 sunt
1216 2288 1286 2375 peri·

160 2379 199 2441 tis
222 2379 332 2439 harum
347 2377 579 2455 elegantiarum:
606 2375 682 2438 illud
702 2372 753 2457 ἔχε
774 2368 932 2457 ἀτρέμας,
958 2375 1041 2461 quod
1064 2387 1111 2439 est
1127 2380 1287 2461 exspecta,

159 2467 252 2550 plane
265 2463 306 2524 ita
321 2462 457 2547 positum
471 2464 653 2524 notabamus
666 2463 698 2523 in
712 2460 923 2525 dissertatione
935 2463 1033 2547 prima
1047 2460 1182 2525 Maximi
1199 2457 1288 2543 Tyrii5

160 2570 219 2612 nec
232 2550 330 2609 multo
345 2548 461 2608 alitera
485 2544 527 2606 ud
549 2544 687 2609 Dionem
702 2545 957 2629 Chrysostomum
974 2548 1008 2631 in
1029 2544 1231 2611 XXxVsslz
1249 2538 1287 2627 pti

161 2628 387 2717 θορυβήσητε,
417 2568 491 2695 ttl’
516 2626 735 2714 decantante:
756 2632 799 2696 sic
821 2632 979 2696 luvenalis
1001 2632 1035 2695 io
1057 2632 1111 2713 X,
1138 2644 1289 2721 postquam

109 2721 453 2805 cacuminantem
465 2715 602 2796 induxit,
622 2729 655 2779 ut
667 2718 737 2780 heic
748 2718 880 2798 Persius,
901 2719 1021 2798 subjicit
1034 2716 1142 2801 [250]:

578 2823 639 2868 oro
649 2823 845 2893 parumper

288 2884 476 2957 Attendas.
666 2890 669 2897 '

161 2973 233 3059 Syri
252 2976 406 3039 simillime
426 2990 493 3038 aar
505 2968 538 3038 a,
555 2990 615 3037 aas
632 2984 797 3063 exspecta
817 2994 872 3039 me
887 2972 1115 3063 paullulum:
1143 2968 1294 3063 quomoda

161 3063 305 3148 accipitur
317 3062 350 3123 in
364 3063 442 3125 libro
457 3061 539 3125 Jobi.
550 3058 669 3125 Seneca
682 3085 757 3126 vero
772 3063 911 3125 insimili
931 3066 1001 3125 loco
1015 3061 1135 3148 ipsum,
1177 3084 1219 3125 uo
1232 3058 1294 3123 heic

161 3170 234 3211 usus
254 3159 375 3226 noster,
392 3150 522 3210 verbum
538 3156 703 3233 exspecta
715 3149 818 3235 posuit
830 3147 880 3211 De
893 3149 1049 3213 beneficiis
1060 3149 1141 3211 libro
1157 3084 1295 3234 lquintoL

163 3255 230 3320 cap.
245 3231 330 3297 XII:
357 3230 457 3295 Dicis
465 3252 520 3295 rue
534 3230 652 3296 abesse
667 3231 712 3296 ab
729 3254 785 3309 eo,
808 3232 868 3319 qia*
878 3254 1005 3320 operae
1019 3230 1179 3320 pretinm
1189 3228 1296 3319 facit:

162 3317 395 3383 immutatam
410 3326 555 3403 operam
573 3314 749 3405 bonafide
760 3316 931 3405 perdere?
972 3317 1175 3404 Exspecta:
1195 3314 1297 3383 etiam

163 3403 228 3467 hoc
244 3402 360 3467 verius
374 3400 485 3483 dices,
508 3402 616 3468 simul
631 3425 674 3468 ae
688 3413 720 3468 te
737 3402 786 3469 ad
796 3401 860 3467 aas
879 3403 1032 3470 latebras
1071 3402 1254 3469 erdaxero.

249 3487 275 3551 I
286 3507 393 3553 auno:
414 3487 649 3554 Dinomaches
664 3512 727 3579 ego
748 3494 855 3573 eam]
886 3490 1000 3555 Inunc
1019 3426 1080 3572 [de
1097 3513 1159 3578 qus
1171 3490 1298 3555 formula

164 3578 203 3637 ci.
219 3575 360 3640 Lambin.
385 3574 425 3653 ad
438 3576 514 3639 Hor.
533 3574 591 3662 Ep.
608 3575 633 3656 Ι,
655 3581 685 3656 6,
709 3582 748 3642 17
764 3588 795 3640 et
815 3579 853 3643 al
868 3599 917 3663 ap.
933 3576 993 3659 Pt]
1014 3588 1045 3640 et
1055 3580 1198 3643 sonunae
1213 3579 1298 3653 bonu,

183 3662 273 3724 uibus
291 3660 445 3741 abundas,
467 3672 600 3726 ostenta:
629 3682 703 3724 nam
724 3665 919 3748 quantumvis
941 3662 1073 3743 nobilis,
1103 3659 1299 3749 quantumvis

163 3683 252 3811 dives
268 3747 424 3825 habearis,
446 3758 550 3811 tamen
572 3748 742 3835 pannuciee
759 3746 889 3811 Baucidi
908 3749 1038 3813 similior
1060 3771 1095 3813 es
1115 3770 1212 3835 quam
1232 3764 1299 3815 vere

163 3832 278 3910 nobili,
301 3854 375 3898 vere
389 3832 485 3897 diviti.

249 3923 300 3983 20.
325 3915 560 3981 Dinomaches
576 3938 640 4007 ego
655 3917 756 4001 sum]
775 3911 814 3984 ‘0
828 3909 1122 4005 Astaopeixqc'vide
1131 3928 1164 3983 et
1179 3914 1199 3983 ὁ
1212 3919 1300 3983 Kist-

162 4001 241 4068 viov
262 3999 319 4068 aul
333 3999 542 4088 Δεινομάχης
562 4004 733 4068 Alcibiades
750 4005 831 4092 apud
852 4006 1031 4071 Platonem:
1056 4005 1096 4069 de
1118 4027 1234 4087 genere
1247 4002 1302 4069 Di-'

161 4091 334 4153 nomachae
348 4093 432 4176 plura
453 4090 647 4153 Plutarchus:
670 4103 700 4153 at
712 4092 820 4171 justius
839 4092 937 4155 Nero:
959 4115 1017 4173 ego
1037 4114 1108 4156 sum
1120 4090 1302 4179 Agrippinae

160 4177 258 4239 filius:
289 4175 337 4236 cui
366 4175 566 4262 adoptionem
590 4174 723 4240 debebat
751 4179 784 4240 in
817 4174 947 4240 domum
969 4178 1222 4265 imperatricem,
1257 4171 1301 4239 cui

161 4263 255 4325 etiam
275 4260 318 4322 im
342 4262 449 4324 crium.
1277 4306 1284 4317 .

246 4282 385 4451 Salpia]
408 4346 527 4410 Ironica
548 4339 763 4431 συγχώρησις.
810 4348 917 4412 Habes
933 4371 1048 4435 nempe
1065 4370 1129 4435 quo
1155 4345 1302 4431 gloriem:

163 4452 235 4511 ergo
248 4435 384 4514 λαμποα
403 4428 496 4517 φύσα
518 4430 574 4497 καὶ
599 4429 676 4497 avie
698 4425 838 4515 μεγάλα,
870 4430 1216 4517 καταλαζονιυόμινος
1238 4434 1303 4499 τῶν

162 4510 400 4600 ἀφανεστέρων
411 4516 467 4584 ael
479 4512 744 4601 daodesorlaav:
755 4520 799 4583 ita
813 4541 905 4608 saepe
918 4517 1045 4587 Graeci:
1062 4520 1150 4585 unde
1164 4532 1213 4587 est
1224 4516 1303 4607 apud
