2700 4972
357 52 905 205 lnrsnsnsarrnlni
1011 106 1052 203 κζ
1095 110 1098 115 ·
1140 50 1199 177 ¹n
1305 96 1310 109 ·

55 298 172 367 nempe
189 278 254 343 hoc
270 253 354 359 male
370 280 437 344 sani
450 280 594 344 homines
612 280 745 361 faciunt,
766 266 801 343 dt
816 278 914 345 Satira
936 289 1040 367 quarta
1062 278 1197 348 dicetur:
1296 294 1300 301 '

56 386 113 431 nos
124 376 234 430 autem
249 367 321 429 heic
335 368 538 452 loquebamur
555 366 597 429 de
612 367 748 452 sapiente
768 369 820 431 vel
843 379 1055 430 consummato
1074 369 1206 448 artifice„

56 450 107 539 qui
118 472 246 515 caussas
266 453 423 532 omnium,
445 474 523 538 quae
544 451 585 515 ad
606 464 703 514 artem
724 454 863 538 pertinen
910 455 1023 515 habeat
1044 466 1133 517 notas
1157 466 1197 534 et,

46 600 49 607 ,
76 536 141 601 uod
156 534 366 615 Quintilianus
381 539 430 618 ait,
446 549 620 603 sereretur.
651 537 813 619 Eleganter
828 550 860 601 et
913 537 1105 602 reBoe'thius
1119 541 1196 603 libro

58 558 287 687 denotationis
298 644 391 688 suae:
417 621 522 700 Vide,
545 625 596 704 ait,
619 622 701 710 quid
719 622 928 689 aeternales:
950 624 1104 688 senciot:
1126 648 1197 690 me-

59 706 201 772 lioribus
226 709 382 773 animum
408 709 441 773 si
469 706 760 795 conformaveris,
790 708 879 773 nillil
906 731 989 807 opus
1014 721 1066 774 est
1084 709 1198 792 jndice

53 793 255 879 praemium
278 790 472 943 dsqserente:
496 806 533 858 tu
554 805 587 859 te
608 794 681 881 ipse
701 794 989 859 excellentioribus
1008 793 1181 873 addidisti
1185 821 1197 877 ,·

59 879 89 942 si
101 877 257 943 elvidium
270 903 292 943 a
355 879 450 967 ejora
466 879 653 969 deflexeris,
670 889 766 945 extra
778 904 821 946 ne
835 880 1019 969 quaesieris
1032 874 1197 946 ultorem:

61 964 173 1029 lutei
196 986 234 1029 se
251 964 287 1028 in
312 903 485 1031 ‹liceriora
507 966 687 1030 detrusisti.

182 1072 222 1115 ec
238 1061 271 1114 te
286 1051 493 1138 quaesiveris
506 1051 625 1131 extre]
653 1053 723 1114 Hoc
744 1050 820 1114 illud
840 1050 984 1138 estquod
1000 1050 1097 1115 Stoici
1112 1050 1197 1115 dice-

59 1140 150 1201 bant:
170 1158 236 1203 non
254 1135 368 1201 debere
381 1137 554 1201 studiosum
571 1139 689 1201 tir-tutis
711 1150 795 1201 extra
815 1160 849 1202 se
867 1150 1060 1218 convertere,
1082 1150 1116 1198 ut
1128 1140 1195 1202 aliis
1212 1129 1248 1187 48

58 1225 196 1309 placeat:
217 1223 290 1286 satis
304 1225 392 1286 enim·
402 1225 447 1285 illi
460 1246 543 1303 esse,
566 1225 593 1286 si
606 1235 779 1309 praestaret,
801 1236 834 1286 ut
847 1237 928 1287 esset
941 1223 1026 1310 quod
1039 1224 1196 1315 cupiebat:

59 1307 158 1379 rideri
176 1319 283 1370 autem
306 1312 388 1373 velle
406 1310 436 1371 ei
459 1308 627 1371 curandum
645 1332 710 1371 non
732 1331 815 1373 esse:
845 1312 906 1372 hoc
925 1311 967 1373 ita
996 1310 1057 1374 illi:
1081 1303 1124 1373 οὐ
1147 1309 1200 1374 δεῖ

60 1390 119 1473 ἔξω
128 1397 329 1476 στραφῆναι
346 1390 431 1476 πρὸς
449 1390 487 1459 :d
500 1390 682 1479 βούλεσθαι
702 1388 818 1477 ἀρέσαι
836 1393 910 1459 τινί.
952 1394 1037 1460 Vide
1055 1392 1197 1459 Enchiri-

60 1480 146 1543 dium
160 1478 295 1566 Epicteti
308 1481 353 1629 ke.
369 1480 423 1561 30]
446 1493 477 1544 et
489 1483 547 1543 alia
561 1483 684 1543 illorum
702 1483 820 1567 scripta.

143 1569 174 1631 8.
198 1562 295 1631 Num
339 1588 439 1630 omne
458 1577 509 1631 est
525 1562 699 1655 quianon?
722 1589 763 1629 ac
783 1567 814 1629 si
820 1562 887 1652 fus
901 1563 1015 1630 dicere
1020 1588 1035 1640 ‚·
1055 1562 1198 1654 recisas,

66 1650 116 1733 Τ.]
147 1648 248 1730 Quod
272 1654 369 1716 verbo
394 1652 582 1733 ostenderat,
613 1674 684 1714 cum
706 1650 882 1735 turbidum
905 1664 1030 1715 vocaret
1051 1648 1197 1733 Romam,

61 1736 91 1799 id
108 1758 193 1800 nunc
213 1739 353 1823 pluribus
374 1740 546 1824 exequitur:
578 1738 640 1800 duo
662 1750 767 1800 autem
787 1738 880 1801 simul
900 1749 1048 1823 praestat:
1073 1751 1199 1801 namet
1222 1810 1227 1825 ι

61 1844 201 1887 camsam
211 1825 342 1908 promit,
366 1846 418 1886 cur
435 1824 582 1904 judicium
594 1824 716 1887 Romae
733 1846 797 1887 non
815 1824 907 1885 faciat
929 1824 1021 1903 tanti,
1043 1835 1076 1887 et
1084 1825 1199 1910 incepti

61 1910 107 1973 sui
121 1908 164 1971 de
176 1907 277 1971 Satira
289 1909 449 1973 scribenda
461 1912 612 1973 rationem
631 1910 733 1990 affert:
757 1931 828 1972 cum
849 1921 951 1971 autem
967 1912 1062 1973 vellet
1074 1909 1198 1974 Persius

61 1996 91 2058 in
104 1995 223 2075 flagitia
240 2007 272 2058 et
290 1998 472 2082 probrosam
485 1997 615 2061 Neronis
634 2018 670 2058 ac
682 1996 983 2081 reliquorumvitam
1006 1995 1127 2074 invehi,
1147 1997 1199 2057 in-

62 2080 274 2165 dignationem
289 2083 372 2145 illius
390 2084 606 2169 aequissimam
620 2094 722 2145 metus
744 2082 877 2144 inhibuit
899 2081 974 2157 [imo
987 2083 1073 2171 plura
1085 2083 1199 2145 obver-

61 2170 208 2230 sabantur
219 2168 319 2231 menti
336 2180 448 2254 poetae
472 2190 565 2254 quam
584 2190 663 2254 quae
677 2190 739 2229 uno
761 2170 857 2231 verbo
875 2177 994 2250 poterat
1009 2166 1199 2250 exprimere:

62 2250 163 2317 Pasa.
184 2251 341 2339 p.251.]:
367 2253 440 2316 ideo
464 2266 586 2319 coactus
604 2266 651 2317 est
670 2264 787 2316 mutata
805 2253 1009 2317 velificatione
1033 2252 1129 2314 animi
1149 2237 1200 2316 riui

61 2358 189 2401 sensum
209 2360 265 2425 per
280 2340 411 2421 figuram
431 2341 619 2426 exprimere:
642 2343 703 2402 hoc
725 2351 787 2419 est,
809 2338 893 2424 loqui
909 2336 1055 2400 tacendo:
1076 2348 1200 2401 namet
1229 2364 1236 2379 ⁸

62 2418 269 2507 τεχνολόγων
292 2424 409 2501 παῖδες
429 2426 616 2507 (rhetores)
646 2428 726 2487 hanc
752 2427 882 2506 figuram
907 2417 1140 2505 ἀποσιώπησιν
1162 2445 1199 2485 ac

63 2509 281 2575 reticentiam
297 2512 363 2575 sive
378 2511 592 2577 obtinentium
605 2513 781 2590 nominant,
804 2509 927 2596 quando
939 2502 1070 2595 amplius
1083 2508 1199 2594 aliquid

62 2597 183 2660 silentio
196 2598 334 2659 innuitur
351 2618 445 2684 quam
464 2600 601 2661 oratione
619 2598 754 2681 potuerit
774 2596 920 2683 exprimi:
938 2617 1014 2658 nam
1034 2617 1075 2657 ex
1093 2606 1199 2658 ments

63 2683 218 2745 etaffcctu
240 2686 393 2769 loquentis
413 2686 555 2815 supplere
572 2684 693 2748 auditor
716 2682 808 2746 debet
830 2679 915 2767 quod
933 2679 1037 2744 deest:
1065 2692 1099 2742 ut
1119 2681 1199 2760 heic,

64 2762 197 2833 Romae
217 2778 267 2833 est
288 2769 361 2857 quis
376 2793 460 2835 non.
495 2792 609 2856 nempe
632 2769 764 2854 corrupti
782 2767 887 2848 judicii
905 2779 937 2830 et
952 2765 1096 2846 indignus
1115 2769 1200 2845 cujus

63 2855 216 2917 rationem
235 2856 372 2920 habeas:
400 2857 514 2943 quippe
535 2854 646 2918 delitiis
663 2866 695 2916 et
717 2856 792 2915 luxu
819 2851 930 2940 perditi
951 2873 1060 2914 omnes
1081 2852 1200 2915 virtutis

63 2960 171 3004 osores
185 2950 218 3003 et
235 2943 435 3004 honestarum
450 2943 590 3005 omnium
611 2941 736 3019 artium,
759 2939 799 3001 de
816 2940 930 3085 ἓυίἱιιιε
954 2948 1026 2999 ῐιιιιο
1046 2948 1209 3000 merentur-

63 3022 214 3113 pessime,
236 3048 306 3091 cum
321 3024 392 3091 illas
412 3050 469 3091 suo
493 3038 633 3089 contactu
648 3024 793 3107 foedant:
838 3024 964 3109 eniquc,
986 3023 1013 3105 si
1031 3023 1201 3108 aprincipe

63 3133 151 3176 orsus
166 3113 307 3193 singulos
321 3116 449 3177 istorum
472 3112 661 3192 consideres,
684 3132 792 3174 omnes
807 3110 953 3196 imperiti,
976 3129 1084 3171 omnes
1106 3108 1200 3170 asini:

63 3198 123 3260 boc
142 3196 230 3261 enim
247 3201 314 3263 vult
332 3199 472 3264 Persius:
485 3199 585 3285 'quod
604 3220 675 3260 cum
697 3196 767 3260 heic
787 3219 851 3259 non
873 3207 954 3259 esset
979 3214 1070 3257 ausus
1090 3192 1201 3273 dicere,

63 3284 116 3347 ubi
129 3284 326 3365 incaluisset,
346 3308 411 3348 non
437 3286 580 3349 abstinuit
596 3285 670 3370 quin
688 3293 817 3369 poneret
840 3278 985 3361 [v.121]:
1014 3277 1200 3343 Auricnlus
1218 3294 1254 3355 49

64 3368 157 3433 asini
176 3368 281 3433 Mida
304 3392 364 3435 rex
385 3370 509 3443 landet:
538 3371 594 3435 sed
622 3380 777 3431 mutamnt
802 3366 894 3430 amici
914 3364 1028 3428 codem
1052 3364 1204 3450 compulsi

63 3466 158 3519 metu.
204 3454 314 3519 Simile
328 3456 367 3520 de
378 3457 481 3520 Roma
491 3456 639 3537 judicium
652 3455 726 3517 facit
737 3454 851 3517 Plinius
866 3450 1026 3515 Secundus
1040 3450 1075 3512 in
1084 3472 1117 3512 re
1134 3472 1205 3531 gra-

63 3542 168 3607 viore:
200 3543 351 3605 sic'enim
369 3545 412 3605 ait
432 3545 465 3605 in
485 3543 613 3629 epistola
634 3540 675 3604 ad
696 3539 865 3604 Calvisium
885 3539 964 3601 libro
988 3535 1020 3599 11
1048 3537 1110 3622 [ep.
1130 3535 1203 3616 20]:

61 3619 158 3691 'And
172 3624 207 3691 τί
218 3626 425 3712 ὃιστείνομαι
442 3629 480 3692 in
496 3651 539 3692 eu
556 3626 712 3706 civitate,
734 3624 772 3689 in
792 3646 858 3723 qua
875 3621 955 3708 jum
966 3620 1112 3708 pridem
1133 3644 1204 3685 non

65 3712 391 3800 minorapraemia,
405 3714 512 3778 immo
524 3712 660 3777 mu'ora
672 3710 826 3796 nequitia
839 3719 872 3773 et
884 3705 1086 3793 improbitas
1099 3729 1204 3807 quam

64 3796 181 3884 pudor
197 3808 232 3865 et
249 3800 362 3865 uirtus
376 3796 525 3864 dolent?
546 3805 555 3874 [
591 3807 636 3873 st,
657 3795 742 3883 quod
768 3794 910 3858 codicum
931 3795 1135 3857 inconstantia
1147 3800 1205 3856 rle-

66 3906 186 3971 xusque
205 3887 353 3950 orationis
372 3887 451 3948 infra
473 3906 564 3949 versu
587 3890 646 3949 121
669 3880 874 3969 pertexendae
896 3879 1037 3954 damnat,
1059 3900 1131 3940 cum
1144 3877 1206 3942 Ga-

67 3973 208 4035 saubono
230 3972 325 4057 recipi
349 3995 414 4034 non
436 3971 558 4034 debet.“
580 3966 720 4032 Stieder.
744 3966 791 4031 Cf.
812 3965 857 4029 Pl.
873 3988 904 4052 p.
920 3963 985 4045 58]
1008 3963 1132 4027 Mollior
1151 3963 1208 4026 erit

70 4058 236 4135 sententia,
259 4059 286 4120 si
303 4059 345 4119 ita
367 4058 483 4143 capias:
506 4053 601 4121 Num
617 4051 747 4118 Romae
765 4046 946 4140 quianon?
970 4061 1018 4113 est
1029 4049 1136 4136 polita,
1158 4050 1208 4113 vi-
1313 4114 1317 4121 ,

72 4138 194 4223 delicet3
217 4154 272 4205 aut
285 4144 351 4228 quis
364 4156 428 4206 tani
447 4144 562 4208 aversis
577 4141 677 4204 lllusis
696 4151 785 4202 natus
801 4149 848 4201 est
864 4136 1052 4202 versificator
1065 4136 1209 4214 insulsus,

75 4228 124 4311 qui
141 4230 249 4309 magni
265 4228 379 4315 politae
400 4250 516 4292 nomen
532 4228 622 4290 facile
642 4247 706 4288 non
723 4234 939 4309 consequatur,
961 4221 988 4285 si
1005 4220 1093 4307 pravi
1105 4219 1211 4300 judicii
