2700 4972
119 386 126 395 .
159 332 224 401 12}
326 280 329 285 ·
519 316 928 398 COMMENTARIUS
1296 386 1299 397 .
1324 332 1334 433 l

76 524 85 545 ⁸
158 503 202 569 ait
214 500 411 586 Augustinus,
440 502 535 584 gratia
552 501 694 589 spiritalis
712 513 768 566 est.
810 504 902 567 Hunc
920 503 1012 585 igitur
1028 513 1148 568 unum
1166 512 1198 565 et
1217 502 1288 569 adeo
1331 456 1334 503 ¹

108 593 229 661 inlate
252 594 356 653 susum
369 589 535 651 hominum
558 610 693 651 errorem
719 611 789 650 cum
811 589 950 653 viderent
978 599 1238 674 agnoscerentque
1256 612 1290 653 ex
1320 604 1334 667 ’ᾗ

157 687 242 762 parte
263 676 431 761 sapientes,
460 672 647 736 medicinam
664 674 710 736 illi
731 678 832 738 iacere
852 698 907 761 pro
922 697 977 739 sua
999 676 1079 741 virili
1103 680 1134 738 et'
1153 686 1291 761 quantum
1332 698 1334 705 ·

156 763 275 826 ferebat
294 761 415 846 publica
433 759 547 822 saeculi
566 760 717 844 imperitia
738 758 825 837 (nam
848 773 878 823 et
899 762 958 847 ipsi
975 762 1045 824 heic
1068 760 1291 842 caecutiebant),

157 858 229 911 sunt
249 847 359 911 conati.
416 844 463 907 Eo
493 856 666 930 spectarunt
696 866 892 932 quaecunque
917 868 935 909 a
960 844 1085 913 Graecis
1107 845 1292 932 philosophis

125 1010 130 1015 Ι
157 928 233 1013 περὶ
256 925 354 1014 εὐχῆς
374 931 441 994 sive
462 931 648 1013 προσευχῆς
675 931 785 1016 scripta
804 934 941 996 fuerunt:
976 954 1036 1017 quo
1063 933 1097 993 in
1120 943 1291 1012 argumento

158 1018 252 1081 etiam
265 1019 458 1081 Aristotelem
471 1015 566 1079 fuisse
583 1014 738 1079 versatum
752 1017 890 1080 La‘e'rtius
908 1019 1009 1097 testis,
1029 1018 1081 1103 qui
1096 1018 1212 1079 librum
1223 1018 1292 1081 illius

37 1110 41 1121 '
117 1160 121 1167 .
155 1100 230 1184 auspi
252 1099 348 1185 εὐχῆς
369 1100 490 1181 laudat3
513 1123 552 1164 ex
567 1100 675 1165 Proclo
692 1101 805 1185 scimus
819 1103 975 1189 scripsisse
997 1114 1029 1166 et
1051 1103 1129 1165 alios
1150 1123 1190 1165 ea
1211 1101 1248 1164 de
1266 1125 1294 1166 re

44 1206 67 1262 fi
155 1191 377 1277 philosophos:
406 1185 462 1249 sed
483 1189 596 1248 horum
619 1188 759 1248 omnium
788 1189 865 1250 nihil
883 1189 981 1250 ferme
1009 1188 1051 1251 ad
1074 1209 1134 1251 nos
1164 1190 1295 1274 pervenit

61 1350 64 1355 ι
154 1287 275 1362 praeter
288 1274 434 1336 eximium
448 1272 536 1334 illum
551 1270 691 1356 quidem,
714 1272 768 1335 sed
782 1284 886 1336 tarnen
907 1272 1188 1355 unicuml‘latonis
1204 1271 1294 1337 dialo-

155 1382 244 1441 gum,
264 1353 538 1445 quiAlcibindee
561 1355 732 1420 secundus
752 1358 925 1422 inscribitur
950 1371 981 1422 et
1001 1356 1077 1440 περὶ
1103 1360 1294 1443 προσευχῆς

154 1444 328 1524 ELatinis,
357 1445 384 1508 si
406 1443 458 1528 qui
478 1446 600 1506 fuerunt
612 1444 804 1528 philosophi,
827 1446 878 1531 qui
900 1447 979 1507 hanc
997 1446 1160 1509 materiam
1178 1466 1294 1531 separa-

154 1532 212 1594 tim
240 1541 433 1608 tractassent,
470 1550 579 1591 eorum
608 1529 718 1612 scripta
746 1551 811 1591 non
835 1531 965 1593 meliore
993 1552 1085 1615 quam
1112 1527 1294 1595 Graecorum

154 1620 259 1679 functa
281 1614 352 1679 suut
374 1619 453 1678 fato:
475 1613 539 1681 sed
562 1615 705 1677 vetustati
722 1635 835 1695 magna
855 1629 959 1678 tamen
982 1618 1092 1696 gratia,
1115 1614 1201 1701 quod
1222 1615 1291 1681 dues

153 1706 264 1768 saltem
276 1705 341 1781 ejus
356 1701 526 1782 argumenti
539 1698 651 1762 Satiras
664 1694 857 1762 suminorum
876 1703 1072 1787 scriptorum,
1093 1701 1194 1765 Persii
1207 1703 1290 1765 istarn

154 1800 186 1852 et
208 1788 365 1854 luvenalis
386 1787 553 1864 decimam,
583 1784 623 1847 ad
643 1806 702 1847 nos
722 1787 887 1849 transmisit
905 1788 1046 1868 integras.
1090 1786 1216 1852 Omnes
1233 1787 1289 1867 isti,

152 1874 251 1952 Plato,
271 1874 406 1959 inquam,
427 1872 549 1935 Persius
567 1892 602 1933 ac
614 1869 781 1950 luvenalis,
804 1870 969 1936 commune
982 1875 1044 1936 hoc
1055 1869 1190 1952 habent,
1212 1872 1291 1959 quod

195 1970 277 2022 ccata
292 1981 311 2022 a
324 1960 418 2038 vulgo
434 1958 600 2020 hominum
612 1957 645 2018 in
659 1955 775 2019 orando
788 1959 877 2020 solita
888 1959 1049 2037 ,committi
1068 1970 1218 2051 arguunt:
1239 1958 1291 2023 sed

60 2110 62 2119 ,
179 2045 258 2108 ersio
271 2045 392 2130 propria
412 2046 489 2106 haec
511 2045 593 2122 laus,
615 2040 700 2127 quod
720 2043 912 2127 paucissimis
934 2046 1072 2108 versibus
1089 2048 1178 2131 plura
1200 2046 1293 2131 capita

153 2128 310 2194 doctrinae
338 2132 429 2210 hujus
457 2149 549 2213 quam
581 2130 633 2190 vel
662 2127 749 2190 Plato
778 2131 830 2191 vel
850 2127 1006 2193 luvenalis
1035 2141 1082 2193 est
1107 2133 1292 2217 complexus·

152 2214 230 2280 Tres
245 2225 317 2279 sunt
339 2216 466 2279 omnino
479 2215 570 2294 hujus
587 2213 727 2277 carminis
741 2225 843 2299 partes
862 2209 1055 2297 ὁλοσχερεῐς.
1097 2215 1203 2280 Prima
1215 2228 1294 2280 extra

91 2302 94 2321 '
151 2323 219 2365 rem
234 2313 290 2381 est,
311 2303 370 2365 soli
385 2301 497 2364 decoro
510 2300 663 2362 serviens:
689 2297 823 2384 ideoque
841 2303 1022 2364 brevissima
1040 2313 1071 2363 et
1088 2313 1295 2386 quatuortan-

151 2397 219 2450 tum
240 2408 401 2466 versuum,
424 2388 533 2472 quibus
547 2395 678 2470 'paratur
699 2383 798 2448 aditus
811 2386 864 2447 ad
888 2389 1097 2449 tractationem
1119 2388 1294 2475 propositae

151 2474 286 2535 theseos.
302 2473 333 2554 [1
344 2471 437 2551 -4.]
469 2470 642 2541 Macrinum
657 2470 741 2532 enim
758 2471 941 2534 familiarem
960 2494 1051 2535 suum
1071 2472 1196 2553 laudat,
1216 2470 1295 2559 quod

101 2574 154 2631 172
161 2557 321 2621 scientiam
332 2560 413 2621 bene
427 2555 534 2619 orandi
541 2577 577 2618 ac
591 2569 664 2620 vota
678 2555 811 2618 faciendi
830 2568 962 2637 teneret,
983 2580 1083 2642 neque
1105 2560 1193 2641 vulgi
1214 2568 1296 2623 ebro·

80 2664 82 2669 ·
151 2644 236 2707 ribus
251 2645 310 2706 hac
327 2644 403 2706 inre
415 2643 636 2728 implicaretur:
661 2642 684 2703 ii
703 2642 876 2723 cujusmodi
896 2645 974 2719 sint,
997 2643 1295 2733 deinceps-explica-

93 2770 96 2775 ·
151 2728 375 2810 brr.⁸[6—80.]
397 2725 540 2792 Secunda
552 2727 644 2807 igitur
655 2738 740 2814 parte
760 2727 800 2790 de
812 2728 850 2791 iis
870 2730 1033 2816 praecipue
1052 2741 1175 2809 tractat,
1197 2729 1294 2817 quiin

150 2827 296 2880 votorum
315 2815 442 2877 materia
462 2824 640 2900 peccarent,
668 2812 861 2899 ostenditque
893 2816 969 2878 alios
992 2837 1040 2878 res
1063 2816 1176 2903 impias
1196 2836 1216 2879 a
1233 2814 1294 2880 diis
1332 2858 1334 2873 ι

150 2911 255 2986 petere
271 2900 388 2980 solitos,
409 2921 488 2985 quos
505 2898 632 2985 quidem
650 2899 829 2979 gravissime
847 2900 1000 2987 increpat3
1023 2902 1100 2965 ahos
1121 2922 1190 2964 non
1201 2902 1294 2989 impia
1330 2916 1334 2971 ῑ

151 2982 278 3072 quidem
298 2985 373 3049 deos
390 3007 533 3072 poscere,
563 2983 620 3048 sed
645 2984 771 3063 iiivola,
801 2986 875 3070 ipsis
896 3008 989 3073 saepe
1009 2988 1209 3075 poscentibus
1231 3008 1315 3077 non.

148 3075 320 3159 profutura3
342 3084 432 3157 atque
450 3072 580 3135 istorum
595 3083 751 3156 praeterea
770 3072 901 3156 ineptias
914 3074 1010 3152 tangit
1031 3084 1062 3134 et
1074 3073 1150 3135 ritus
1170 3073 1205 3135 in
1223 3094 1292 3160 pre-

150 3159 236 3222 cibus
258 3156 464 3244 concipiendis
485 3157 709 3242 superstitiosos
737 3167 768 3218 et
785 3158 924 3220 irrisione
944 3158 1063 3220 satirica
1086 3157 1290 3239 dignissimos.

151 3243 202 3321 [31
214 3246 324 3322 -40.]
369 3242 529 3306 Postremo
546 3241 711 3328 pugnantia
731 3243 790 3304 sibi
807 3243 942 3307 invicem
959 3243 1106 3306 contraria
1126 3243 1291 3307 hominum

148 3340 222 3393 vota
242 3329 382 3408 exagitat.
406 3328 579 3408 [41-51.]
630 3328 786 3390 Hactenus
808 3326 847 3390 dc
866 3340 1010 3392 votorum
1032 3330 1178 3393 materia:
1210 3328 1291 3416 quod

148 3416 251 3478 solum
272 3424 485 3493 argmnentum
505 3414 602 3492 attigit
624 3412 780 3477 luvenalis
802 3413 973 3499 divinisque
992 3417 1130 3478 versibus
1155 3416 1292 3481 luculen-

148 3500 266 3562 tissime
281 3509 425 3561 executus
448 3509 503 3561 est.
554 3498 689 3577 Platonis
709 3521 831 3585 quoque
852 3499 991 3580 dialogus
1010 3513 1091 3563 totus
1111 3504 1180 3564 fere
1202 3502 1237 3564 in
1255 3524 1291 3565 eo

149 3596 299 3662 versatur,
320 3594 355 3644 ut
368 3582 476 3645 doceat
493 3604 560 3651 rem
581 3583 708 3645 arduam
731 3607 799 3649 esse
824 3597 854 3648 et
872 3587 904 3647 in
926 3607 984 3670 qua
1000 3587 1148 3666 magistro
1164 3584 1239 3650 Deo
1256 3588 1293 3653 sit

149 3691 236 3754 opus,
259 3681 292 3731 ut
305 3670 437 3732 sciarnus
449 3690 559 3754 coquas
571 3689 619 3731 res
636 3689 653 3729 a
668 3668 738 3732 Deo
752 3673 906 3756 possimus
921 3684 1025 3757 petere
1040 3684 1092 3734 aut
1112 3671 1292 3738 debeamus.

148 3754 243 3819 Porro
254 3766 398 3817 votorum
413 3776 524 3835 genera
537 3754 599 3816 duo
615 3766 703 3820 sunt:
730 3777 803 3818 nam
824 3757 978 3819 interdum
1000 3761 1096 3821 solas‘
1105 3780 1217 3843 preces
1234 3782 1293 3823 no·

93 3900 96 3909 ,
148 3852 224 3903 stras
239 3839 309 3902 Deo
322 3840 495 3904 offerimus:
519 3841 603 3925 quod
617 3844 738 3926 proprie
753 3865 811 3905 nos
823 3842 981 3927 precari,
1006 3842 1115 3907 Graeci
1137 3839 1292 3928 εὔχεσθαι

148 3936 179 3988 et
189 3925 310 4011 saepius
326 3921 570 4007 προσεύχεσθαι
584 3926 703 4007 dicunt3
724 3929 876 3990 interdum
889 3932 1030 4014 precibus
1045 3929 1207 4009 adjicimus
1220 3954 1291 4016 pro-

64 4026 66 4035 ·
147 4011 328 4074 missionem
342 4024 373 4074 ct
392 4033 428 4074 ea
451 4014 655 4096 concipimus,
678 4035 756 4097 quae
774 4017 895 4100 proprie
909 4017 1016 4077 Latine
1032 4015 1175 4079 fficuntur
1191 4028 1290 4092 νοέεις

148 4094 259 4161 Graeci
276 4097 337 4158 hoc
360 4090 579 4178 ιιατεύχεσθαι
609 4101 661 4169 ,vel
690 4095 847 4203 εὔχεσθαι
875 4096 959 4164 κατά
982 4123 1088 4178 τινος,
1119 4115 1153 4164 ut
1176 4106 1291 4190 passim

113 4214 117 4219 ·
145 4202 165 4245 a
209 4181 231 4244 d
261 4182 440 4261 historicos,
479 4180 633 4266 εὔχεσθαι
665 4206 751 4248 κατα
779 4190 847 4250 τῶν
870 4187 1089 4271 αικητηρίωνε
1123 4191 1169 4252 sic
1201 4193 1291 4253 etiam

145 4204 304 4349 ἕζεσθαι
315 4262 399 4331 κατὰ
413 4262 563 4349 ταύρων,
586 4264 670 4334 uacui
687 4266 775 4353 βοὸς,
792 4267 956 4336 καταπιεῖν
969 4268 1217 4353 nantoniacus:
1238 4274 1291 4340 sed

145 4346 347 4436 οῑαῧχεσθαι
360 4348 480 4439 οῑεύχῆ
502 4354 542 4417 de
562 4366 639 4418 voto
654 4371 851 4443 usurpantur,
878 4360 961 4445 quod
980 4373 1062 4423 recte
1080 4363 1291 4445 Hieronymus

72 4520 76 4533 Ι
101 4526 104 4535 Ι
141 4436 238 4521 iu'ea
253 4437 299 4501 ad
315 4437 445 4502 suniam
465 4450 497 4504 et
509 4439 662 4505 Fretelam
684 4445 874 4526 observavit3
895 4446 1041 4534 idemque
1064 4450 1171 4514 multis
1188 4470 1290 4537 perse-
