2700 4972
772 148 777 199 Ι
828 136 834 148 .

56 310 59 315 ’
147 303 192 365 so
457 384 461 391 ¹
510 264 918 366 conuenturum

149 466 304 535 culorum
326 487 424 541 escae
435 478 511 555 sunt
532 465 567 534 οί
591 461 702 551 λόγοι,
733 465 878 557 polimata
897 465 1139 533 velerationes:
1168 452 1289 530 tritissi-
1317 518 1326 531 .

48 612 51 616 .
148 576 237 619 mum
250 565 296 618 est
307 552 390 640 apud
404 551 538 617 Graecos
553 546 751 638 εὐωχεῖσθαι
772 548 887 638 λόγοις
904 565 934 616 et
950 546 1086 636 εὐωχίαι
1107 548 1167 618 ναί
1186 546 1290 617 lard-

150 652 218 716 οιις
236 634 349 705 νίνοολν
363 650 394 703 et
405 640 516 703 similia
529 642 641 702 multa:
659 638 820 726 colligere
833 661 926 704 escon
939 637 1094 717 auritas,
1116 638 1196 723 utin
1209 637 1291 702 Poe-

112 750 119 772 *
148 727 223 791 nulo
240 724 383 789 Plautino
406 724 459 804 [V,
480 723 511 804 4,
533 728 565 807 2]
587 724 691 789 oculis
714 723 830 810 epulus
853 723 950 788 dore.
999 721 1137 788 loannes
1157 721 1294 805 Chrysu-

149 825 287 877 stomus=
309 832 419 894 τροφη
433 804 621 894 ὀφθαλμοῖν
637 811 785 890 θεωρίαι
806 822 838 873 at
854 811 950 877 ultimi
965 812 1116 895 pabulum
1135 809 1243 872 literae
1265 819 1297 871 et

64 964 66 971 ,
107 906 118 919 ”
150 896 298 965 eruditio:
319 896 392 965 ideo
406 898 499 959 etiam
520 896 648 973 κοιλίας
662 897 866 984 appellatione
887 897 1006 959 animus
1022 894 1178 958 interdum
1198 893 1297 957 deno-

36 1050 42 1061 „
131 987 239 1048 'tatum
288 980 453 1064 Gregorius
474 981 685 1047 Nazianzenus
717 983 805 1047 initio
825 980 982 1062 cujusdam
998 981 1174 1060 Homiliae,
1203 1000 1297 1065 quam

99 1076 133 1132 tr
150 1067 259 1133 habuit
274 1067 436 1132 Nazianzi:
459 1064 665 1153 μοιλίοινπὴν
679 1064 804 1133 ἑαυτοῦ
818 1063 929 1175 tunglo
944 1060 1106 1148 ὀνομάζει
1117 1060 1204 1131 unsri
1219 1059 1299 1142 τούς
1314 1118 1320 1125 .

150 1156 209 1238 τῆς
220 1155 345 1239 τροπῆς
360 1147 501 1237 νόμους,
524 1147 570 1233 uir
590 1148 778 1259 χωρητικνξν
800 1152 858 1218 καί
881 1148 1099 1237 αναόοιωιὴν,
1122 1145 1164 1217 ἵν’
1187 1144 1299 1228 οὕτως

151 1239 234 1306 elon
243 1242 318 1304 τοῖν
330 1236 366 1304 ἐκ
379 1241 441 1304 τοῦ
455 1235 559 1322 λόγου
573 1242 727 1324 τροφῶν·
744 1235 841 1323 όγόρ
858 1235 926 1303 lou
940 1232 1069 1320 σοι’μαιι
1082 1231 1205 1321 τροφὴ,
1223 1238 1300 1302 τοῦ-

150 1345 189 1391 ιο
202 1322 239 1390 ἐν
255 1328 346 1410 ψυχῇ
365 1320 406 1389 λό
427 1345 483 1400 og:
505 1337 536 1388 et
550 1336 583 1388 ut
600 1327 755 1406 ciborum,
776 1326 819 1387 ita
833 1318 959 1407 λόγων,
980 1324 1014 1387 id
1032 1336 1080 1388 est
1091 1345 1202 1387 eorum
1220 1344 1299 1408 quae
1327 1358 1332 1365 ·

33 1456 41 1468 -.
127 1406 132 1429 ¹
150 1413 281 1493 legimus
294 1413 345 1476 vel
359 1346 508 1491 audimus,
516 1410 674 1558 ⁴puaedam
689 1424 735 1475 est
750 1412 928 1476 concoctio:
951 1432 1021 1472 cum
1032 1432 1098 1475 non
1109 1406 1296 1475 mandamus
1334 1410 1337 1415 ’

150 1496 202 1560 illa
219 1498 252 1559 in
267 1498 466 1572 memoriam,
480 1517 514 1560 se
551 1499 584 1559 in
595 1519 721 1561 succum
735 1497 883 1561 vertimus
897 1508 928 1560 et
943 1495 983 1559 ad
998 1518 1089 1559 usum
1101 1508 1298 1559 revocamus.

136 1581 306 1669 ¹Epictetus
320 1583 353 1644 in
367 1581 546 1645 Enchiridio
566 1589 642 1669 [cap.
657 1583 729 1664 46];
752 1577 795 1645 όίν
814 1579 889 1665 περί
908 1576 1128 1663 θεωρήματος
1140 1576 1188 1644 ’ἐν
1207 1574 1297 1645 ldtul·

150 1689 224 1744 ταις
247 1665 389 1752 ἐμπίπτῃ
408 1660 522 1748 λόγος,
545 1664 655 1732 οιοίπα
675 1665 712 1732 τό
733 1664 837 1732 πολύ·
860 1665 961 1750 μέγας
980 1665 1045 1749 γὰρ
1070 1662 1113 1747 [ὁ]
1136 1664 1311 1753 κίνθννος.

151 1748 257 1829 εὐθύς
271 1748 453 1836 ἑξεμίσαιὸ
471 1752 553 1834 [edd.
568 1750 605 1835 oi]
629 1747 693 1820 οὐκ
710 1750 853 1830 laedor.-
874 1752 914 1817 ad
934 1776 1026 1838 quem
1050 1756 1155 1816 locum
1175 1750 1296 1816 emdit'e

39 1842 45 1853 ‘
150 1841 280 1926 explicat
291 1839 483 1927 Simplicius,
508 1838 581 1924 quid
594 1826 633 1904 sil
645 1837 743 1917 πέψις
756 1835 880 1923 λόγων,
896 1838 969 1925 quid
983 1833 1114 1923 λμειόςε
1127 1855 1200 1901 eum
1211 1836 1296 1902 vide.

151 1921 247 1990 Porro
265 1926 313 1990 vis
331 1928 422 2006 hujus
439 1927 684 2010 reprehensionis
703 1928 839 1989 maxima
862 1926 898 1987 in
918 1946 997 1989 voce
1027 1922 1151 1988 olienis
1163 1924 1295 2071 aposita:

50 2050 53 2055 <
150 2010 265 2097 quippe
279 2011 499 2074 alienissimum
519 2023 564 2074 est
583 2032 601 2073 a
621 2014 757 2098 sapiente
773 2016 874 2074 facere
894 2008 1008 2097 aliquid
1024 2021 1148 2096 propter
1194 2010 1298 2072 ’enam

151 2100 228 2161 volu
250 2107 358 2159 tatem:
378 2117 487 2159 verum
506 2098 583 2158 haec
603 2097 725 2183 propria
744 2109 790 2161 est
809 2096 932 2160 miseria
953 2097 1082 2176 gloriam
1104 2095 1298 2177 sectantium,

151 2202 214 2268 quo
248 2180 424 2243 felicitatem
437 2181 570 2245 suainin
586 2184 684 2245 aliena
699 2185 876 2269 operatione
894 2192 1024 2269 ponunt,
1047 2183 1108 2243 hoc
1122 2192 1171 2243 est
1185 2182 1218 2243 in
1240 2178 1314 2246 vo·'

43 2316 46 2321 -
151 2269 281 2355 inplete,
304 2286 396 2353 quam
408 2268 530 2353 capiunt
541 2269 592 2329 alii
605 2289 644 2330 ex
655 2269 792 2354 ipsorum
805 2271 928 2332 labore:
950 2269 1046 2330 finem
1056 2265 1216 2346 videlicet,
1240 2286 1303 2353 quo
1327 2268 1331 2281 '

38 2346 41 2361 '
151 2375 223 2416 suas
236 2354 385 2431 actiones,
407 2353 435 2416 si
446 2365 600 2438 saperent,
621 2358 733 2417 referre
747 2353 916 2428 debebant,
938 2354 990 2439 qui
1006 2354 1050 2416 sic
1062 2353 1188 2447 vivupt,
1209 2353 1304 2434 igno-

40 2502 44 2513 ,
151 2451 237 2502 rant:
262 2440 340 2500 haec
351 2438 447 2502 Persii
463 2459 566 2518 mens,
587 2461 681 2525 quem
695 2452 804 2526 postea
821 2439 928 2503 dicturi
942 2461 1048 2502 sumus
1064 2460 1107 2513 ,ex
1123 2437 1302 2501 Stoicorum

153 2522 314 2610 disciplina
329 2524 434 2585 omnia
455 2544 578 2611 semper
594 2524 634 2588 ad
650 2547 741 2589 suum
759 2527 855 2588 finem
877 2526 1013 2590 voluisse
1037 2524 1153 2589 referri.
1196 2524 1228 2587 A·
1245 2544 1304 2610 po-

153 2610 298 2673 sitissime
307 2608 346 2672 ad
360 2611 443 2670 hunc
455 2610 559 2673 locum
567 2610 688 2674 Marcus
698 2610 875 2675 Antoninus
888 2613 966 2675 libro
982 2632 1019 2675 vr
1035 2608 1075 2693 [§.
1085 2609 1156 2688 51]:
1181 2604 1200 2674 ὁ
1218 2546 1304 2716 [μὲν]

153 2690 333 2778 φιλόδοξος
355 2690 535 2772 ἀλλοτρίαν
558 2691 727 2779 ἐνέργειαν
748 2697 838 2762 idion
864 2691 995 2804 αἰγαθόν
1010 2689 1259 2778 ὑπολαμβάνει·
1283 2716 1303 2759 ο

155 2778 191 2846 di
210 2777 407 2865 φιλήδονος,
431 2779 521 2845 ίδίαν
534 2786 664 2847 ποίοιν·
689 2778 708 2848 ὁ
725 2781 761 2849 δὲ
775 2785 859 2848 νοῦν
874 2780 972 2867 ἔχων,
999 2781 1090 2846 ἰδίαν
1105 2781 1237 2864 πρᾶξιν.

244 2866 340 2941 Tnn',
356 2864 474 2936 vetule,
490 2867 651 2935 αιιιιόωίίο
665 2866 723 2943 πί]
745 2869 882 2932 loannes
899 2867 1140 2932 Saresberiensis
1155 2870 1224 2931 libr.
1237 2865 1302 2933 Ill:

153 2948 268 3017 Porro
284 2950 479 3041 ptrioultum
488 2951 600 3017 induit
613 2951 764 3018 alienum
774 2966 805 3020 et
820 2954 942 3019 varios
950 2950 1133 3042 affectuum
1145 2951 1302 3017 alternet

137 3106 140 3111 ,
148 3033 282 3126 facies,
305 3035 535 3103 incolumitati
545 3061 702 3104 sensuum
717 3040 865 3105 insidias
873 3051 987 3127 perot
1003 3049 1034 3104 et
1048 3037 1220 3103 Sordidus
1236 3061 1301 3103 αιι·

154 3120 271 3190 riculis
284 3123 406 3188 alienia
427 3122 560 3210 colligit
575 3147 688 3192 eccos:
709 3149 774 3190 non
795 3139 870 3214 puto
895 3127 981 3188 aliter
1001 3126 1113 3206 legisse
1128 3127 1161 3188 in
1183 3124 1300 3204 Persio,

154 3210 212 3274 sed
224 3209 263 3273 de
279 3209 427 3273 industria
439 3223 574 3274 mutasse
594 3224 625 3275 et
643 3214 679 3274 in
702 3215 795 3276 aliam
814 3213 996 3276 sententiam
1011 3212 1149 3274 torsisse:
1173 3233 1248 3274 nam
1267 3211 1311 3273 in·

102 3303 139 3359 72
154 3317 234 3360 voce
249 3295 361 3359 bottulo
374 3317 486 3374 magna
500 3301 671 3384 emphasis,
693 3309 729 3360 ut
742 3299 943 3362 ostendimus.
989 3296 1094 3361 Cicero
1115 3295 1188 3358 inE
1211 3298 1300 3361 istola

154 3380 194 3443 ad
209 3380 389 3444 Trebatium
405 3380 496 3460 ΝΠ,
520 3388 592 3457 16]:
615 3383 666 3447 mi
685 3383 806 3448 vetule.
850 3383 1006 3447 luvenalis
1022 3380 1133 3464 [XHL
1155 3320 1210 3462 335
1234 3381 1300 3459 dio,
1320 3452 1328 3463 ,Ι

155 3465 270 3530 εοιιίον
286 3463 380 3529 όαίία
394 3463 606 3551 dignissime.
631 3469 808 3549 .[Priscian.
829 3468 883 3532 ΠΙ.
897 3492 927 3555 p.
951 3474 1013 3534 613
1033 3490 1158 3534 versum
1176 3469 1219 3531 ita
1234 3470 1300 3532 lau-

156 3552 228 3617 dat:
255 3550 352 3628 Ταιι,
374 3549 502 3629 vetule,
527 3551 735 3618 articulis
754 3554 800 3618 ol.
814 3577 842 3618 o.
857 3554 993 3634 escam]
1170 3566 1173 3571 '

242 3643 294 3722 λδ.
317 3634 505 3713 Auricnlis,
530 3636 645 3724 quibus
659 3650 692 3702 et
706 3638 803 3703 dicos
820 3651 894 3704 cute
904 3638 1080 3726 perditus,
1103 3637 1192 3720 olio]
1215 3636 1303 3703 'l'arr-¹

155 3735 223 3785 tum
240 3725 378 3801 laboras,
412 3734 447 3784 ut
474 3724 596 3809 placeas
627 3725 757 3788 aliorum
779 3728 929 3792 auribus?
960 3738 992 3788 at
1018 3726 1126 3811 quibus
1152 3724 1301 3790 auribus?

154 3831 268 3895 nempe
280 3830 402 3888 eorum,
423 3808 476 3894 qui
491 3808 569 3872 adeo
581 3810 650 3874 sine
662 3810 776 3891 judicio
789 3811 915 3875 laudant
934 3834 1011 3897 quos
1029 3810 1170 3890 laudant,
1193 3822 1228 3872 ut
1247 3832 1302 3874 co-

156 3895 235 3975 garis
247 3897 299 3958 vel
311 3893 474 3983 invitus'id
492 3916 670 3975 agnoscere:
691 3898 851 3984 quisaepe
863 3900 905 3962 sis
920 3909 1061 3983 expertus
1075 3898 1144 3960 illos
1160 3907 1214 3959 tua
1227 3896 1302 3960 scri-

155 3992 207 4066 pta
226 3981 268 4042 ita
291 3981 454 4062 magnifice
479 3983 642 4059 extollere,
672 3995 706 4046 ut
722 3996 762 4047 ⁸te
781 3986 852 4047 licet
872 3984 1073 4049 vanissimum
1093 3982 1301 4068 suppuderct:

156 4063 236 4128 adeo
255 4077 290 4127 ut
304 4064 420 4130 diceres
430 4064 490 4130 illis
507 4066 587 4131 olle!
608 4068 692 4132 sotis
707 4078 774 4135 est:
795 4071 955 4135 verissime
968 4068 1119 4131 Boiithius
1129 4068 1181 4131 De
1191 4091 1302 4132 conso-

37 4156 49 4197 “-
157 4153 222 4214 late
245 4147 410 4300 preilsolso
418 4149 695 4238 praedicuntur,
717 4156 776 4234 ait,
798 4155 868 4220 suis
882 4155 952 4242 ipsi
969 4175 1101 4219 necesse
1115 4166 1165 4218 est
1187 4153 1304 4217 londi-

72 4304 80 4313 ,
157 4233 217 4300 bus
241 4258 299 4301 eru
324 4247 459 4302 escunt:
479 4239 557 4301 haec
572 4237 668 4304 Persii
687 4262 794 4319 mens,
817 4240 856 4303 de
878 4262 937 4326 qua
952 4242 1048 4303 miror
1068 4262 1109 4304 ne
1132 4241 1304 4305 suboluisse

157 4320 283 4408 quidem
299 4335 346 4386 tot
362 4324 591 4411 interpretibus,
614 4327 666 4412 qui
677 4327 710 4389 in
723 4326 915 4411 expositione
931 4328 1021 4407 hujus
1036 4349 1143 4392 versus
1157 4328 1237 4390 mire
1249 4348 1307 4389 nu-

158 4420 265 4489 gantur
278 4421 310 4473 et
322 4409 416 4474 varie.
461 4405 547 4489 Quid
560 4410 601 4475 sit
617 4411 700 4499 apud
717 4411 843 4477 latium
856 4411 966 4500 politas
982 4412 1096 4479 dicere
1112 4411 1191 4493 olre,
1213 4433 1307 4495 nemu
