2700 4972
129 362 307 409 1xv111⁵
415 304 418 309 Ι
540 291 884 449 Α’ῙΪΕῊΙΙ.
1073 308 1104 381 -Ι

131 506 190 579 His
210 510 341 599 populus
361 503 457 586 ridet,
486 507 675 592 multumque
696 518 800 572 torosa
818 486 960 591 juventus

131 620 304 705 Ingeminat
323 616 565 703 tremulos-naso
589 615 740 701 crispante
762 617 937 683 cactunnos.

218 720 375 809 Inspice:
400 720 516 785 nescio
533 718 618 807 quid
640 720 796 807 trepidat
817 722 906 791 mibi
922 736 1046 814 pectus
1070 737 1106 791 et
1127 727 1246 817 aegris

132 829 310 915 Faucibus
329 818 516 915 exsuperat
533 827 657 916 gravis
671 829 833 911 'halitum
863 830 1007 921 inspice,
1030 834 1150 900 sodes!

132 941 197 1023 Qui
219 939 291 1002 dicit
310 936 449 1016 medico,
475 940 574 1015 jussus
595 940 797 1023 requiescere,
826 954 988 1035 postquam
1099 974 1102 979 ·
1228 951 1270 1011 90

77 1117 82 1124 ,
130 1048 236 1112 Tertia
257 1044 441 1131 compositas
462 1041 539 1108 vidit
558 1067 623 1107 nox
645 1068 762 1119 currere
782 1070 893 1133 venas,

130 1156 182 1220 De
205 1158 322 1234 majore
345 1150 441 1214 domo
462 1151 585 1214 modice
608 1154 727 1217 sitiente
753 1158 861 1236 lagena

130 1265 225 1329 Lenia
246 1266 346 1326 loturo
368 1261 427 1324 sibi
449 1258 624 1323 Surrentina
644 1261 772 1340 rogavit.
794 1298 837 1308 —

129 1373 216 1435 Heus
237 1373 338 1446 bone,
358 1379 392 1429 tu
412 1368 519 1454 palles.
534 1400 578 1413 -
602 1362 709 1431 Nihil
728 1375 789 1432 est.
804 1408 843 1417 -
865 1369 980 1435 Videas
1002 1385 1104 1436 tamen
1125 1373 1217 1453 istud,

129 1476 285 1564 Quicquid
305 1473 339 1537 id
360 1488 424 1553 est,
450 1474 544 1555 surgit
563 1474 653 1537 tacite
673 1475 730 1537 tibi
750 1478 831 1539 lutea
852 1481 950 1564 pellis.
971 1518 1010 1529 —
1206 1558 1209 1563 Ι
1227 1484 1270 1550 95

128 1588 180 1655 At
202 1594 242 1650 tu
261 1581 413 1648 deterius
428 1582 563 1670 palles:
607 1603 650 1646 ne
673 1581 721 1646 sis
749 1583 838 1648 nribi
859 1594 972 1651 tutor.-

127 1688 350 1781 lampuniam
370 1690 461 1755 bunc
482 1686 613 1775 sepeli.-
656 1699 694 1753 tu
715 1698 836 1756 restas.
853 1729 894 1743 -
916 1692 1028 1778 Perge,
1048 1699 1168 1760 tacebo.
1183 1731 1227 1744 -
1318 1744 1321 1749 -

127 1800 281 1884 ‘l'nrgidus
301 1800 353 1861 hic
374 1799 472 1885 epulis
494 1809 584 1883 atque
605 1799 676 1861 albo
698 1811 803 1863 ventre
824 1782 957 1877 lavetur,
1276 1796 1280 1803 ’

129 1910 257 1976 Gutture
278 1911 427 1973 sulfureas
447 1902 529 1969 lente
551 1907 712 1970 exhalante
735 1909 903 1995 mephitesr
1263 1978 1267 1987 ¹

129 2017 194 2084 Sed
214 2030 336 2081 tremor*
349 2016 429 2078 inter
448 2015 522 2081 vina
542 2015 624 2077 subit
645 2013 837 2101 calidumque
858 2017 999 2081 trientem
1208 2026 1270 2088 100

27 2102 30 2109 Α
127 2126 250 2190 Excutit
271 2146 288 2187 e
309 2124 469 2204 manibus3
498 2121 604 2185 dentes
627 2144 771 2208 crepuere
791 2124 912 2205 retecti3

127 2234 225 2299 Uncta
246 2230 358 2296 cadunt
377 2229 458 2293 laxis
479 2239 550 2291 tunc
571 2231 773 2315 pulmentaria
794 2230 894 2294 labris.

128 2342 209 2405 Hinc
228 2342 319 2418 tuba,
342 2336 501 2418 candelae3
530 2336 715 2423 tandemque
736 2340 875 2401 beatulus
897 2340 958 2402 alto

34 2448 40 2461 ’
128 2447 327 2534 Compositus
348 2448 427 2507 tecto
449 2444 615 2529 crassisque
633 2446 743 2509 lutatus
765 2446 897 2509 amomis

127 2554 166 2619 ln
189 2566 311 2642 portam
330 2551 444 2632 rigidos
467 2553 563 2614 calces
585 2552 735 2620 extendit:
764 2565 795 2616 at
815 2554 903 2617 illum
970 2554 974 2559 ’
1172 2590 1175 2595 ·
1207 2561 1268 2622 105

127 2662 272 2727 Hesterni
294 2661 390 2747 capite
413 2657 520 2720 induto
542 2661 663 2723 subiere
685 2658 830 2740 Quirites.
1010 2650 1013 2655 ¹

172 2832 174 2837 ,
219 2764 358 2853 Tange,
381 2764 502 2838 miser,
533 2787 638 2831 venas
659 2776 694 2830 et
709 2788 799 2853 pone
824 2764 860 2832 in
879 2776 1018 2854 pectore
1037 2764 1210 2833 dextram.
1226 2805 1267 2818 -

127 2874 180 2942 Nil
201 2879 278 2939 calet
299 2876 361 2937 hic.
384 2909 424 2920 —
448 2872 673 2960 Summosqne
696 2872 802 2960 pedes
822 2876 956 2964 attinge
979 2897 1176 2963 manusque.
1192 2912 1236 2927 -

127 2982 199 3050 Non
220 2984 340 3064 frigent.
383 2982 460 3046 Visa
482 2996 527 3046 est
551 2986 630 3047 forte
652 2983 798 3069 pecunia,
826 2986 894 3052 sive
948 3048 950 3059 ,

128 3090 267 3158 Candida
285 3090 381 3156 vicini
400 3091 523 3155 subrisit
542 3093 637 3154 molle
657 3093 774 3178 puella,
1206 3100 1269 3163 110

64 3218 67 3223 ’
128 3198 191 3265 (ior
209 3201 267 3262 tibi
287 3200 344 3262 rite
364 3201 459 3267 salit?
502 3188 642 3265 Pusitum
665 3212 712 3264 est
729 3201 849 3280 algente
871 3201 970 3263 catino

127 3306 248 3369 Durum
271 3308 337 3367 olus
358 3317 390 3367 et
409 3308 518 3394 populi
539 3307 637 3373 cribro
657 3304 785 3370 decussa
805 3307 917 3368 farina:

126 3414 296 3478 Tentemus
317 3415 439 3477 fauces:
481 3424 587 3477 tenero
608 3416 682 3477 latet
701 3417 787 3477 ulcus
807 3415 914 3476 inore

126 3521 233 3600 Putre,
261 3519 344 3606 quod
366 3518 451 3583 haud
472 3518 579 3585 deceat
598 3523 720 3607 plebeia
739 3521 845 3584 radere
863 3523 943 3583 beta.

127 3628 233 3710 Alges,
264 3650 335 3690 cum
356 3629 488 3693 excussit
508 3630 655 3693 membris
677 3629 770 3691 timor
790 3631 878 3692 albus
900 3630 1020 3695 aristas:
1206 3636 1267 3699 115

127 3736 215 3800 Nunc
235 3740 303 3797 face
325 3739 481 3822 supposita
502 3736 643 3801 fervescit
664 3735 786 3816 sanguis
805 3748 837 3797 et
857 3737 902 3798 ira

128 3841 298 3906 Scintillant
317 3847 416 3910 oculi:
461 3844 594 3930 dicisque
614 3845 767 3929 facisque,
794 3842 877 3929 quod
897 3845 963 3930 ipse

127 3950 200 4014 Non
218 3951 286 4015 sani
310 3975 378 4017 esse
397 3953 547 4033 hominis,
576 3976 640 4016 non
660 3973 751 4016 sanus
772 3956 849 4033 juret
871 3951 1004 4017 Orestes.

139 4076 143 4091 Ι

134 4096 337 4109 ----ι-,-

199 4174 231 4226 V.
250 4177 309 4231 100.
335 4173 451 4228 suasu.
469 4201 502 4213 -
