2700 4972
144 392 151 401 ,
282 378 314 391 ff
378 336 438 403 lu
476 259 1040 411 rrasirsirnmrss‘
1179 342 1244 406 ess

193 511 268 572 118.
293 505 391 589 Quae
407 505 573 572 dederam
588 529 713 595 supro,
740 511 881 593 repeto]
905 508 1041 573 Dederat
1054 508 1146 590 illud,
1168 515 1240 573 esto

103 587 261 678 liberque
279 615 320 656 ac
342 594 496 681 sapiam,-
519 598 580 657 hoc
599 618 680 657 nunc
699 597 826 680 repetit:
847 598 952 658 asserit
973 598 1065 658 istum
1081 617 1181 683 neque
1201 597 1239 658 li-

101 681 215 740 berum
230 700 299 741 esse
313 702 413 766 neque
426 683 613 767 sapientem:
636 702 708 760 ergo
719 701 824 744 servus
846 693 877 743 et
895 684 1016 744 stultus:
1046 680 1132 765 quod
1149 704 1188 744 ex
1206 683 1239 746 vi
1294 678 1299 693 ‘

102 766 375 842 argumentationis
389 767 509 852 reliquit
529 766 747 846 colligendum:
781 774 899 850 repeto
923 767 1026 828 omnia
1046 768 1238 852 exemplaria,

104 871 170 910 non
182 848 409 935 relego·[quod
422 864 528 914 tamen
541 854 656 914 habent
670 856 690 916 6
705 873 753 936 ap.
768 851 855 929 Aen,
875 852 908 913 in
924 855 1034 937 quib.2
1050 850 1239 930 Pith.,vetu-

102 935 294 1017 stiss.Leid.;
307 939 345 997 ci.
356 936 431 1016 [Ἧι
446 936 639 1022 quodminus
652 938 796 999 convenit
807 937 879 999 huic
888 938 968 1000 loco.
977 937 1100 1001 Plautus
1109 937 1237 1002 diceret:
1270 998 1274 1015 ,

273 1071 276 1074 .
479 1018 613 1104 infecte
629 1017 849 1102 tlouafocim
905 1038 908 1045 ·
946 1044 951 1053 ·

102 1114 136 1165 ut
148 1104 380 1168 inlllostellaria
394 1105 431 1187 [Ι,
450 1112 479 1185 3,
496 1106 547 1172 27.
560 1142 600 1153 -
616 1112 630 1172 1
649 1108 742 1172 Ache
765 1103 927 1186 retraho]

188 1189 388 1278 fustemque
409 1189 568 1273 reduca]
590 1193 716 1255 Puerilis
738 1191 821 1278 apud
842 1188 975 1255 Graecos
996 1192 1120 1255 lusionis
1141 1214 1236 1273 genus
1288 1198 1291 1203 ’

101 1296 160 1359 per
189 1278 399 1343 attractionem
420 1280 625 1341 funiculorum
638 1289 678 1341 ‘et
698 1279 906 1340 intentionem.
950 1278 1123 1340 Aristoteles
1146 1291 1236 1342 vocat

100 1355 265 1425 ἀνάτασιν
289 1362 473 1443 annosiora:
500 1364 623 1449 proprio
634 1364 761 1427 nomine
775 1359 969 1427 ἓλκισιύνδοι
984 1362 1065 1448 apud
1077 1362 1235 1426 Pollucem

100 1443 159 1525 [X‚
184 1445 211 1528 ᾗ.
235 1448 324 1529 llil:
355 1470 393 1511 eo
413 1448 519 1511 alludit
542 1449 679 1523 Persius,
710 1461 740 1512 et
758 1451 934 1510 nonsemel
953 1449 986 1510 in
1008 1450 1234 1512 aliasententia
1339 1456 1342 1463 ’

99 1528 320 1611 Tertullianus,
335 1532 415 1619 apud
430 1556 522 1619 quem
536 1532 757 1612 contentionis
770 1530 893 1615 funem
909 1531 1033 1597 ducere
1048 1545 1079 1596 et
1092 1543 1232 1597 conten-

99 1612 190 1677 tioso
199 1613 291 1702 June
311 1615 480 1682 deducere
496 1621 616 1722 saepius
627 1622 720 1700 legas.
744 1618 787 1700 [L
804 1642 837 1704 p.
854 1625 922 1685 190.
935 1618 990 1696 ΙΠ,
1006 1624 1078 1686 276.
1090 1617 1147 1697 IV,
1160 1626 1232 1685 370.

100 1699 149 1764 ed.
162 1701 263 1765 Seml.
286 1700 355 1784 PL]
377 1705 465 1791 Apud
486 1706 531 1768 M.
554 1706 683 1769 [ullium
700 1707 734 1766 in
753 1706 917 1766 Hortensio
939 1704 1032 1784 [lrag.
1046 1706 1098 1769 18.
1122 1704 1230 1786 Orell]

97 1784 276 1850 calculum
289 1787 453 1852 reducere
467 1795 505 1854 ab
521 1791 581 1852 alio
594 1811 704 1871 genere
720 1793 804 1854 lusus
825 1789 911 1851 idem
932 1810 1055 1875 prorsus
1068 1790 1230 1868 siguificat:

95 1869 222 1958 Itaque
247 1871 312 1937 tibi
338 1872 507 1952 concedo,
529 1877 591 1959 ait,
608 1873 701 1961 qnod
718 1873 755 1937 in
774 1872 956 1937 duodecim
976 1872 1115 1957 scriptia
1137 1875 1229 1938 sole.
1276 1868 1280 1875 '

95 1978 193 2030 mus,
225 1956 264 2022 ufft
281 1960 463 2038 ,calculum
491 1958 655 2041 reducas,
683 1959 715 2022 ai
736 1969 769 2023 te
792 1958 944 2046 alicujus
967 1957 1041 2021 dan
1058 1960 1229 2044 poetricae.

92 2043 227 2125 [Eadem
240 2045 406 2108 similitudo
420 2049 564 2132 repetitur
579 2048 671 2110 etiam
685 2046 725 2110 de
740 2047 874 2124 choreis,
896 2048 927 2107 in
942 2047 1051 2130 quibus
1062 2050 1230 2129 praesultor

90 2132 201 2193 funem
216 2129 361 2211 ducebat,
381 2144 434 2193 aut
445 2133 483 2194 de
495 2152 530 2194 ea
542 2134 671 2209 lusione,
688 2154 745 2219 qua
759 2145 910 2232 sparteam
923 2132 1028 2193 restim
1044 2129 1230 2195 ductitabant

84 2214 195 2301 'pue1i3
216 2236 248 2280 v.
265 2214 322 2279 Pl.
340 2219 410 2302 qui:
434 2219 510 2296 „hic
528 2219 627 2298 magis
645 2219 679 2279 in
699 2238 888 2302 propinquo,
914 2217 1026 2301 inquit,
1048 2218 1228 2301 metaphora

90 2312 185 2364 tracta
199 2322 217 2363 a
229 2305 388 2381 jumentis,
411 2325 488 2387 quae
503 2306 575 2365 fune
592 2315 623 2366 et
635 2306 722 2365 freno
740 2305 841 2365 laxato
852 2303 975 2365 liberius
991 2314 1155 2381 vagantur,
1178 2324 1228 2364 re-

90 2385 184 2449 ducto
197 2407 285 2450 serva
296 2410 330 2451 se
345 2410 413 2451 esse
426 2390 600 2467 sentiunt,“
623 2400 656 2450 ut
673 2409 723 2473 ap.
739 2388 814 2453 Hor.
833 2387 1022 2452 Vetustiores
1039 2397 1070 2448 et
1087 2385 1228 2451 Douner.

90 2470 132 2535 de
143 2473 275 2536 habenis
291 2475 441 2537 servitutis
455 2473 612 2553 remissis]

181 2554 343 2628 tta-Nic
357 2556 422 2621 tibi
440 2557 737 2622 concesseratis·
759 2554 913 2646 digitum
934 2577 1057 2620 exere.-
1071 2556 1227 2640 pecoris]

89 2640 246 2728 Prolepsis
262 2655 323 2708 est:
346 2656 466 2731 poterat
479 2646 536 2707 iste
552 2644 669 2709 dicere:
691 2667 756 2707 non
772 2667 842 2708 sum
861 2647 995 2731 perfecte
1015 2645 1153 2728 sapiens,
1175 2665 1226 2705 sa-

90 2729 181 2814 piens
192 2740 311 2798 turnen:
332 2731 460 2816 opponit
479 2729 633 2793 decretum
647 2729 770 2793 Stoicae
788 2732 930 2806 scholae,
953 2750 1031 2812 quae
1045 2729 1276 2814 pronuntiatem

93 2834 221 2889 omnes,
243 2816 294 2899 qui
307 2836 372 2878 non
388 2827 459 2878 sunt
471 2817 639 2901 sapientes,
650 2820 729 2879 'esse
748 2818 873 2894 attritos,
895 2815 971 2877 nihil
987 2825 1056 2876 esse
1070 2811 1226 2878 mediurnr

92 2910 219 2985 peccata
239 2900 322 2963 enim
342 2923 405 2963 non
426 2900 585 2981 dntingm,
607 2899 663 2964 sed
683 2921 751 2965 esse
770 2901 921 2985 aequalia:
943 2901 1054 2961 homin
1069 2900 1227 2985 probatio-
1331 2970 1336 2987 x

92 3006 168 3047 nem
187 2984 269 3070 apud
291 2985 413 3049 Stoicos
437 2986 588 3049 Senecam
607 2999 637 3049 et
656 2985 828 3072 Epictetum
848 2988 949 3065 legere
970 2996 1061 3049 estet
1077 2982 1159 3069 apud
1180 2983 1224 3048 Μ.

92 3068 232 3146 Tullium
254 3091 290 3133 ac
312 3070 499 3152 Stobaeum3
521 3066 672 3156 digitum
693 3091 835 3133 exerere
854 3072 1082 3161 inexemplum
1104 3069 1227 3153 ponitur
1252 3114 1255 3119 -

90 3156 241 3219 minimae
256 3157 382 3220 actionis
397 3159 472 3220 etin
489 3178 582 3242 quam
595 3180 659 3220 non
671 3157 809 3221 videatur
820 3157 895 3220 boni
916 3167 968 3218 aut
987 3156 1061 3217 mali
1074 3155 1150 3216 ratio
1174 3175 1225 3215 ca-
1268 3226 1271 3231 ¹

90 3239 183 3312 dere:
207 3239 287 3303 cadit
299 3254 402 3305 tamen
416 3265 457 3305 ex
471 3242 606 3306 doctrina
621 3242 804 3307 Stoicorum.
850 3241 992 3319 Clemens
1006 3239 1225 3304 Alexandrinus

85 3325 265 3408 Paedagogi
276 3328 330 3390 lib.
344 3326 386 3394 Π.
405 3350 470 3415 cap.
483 3328 534 3395 X.
550 3330 591 3414 [p.
608 3329 681 3406 224,
706 3335 744 3393 10
757 3327 868 3406 totta:
892 3320 972 3392 aridi
987 3319 1048 3388 τὸν
1060 3320 1225 3389 δάκτυλον

89 3406 138 3488 ὥς
153 3408 246 3495 ἔτυχε
262 3410 414 3478 σαλεύειν
428 3417 474 3499 τῷ
486 3417 582 3498 σοφῷ
598 3407 616 3479 ὁ
632 3409 732 3495 λόγος
745 3409 923 3493 ἐπιτρέπει,
937 3405 984 3490 ἀς
999 3405 1224 3493 ὁμολογοῦσιν

87 3497 122 3561 οἱ
138 3496 304 3562 Zamensi:
326 3520 365 3560 ex
379 3499 551 3585 Chrysippo
565 3511 616 3562 ant
637 3500 696 3561 alio
717 3498 852 3584 quodam
865 3498 971 3561 Stoico
995 3496 1136 3559 describit
1153 3495 1224 3559 Cle-

85 3604 186 3662 mens,
200 3583 339 3647 indidem
350 3597 382 3647 st
394 3585 526 3663 Persius,
542 3585 669 3670 quinon
683 3587 784 3647 solum
800 3584 968 3646 doctrinam
976 3581 1158 3667 Stoicorum,
1166 3581 1223 3643 sed

86 3673 220 3734 etverba
235 3670 303 3755 ipsa
319 3670 400 3735 itlius
410 3672 535 3739 scholae
550 3671 729 3756 saepissime
739 3670 896 3755 expressit.
916 3668 1072 3754 Epictetus
1083 3666 1223 3729 Enchiri-

86 3753 138 3816 dio
148 3755 224 3834 [imo
234 3753 404 3835 eStobaeo',
417 3756 571 3843 quihabet
585 3759 645 3818 hoc
654 3757 755 3818 titulo:
773 3758 903 3818 Εκικιι.
922 3744 958 3818 ἓν
970 3747 1004 3816 Ἀ
1012 3774 1035 3817 ιι
1045 3774 1178 3835 ομνημ
1188 3773 1222 3815 ο-

86 3835 287 3922 νεάμοισι,
303 3838 342 3903 de
358 3840 468 3927 quibus
481 3864 525 3923 ¹v.
549 3841 725 3920 Schweigh.
752 3839 792 3902 ad
806 3840 914 3921 Fragg.
930 3839 1026 3927 Epict
1048 3860 1093 3900 nr.
1116 3841 1166 3904 53.
1189 3859 1220 3923 p,

89 3927 172 4005 193.]
196 3921 217 4008 ἡ
232 3924 417 4008 φιλοσοφία
433 3922 552 4010 φησὶν,
575 3921 626 3990 ὅτι
638 3921 716 3990 οὐδὲ
730 3921 788 3989 τόν
804 3923 967 3990 δάκτυλον
983 3921 1136 3988 ἐκτείνειν
1149 3920 1222 4006 εἰκῇ

87 4007 271 4094 nocerium:
293 4010 374 4097 apud
396 4013 555 4077 Arrianurn
576 4014 629 4075 lib.
651 4011 691 4076 ll.
714 4032 779 4096 cap.
794 4010 845 4073 XI
865 4009 891 4094 §.
905 4013 971 4089 til:
994 3996 1051 4074 ὃιά
1065 4005 1097 4071 d
1113 4002 1188 4086 οάζ
1209 4044 1223 4058 ·

88 4099 212 4179 τοῦμεν
234 4091 294 4160 cciv
321 4092 450 4162 κανόνα
474 4095 530 4161 καὶ
549 4093 788 4179 ἀνευρίσκομεν
811 4094 867 4160 καὶ
887 4090 1081 4176 ἀνευρόντες
1099 4092 1223 4158 λοιιιόν

90 4175 311 4265 ἀνιαραβάιως
322 4176 492 4265 χρώμεθα,
509 4183 582 4268 δίχα
599 4179 705 4246 ademi
719 4178 800 4264 μηδὲ
816 4176 876 4246 τὸν
884 4177 1048 4247 δάκτυλον
1061 4175 1223 4243 decalvav-
1317 4210 1322 4219 ·

88 4290 159 4345 τες;
180 4270 268 4332 Zeno
285 4269 410 4352 quidem
426 4269 509 4354 apud
522 4269 678 4331 Laiirtium
693 4267 776 4347 [Vll
794 4274 821 4346 1,
837 4272 888 4343 60,
901 4290 927 4332 s.
947 4269 1035 4347 104]‚
1058 4276 1089 4327 et
1101 4263 1223 4327 Stoicus
1265 4288 1268 4293 ·

88 4356 166 4418 item
177 4355 254 4418 alius
273 4352 355 4439 apud
367 4353 535 4417 Stobaeum
548 4355 580 4417 in
595 4353 733 4436 Physicis
752 4355 901 4460 excerptis
918 4352 970 4432 [Π,
985 4375 1010 4414 c.
1022 4350 1055 4430 7]
1073 4349 1160 4435 ponit
1172 4349 1225 4413 iud
1248 4356 1260 4389 ·“

90 4452 135 4506 ter
146 4438 351 4505 indifferentia
365 4433 404 4505 τὰ
417 4436 557 4507 ἐκτεῖναι
569 4435 630 4506 τὸν
646 4436 811 4506 δάκτυλον
826 4439 1047 4525 necesstiate
1069 4446 1102 4498 et
1122 4432 1222 4517 Chry-
