2700 4972
227 376 246 460 ss
313 354 373 422 16
407 356 577 426 11111611
610 354 830 426 surtran
863 357 905 425 v.
1031 320 1178 452 ·J'ssr
1293 316 1306 409 Ϊ

66 522 336 616 rchus’Epermpi
352 519 563 616 [6756111
586 525 700 611 ἔραται
716 524 823 595 adseri
837 524 880 615 νὴ
896 527 965 594 Ata
981 527 1041 596 stul
1053 526 1177 598 seierus·

65 603 175 692 ἷςοῦν
195 610 213 679 ὁ
236 610 379 680 amititur
398 610 467 680 ἐστὶ
487 610 650 703 κωμάζειν
670 608 869 695 1111611611,
899 613 1051 702 6111116111
1071 639 1176 701 παρα·
1225 626 1228 631 “

65 700 285 780 [6661666665
305 702 360 787 qui
370 701 458 764 ibant
474 713 695 781 comessurum,
717 700 830 764 funhlia
851 722 887 764 ac
906 705 989 766 faces
1008 708 1175 785 gestabant,

65 786 91 849 ,d
105 808 182 871 quas
196 788 427 867 extinguebant,
453 808 523 850 cum
536 787 575 849 ad
589 791 672 850 fores
691 799 755 850 erat
770 799 914 850 rentum:
935 788 1051 891 passim
1061 790 1175 877 poetae

86 874 138 934 alii
151 869 261 934 Graeci
280 894 316 935 ac
330 873 431 935 Latini
449 875 618 960 scriptores.
661 871 847 958 Exemplum
867 878 1051 937 canticorum
1072 877 1175 940 istius-

67 957 132 1037 odi,
154 979 232 1043 quae
245 970 315 1021 ante
326 960 410 1022 fores
425 960 601 1038 cantabant,
619 960 717 1023 habes
729 959 981 1023 venustissimum
990 958 1070 1048 apud
1083 963 1174 1028 Plau·
1308 1031 1310 1037 ,

65 1066 100 1107 16
119 1045 152 1105 in
172 1041 354 1107 Curculione
367 1057 503 1107 extrema
524 1066 632 1126 scena,
654 1048 738 1124 cujus
756 1036 878 1107 iuditium
915 1074 918 1079 ·

119 1127 207 1193 Flos
220 1128 347 1194 veteris
363 1127 446 1194 vini.
470 1129 505 1209 [1,
520 1133 564 1210 1.]

65 1236 113 1278 616
137 1214 218 1302 apud
238 1215 402 1278 Horatium
420 1217 453 1278 in
475 1215 548 1279 Oda
572 1214 616 1279 X.
639 1212 904 1281 hartmotum.
925 1215 990 1295 [ubi
1010 1212 1047 1297 r!
1062 1214 1173 1300 Jani.];

74 1300 180 1364 'Persa
198 1301 298 1364 Plauti
318 1300 385 1383 [lV‚
400 1301 430 1381 4,
445 1302 501 1383 20]
520 1308 698 1364 occenture
719 1298 847 1371 uatium
868 1304 930 1364 hoc
951 1301 1068 1366 dicitur.
1111 1303 1173 1369 Cur
1298 1370 1301 1375 ,

65 1396 136 1449 11616
148 1385 270 1450 Persius
290 1384 379 1449 udas
399 1389 530 1474 appellet
547 1376 647 1463 fores,
670 1384 781 1450 docent
802 1384 911 1450 Graeci
931 1386 1043 1475 po'e'tae
1064 1409 1099 1452 ec
1111 1391 1172 1453 La-

65 1473 96 1551 ri,
118 1473 171 1559 qui
184 1472 385 1558 multiplicem
401 1476 548 1552 juvenum
560 1473 712 1537 insaniam
725 1473 758 1534 in
774 1471 986 1536 suffundendis
998 1474 1172 1538 illis'modo

65 1580 116 1637 no,
137 1556 235 1621 modo
248 1558 374 1645 equa'in
390 1557 577 1639 cardinibus,
598 1558 696 1623 modo
716 1558 881 1641 lachrymis
898 1558 1013 1644 passim
1034 1582 1173 1625 comme-

65 1654 169 1707 orant:
191 1666 249 1706 nec
261 1646 343 1708 male
358 1648 473 1709 referas
488 1644 527 1707 ad
545 1646 683 1709 lenarum
701 1664 816 1706 anuum
826 1645 1025 1729 potationes,
1047 1645 1088 1709 de
1101 1649 1172 1734 qui-

65 1750 88 1793 ts
108 1732 178 1792 fuse
193 1728 316 1897 Plautup
341 1752 378 1794 ea
398 1742 491 1817 quem
514 1729 646 1793 diximus
666 1748 772 1794 scena:
786 1729 885 1811 ·[Loci
902 1751 951 1817 ap.
965 1730 1011 1795 Pl
1026 1766 1070 1781 -
1084 1731 1222 1799 0611456

65 1836 126 1879 na:
156 1822 290 1881 unctae·
493 1838 495 1843 ·
802 1820 805 1825 '

118 1910 190 1984 tot.
218 1914 339 2007 Euge,
366 1938 473 2005 puer,
491 1912 642 2004 'supinae
667 1910 736 1980 diis
763 1907 1018 2007 depellentibus
1038 1941 1195 2006 agnam-

65 2004 205 2083 6161116]
227 2002 311 2067 Davi
331 2016 403 2068 sunt
417 2006 528 2081 verba,
553 2002 798 2068 Chaerestratum'
811 2003 845 2066 in
857 2002 916 2066 h'ac
933 2002 1098 2069 adversum
1111 2030 1170 2073 ro-

65 2100 178 2177 ptatem
198 2110 301 2177 pugna
324 2090 544 2153 confirmantis:
573 2088 783 2169 adhuclenim
802 2098 888 2175 putat
913 2090 993 2152 serio
1012 2093 1180 2183 poenitere⁸

65 2196 132 2239 um:
162 2176 262 2261 itaque
288 2188 354 2239 orat
385 2198 473 2254 eum,
503 2186 537 2236 nt
562 2175 615 2260 qui
644 2197 684 2238 ex
710 2175 830 2256 ingenti
854 2173 989 2261 periculo
1013 2178 1170 2260 evasisset,

64 2282 140 2324 nem
155 2260 213 2324 diis
232 2262 405 2325 averruncis
427 2260 479 2340 [de
500 2260 582 2346 quib.
605 2262 642 2323 cf.
658 2258 716 2341 ΡΙ.]
737 2270 900 2339 mactaret,
921 2271 955 2322 nt
974 2263 1048 2324 facit
1067 2264 1170 2328 Hora·
1298 2293 1303 2305 =

65 2368 86 2410 ts
107 2368 148 2410 ex
171 2340 236 2409 alio'
255 2360 366 2428 genere
388 2348 514 2433 periculi
533 2354 688 2424 servatus,
713 2344 786 2409 Oda
807 2342 906 2409 XVII
925 2346 994 2408 libri
1008 2344 1058 2429 11,
1086 2354 1169 2416 mele

65 2444 132 2499 tem
145 2433 182 2494 in·
194 2432 270 2497 duas
281 2435 447 2497 sententias
460 2433 537 2495 haec
554 2430 775 2495 distrahuntur:
797 2450 926 2493 nemea
951 2430 1015 2510 ios,
1037 2446 1072 2498 ut
1086 2435 1169 2522 apud

65 2512 190 2665 uratiupp
204 2516 287 2685 ⁸[Ot]l.
301 2517 326 2601 l,
341 2524 390 2595 11,
402 2521 452 2601 61,
473 2536 529 2605 pro
546 2518 573 2581 si
590 2516 703 2605 sapies.
746 2514 880 2581 Ouidius
902 2451 1168 2604 [1116661626

65 2626 132 2668 11.
185 2624 260 2667 ems.
280 2626 289 2667 1

105 2738 109 2746 .
135 2685 239 2771 Quod
257 2684 321 2752 tibi
340 2684 539 2769 miscuerit,
560 2682 698 2773 copiae,
721 2682 817 2750 hibat
836 2682 911 2775 ipse
925 2683 1059 2775 jubeto.
1146 2764 1150 2771 Ι

113 2813 186 2875 168.
198 2804 269 2874 Sed
281 2802 414 2872 oenaen'
426 2803 592 2893 plorabit,
605 2803 723 2884 Dave,
745 2802 906 2886 reticeat]
929 2806 1168 2877 1166606666-

65 2906 136 2959 atus
150 2904 215 2958 non
233 2914 363 2975 manens
378 2889 416 2959 iv
429 2892 550 2972 6111611,
580 2892 636 2956 sed
661 2892 758 2979 priori
778 2892 900 2955 affectui
920 2893 1031 2957 iterum
1052 2916 1169 2961 conce·
1262 2938 1271 2949 ι

65 3003 120 3062 ne3
148 2992 161 3043 t
217 2981 229 3042 i
257 2992 360 3044 eutem
390 2980 435 3043 rei
459 2982 590 3043 honesta
617 2999 725 3043 caussa
752 2977 952 3064 praetexitur:
986 2981 1068 3065 quod
1091 2975 1169 3047 nolit

65 3002 302 3215 nyslildiffldolpris
315 3086 455 3130 canuam
466 3067 630 3152 praeberet
651 3065 684 3129 in
706 3085 768 3150 quo
786 3066 864 3128 false
882 3063 1034 3151 quaedam
1049 3069 1168 3154 species

65 3165 97 3219 et
144 3164 329 3217 6166611661.
987 3194 990 3199 -

112 3277 186 3339 169.
208 3265 396 3359 Megaris]
416 3268 521 3353 Nugas
536 3269 617 3352 egis,
640 3292 711 3334 eum
732 3267 808 3335 dicis
830 3280 862 3334 te
878 3272 961 3335 16116
974 3270 1090 3355 priores
1107 3270 1168 3336 do-

65 3380 105 3423 es
116 3357 221 3422 liniret
242 3378 316 3419 nam
334 3377 406 3419 ecce
425 3354 466 3418 ad
485 3357 643 3437 ingenium
661 3355 762 3437 redis3
782 3359 835 3420 vel
854 3355 913 3420 sic':
933 3354 1056 3441 lepidus
1067 3378 1167 3440 nuga-

65 3467 72 3508 .·
85 3465 129 3524 es,
153 3456 224 3505 cum'
236 3443 284 3508 ris
297 3439 397 3507 videri
413 3441 621 3506 misericordis
642 3440 714 3505 duci
736 3454 860 3530 propter
874 3441 1031 3525 Chrysidis
1045 3446 1167 3527 lachry-

65 3529 410 3680 htflmtanthpofihhde
431 3529 594 3677 miserartpu:
616 3528 684 3615 ipse
702 3530 787 3592 enim
804 3550 851 3610 es,
872 3529 927 3613 qni
942 3529 981 3591 ab
996 3529 1096 3593 amica
1107 3552 1167 3611 ra-

116 3636 160 3678 rs:
280 3635 334 3676 mo
391 3633 425 3675 es
438 3633 534 3676 anrmr
591 3658 601 3678 .
920 3634 922 3639 ·

107 3696 237 3776 86166,
250 3718 357 3788 puer,
379 3694 610 3786 objurgahere
623 3696 755 3782 rubba]
781 3680 982 3763 Terentianus
994 3696 1165 3764 Permane:

400 3791 433 3846 te
448 3786 543 3851 ultro
558 3784 740 3852 6661166616
754 3792 791 3849 et
805 3780 841 3849 ei
853 3779 956 3861 dahis

104 3866 216 3935 'Ultro
234 3865 452 3955 supplicium.

65 3956 111 4023 im
121 3976 198 4024 tero
212 3955 386 4020 meretrices
401 3957 509 4021 solitae
521 3957 565 4022 sic
577 3957 661 4021 abuti
675 3957 835 4033 stultorum
848 3956 996 4036 juvenum
1032 3955 1164 4036 atientia,

74 4055 203 4131 propter
222 4044 307 4107 leves
334 4042 470 4106 offensas
489 4065 552 4105 nen
575 4045 677 4106 solum
704 4042 840 4129 colaphis
869 4061 924 4104 eos
950 3975 1111 4104 caederent
1134 4053 1165 4105 et

65 4140 222 4218 spuerent,
244 4127 328 4214 quod
343 4128 385 4189 ait
399 4126 636 4210 chrysostomus
651 4126 771 4192 LXIV.
792 4129 825 4190 in
839 4126 1032 4190 Matthaeum
1044 4127 1216 4207 Humi-455

68 4264 77 4296 ,
106 4213 164 4280 sed
184 4214 277 4278 etiem
295 4212 434 4277 sandalio
453 4215 514 4277 illis
540 4226 631 4301 caput
651 4214 910 4294 commitigarent,
940 4223 974 4274 ut
995 4212 1047 4275 ille
1067 4213 1110 4275 eit
1129 4212 1162 4275 in

65 4302 207 4366 uentiana
220 4298 373 4362 Eunucho
392 4298 445 4378 117,
462 4304 491 4381 8,
506 4302 555 4381 41:
577 4302 754 4387 exemplum
769 4310 816 4363 est
830 4302 869 4362 ab
882 4297 1048 4384 Omphala,
1070 4318 1164 4383 quam

65 4409 99 4451 ae
112 4385 226 4451 deinde
238 4396 310 4450 sunt
323 4382 475 4465 imitatae,
494 4398 529 4448 ut
552 4409 592 4451 ex
610 4389 672 4450 hoc
685 4388 756 4450 loco
775 4398 866 4471 atque
887 4383 954 4447 aliis
966 4384 1163 4471 scriptoribus

65 4484 124 4541 ret:
152 4484 242 4541 retm
261 4471 469 4560 epigrammcr
