<?xml version="1.0" encoding="UTF-8"?>
<!DOCTYPE html PUBLIC "-//W3C//DTD XHTML 1.0 Transitional//EN"
    "http://www.w3.org/TR/xhtml1/DTD/xhtml1-transitional.dtd">
<html xmlns="http://www.w3.org/1999/xhtml" xml:lang="en" lang="en">
 <head>
  <title>
</title>
<meta http-equiv="Content-Type" content="text/html;charset=utf-8" />
  <meta name='ocr-system' content='tesseract 3.04.00' />
  <meta name='ocr-capabilities' content='ocr_page ocr_carea ocr_par ocr_line ocrx_word'/>
</head>
<body>
  <div class='ocr_page' id='page_1' title='image "./satirarumliber00persgoog_0290.png"; bbox 0 0 2700 4972; ppageno 0'>
   <div class='ocr_carea' id='block_1_1' title="bbox 370 308 1284 447">
    <p class='ocr_par' dir='ltr' id='par_1_1' title="bbox 370 308 1284 447">
     <span class='ocr_line' id='line_1_1' title="bbox 370 308 1284 447; baseline 0.016 -33"><span class='ocrx_word' id='word_1_1' title='bbox 370 308 431 415; x_wconf 84' lang='lat' dir='ltr'><strong>ro</strong></span> <span class='ocrx_word' id='word_1_2' title='bbox 459 348 632 418; x_wconf 84' lang='lat' dir='ltr'><strong>raasu</strong></span> <span class='ocrx_word' id='word_1_3' title='bbox 661 348 885 420; x_wconf 79' lang='lat' dir='ltr'><strong>striata</strong></span> <span class='ocrx_word' id='word_1_4' title='bbox 912 318 999 424; x_wconf 61' lang='lat'><strong>111.</strong></span> <span class='ocrx_word' id='word_1_5' title='bbox 1192 366 1253 428; x_wconf 80' lang='lat' dir='ltr'><strong>rer</strong></span> <span class='ocrx_word' id='word_1_6' title='bbox 1281 440 1284 447; x_wconf 83' lang='lat'><strong>.</strong></span> 
     </span>
    </p>
   </div>
   <div class='ocr_carea' id='block_1_2' title="bbox 78 506 1345 4615">
    <p class='ocr_par' dir='ltr' id='par_1_2' title="bbox 78 506 1345 4615">
     <span class='ocr_line' id='line_1_2' title="bbox 112 506 1345 610; baseline 0.009 -28"><span class='ocrx_word' id='word_1_7' title='bbox 112 520 220 606; x_wconf 88' lang='lat' dir='ltr'><strong>plinae</strong></span> <span class='ocrx_word' id='word_1_8' title='bbox 236 520 318 586; x_wconf 86' lang='lat' dir='ltr'><strong>illius</strong></span> <span class='ocrx_word' id='word_1_9' title='bbox 344 523 522 585; x_wconf 73' lang='lat' dir='ltr'><strong>excellentia</strong></span> <span class='ocrx_word' id='word_1_10' title='bbox 547 534 636 608; x_wconf 89' lang='lat' dir='ltr'><strong>atque</strong></span> <span class='ocrx_word' id='word_1_11' title='bbox 663 523 790 604; x_wconf 90' lang='lat' dir='ltr'><strong>utilitas,</strong></span> <span class='ocrx_word' id='word_1_12' title='bbox 819 526 871 588; x_wconf 89' lang='lat' dir='ltr'><strong>vel</strong></span> <span class='ocrx_word' id='word_1_13' title='bbox 895 526 996 610; x_wconf 89' lang='lat' dir='ltr'><strong>potius</strong></span> <span class='ocrx_word' id='word_1_14' title='bbox 1023 529 1187 592; x_wconf 75' lang='lat' dir='ltr'><strong>necessitas</strong></span> <span class='ocrx_word' id='word_1_15' title='bbox 1215 525 1255 591; x_wconf 89' lang='lat' dir='ltr'><strong>ad</strong></span> <span class='ocrx_word' id='word_1_16' title='bbox 1342 506 1345 518; x_wconf 33' lang='grc' dir='ltr'>Ι</span> 
     </span>
     <span class='ocr_line' id='line_1_3' title="bbox 112 607 1255 700; baseline 0.005 -29"><span class='ocrx_word' id='word_1_17' title='bbox 112 607 213 671; x_wconf 87' lang='lat' dir='ltr'><strong>vitam</strong></span> <span class='ocrx_word' id='word_1_18' title='bbox 231 609 312 669; x_wconf 91' lang='lat' dir='ltr'><strong>hene</strong></span> <span class='ocrx_word' id='word_1_19' title='bbox 337 607 555 671; x_wconf 81' lang='lat' dir='ltr'><strong>instituendam</strong></span> <span class='ocrx_word' id='word_1_20' title='bbox 577 630 613 671; x_wconf 91' lang='lat' dir='ltr'><strong>ac</strong></span> <span class='ocrx_word' id='word_1_21' title='bbox 634 611 722 672; x_wconf 90' lang='lat' dir='ltr'><strong>beate</strong></span> <span class='ocrx_word' id='word_1_22' title='bbox 742 610 959 696; x_wconf 80' lang='lat' dir='ltr'><strong>tranquilleque</strong></span> <span class='ocrx_word' id='word_1_23' title='bbox 980 612 1132 692; x_wconf 84' lang='lat' dir='ltr'><strong>agendam</strong></span> <span class='ocrx_word' id='word_1_24' title='bbox 1150 626 1255 700; x_wconf 74' lang='lat' dir='ltr'><strong>posset</strong></span> 
     </span>
     <span class='ocr_line' id='line_1_4' title="bbox 111 692 1255 784; baseline 0.007 -31"><span class='ocrx_word' id='word_1_25' title='bbox 111 692 253 771; x_wconf 84' lang='lat' dir='ltr'><strong>intelligi.</strong></span> <span class='ocrx_word' id='word_1_26' title='bbox 295 692 454 756; x_wconf 89' lang='lat' dir='ltr'><strong>Postremo</strong></span> <span class='ocrx_word' id='word_1_27' title='bbox 476 693 654 773; x_wconf 76' lang='lat' dir='ltr'><strong>[tt-871,</strong></span> <span class='ocrx_word' id='word_1_28' title='bbox 682 695 751 780; x_wconf 93' lang='lat' dir='ltr'><strong>quia</strong></span> <span class='ocrx_word' id='word_1_29' title='bbox 768 696 890 782; x_wconf 87' lang='lat' dir='ltr'><strong>plurimi</strong></span> <span class='ocrx_word' id='word_1_30' title='bbox 907 719 1031 784; x_wconf 89' lang='lat' dir='ltr'><strong>semper</strong></span> <span class='ocrx_word' id='word_1_31' title='bbox 1048 697 1169 762; x_wconf 89' lang='lat' dir='ltr'><strong>Romae</strong></span> <span class='ocrx_word' id='word_1_32' title='bbox 1186 703 1255 761; x_wconf 86' lang='lat' dir='ltr'><strong>sue-</strong></span> 
     </span>
     <span class='ocr_line' id='line_1_5' title="bbox 111 778 1254 865; baseline 0.006 -25"><span class='ocrx_word' id='word_1_33' title='bbox 111 789 201 854; x_wconf 88' lang='lat' dir='ltr'><strong>runt,</strong></span> <span class='ocrx_word' id='word_1_34' title='bbox 226 778 279 862; x_wconf 93' lang='lat' dir='ltr'><strong>qui</strong></span> <span class='ocrx_word' id='word_1_35' title='bbox 293 779 523 864; x_wconf 86' lang='lat' dir='ltr'><strong>philosophiam</strong></span> <span class='ocrx_word' id='word_1_36' title='bbox 542 792 772 865; x_wconf 81' lang='lat' dir='ltr'><strong>aspernarentur</strong></span> <span class='ocrx_word' id='word_1_37' title='bbox 791 791 822 842; x_wconf 86' lang='lat' dir='ltr'><strong>et</strong></span> <span class='ocrx_word' id='word_1_38' title='bbox 833 778 999 846; x_wconf 90' lang='lat' dir='ltr'><strong>Graeculos</strong></span> <span class='ocrx_word' id='word_1_39' title='bbox 1017 796 1162 847; x_wconf 89' lang='lat' dir='ltr'><strong>vocarent</strong></span> <span class='ocrx_word' id='word_1_40' title='bbox 1174 785 1254 847; x_wconf 93' lang='lat' dir='ltr'><strong>illius</strong></span> 
     </span>
     <span class='ocr_line' id='line_1_6' title="bbox 110 861 1345 954; baseline 0.006 -28"><span class='ocrx_word' id='word_1_41' title='bbox 110 861 285 942; x_wconf 85' lang='lat' dir='ltr'><strong>studiosos,</strong></span> <span class='ocrx_word' id='word_1_42' title='bbox 306 865 463 927; x_wconf 83' lang='lat' dir='ltr'><strong>stultitiam</strong></span> <span class='ocrx_word' id='word_1_43' title='bbox 478 866 607 928; x_wconf 85' lang='lat' dir='ltr'><strong>istorum</strong></span> <span class='ocrx_word' id='word_1_44' title='bbox 629 867 760 946; x_wconf 84' lang='lat' dir='ltr'><strong>exagitat</strong></span> <span class='ocrx_word' id='word_1_45' title='bbox 776 868 826 928; x_wconf 90' lang='lat' dir='ltr'><strong>hic</strong></span> <span class='ocrx_word' id='word_1_46' title='bbox 848 866 971 947; x_wconf 90' lang='lat' dir='ltr'><strong>doctor,</strong></span> <span class='ocrx_word' id='word_1_47' title='bbox 994 869 1254 954; x_wconf 74' lang='lat' dir='ltr'><strong>ostenditquel88</strong></span> <span class='ocrx_word' id='word_1_48' title='bbox 1342 922 1345 933; x_wconf 75' lang='grc'>,</span> 
     </span>
     <span class='ocr_line' id='line_1_7' title="bbox 111 946 1254 1041; baseline 0.004 -31"><span class='ocrx_word' id='word_1_49' title='bbox 111 946 153 1010; x_wconf 89' lang='lat' dir='ltr'><strong>ad</strong></span> <span class='ocrx_word' id='word_1_50' title='bbox 170 949 240 1027; x_wconf 84' lang='lat' dir='ltr'><strong>fin]</strong></span> <span class='ocrx_word' id='word_1_51' title='bbox 254 951 431 1035; x_wconf 85' lang='lat' dir='ltr'><strong>nonmagis</strong></span> <span class='ocrx_word' id='word_1_52' title='bbox 444 972 552 1013; x_wconf 91' lang='lat' dir='ltr'><strong>eorum</strong></span> <span class='ocrx_word' id='word_1_53' title='bbox 566 952 715 1041; x_wconf 83' lang='lat' dir='ltr'><strong>rationem</strong></span> <span class='ocrx_word' id='word_1_54' title='bbox 730 973 799 1014; x_wconf 89' lang='lat' dir='ltr'><strong>esse</strong></span> <span class='ocrx_word' id='word_1_55' title='bbox 820 952 994 1015; x_wconf 88' lang='lat' dir='ltr'><strong>habendam</strong></span> <span class='ocrx_word' id='word_1_56' title='bbox 1018 975 1109 1039; x_wconf 91' lang='lat' dir='ltr'><strong>quam</strong></span> <span class='ocrx_word' id='word_1_57' title='bbox 1129 956 1254 1034; x_wconf 86' lang='lat' dir='ltr'><strong>alicujus</strong></span> 
     </span>
     <span class='ocr_line' id='line_1_8' title="bbox 110 1034 1254 1118; baseline 0.003 -21"><span class='ocrx_word' id='word_1_58' title='bbox 110 1034 241 1113; x_wconf 81' lang='lat' dir='ltr'><strong>aegroti,</strong></span> <span class='ocrx_word' id='word_1_59' title='bbox 263 1034 315 1118; x_wconf 92' lang='lat' dir='ltr'><strong>qui</strong></span> <span class='ocrx_word' id='word_1_60' title='bbox 332 1035 526 1103; x_wconf 67' lang='lat' dir='ltr'><strong>animi-&#39;ivitio</strong></span> <span class='ocrx_word' id='word_1_61' title='bbox 547 1036 703 1099; x_wconf 88' lang='lat' dir='ltr'><strong>medicum</strong></span> <span class='ocrx_word' id='word_1_62' title='bbox 727 1058 832 1107; x_wconf 85' lang='lat' dir='ltr'><strong>curare</strong></span> <span class='ocrx_word' id='word_1_63' title='bbox 852 1049 1018 1103; x_wconf 86' lang='lat' dir='ltr'><strong>tentantem</strong></span> <span class='ocrx_word' id='word_1_64' title='bbox 1033 1039 1204 1103; x_wconf 78' lang='lat' dir='ltr'><strong>extruderet</strong></span> <span class='ocrx_word' id='word_1_65' title='bbox 1219 1061 1254 1101; x_wconf 91' lang='lat' dir='ltr'><strong>ac</strong></span> 
     </span>
     <span class='ocr_line' id='line_1_9' title="bbox 110 1116 1255 1209; baseline 0.004 -28"><span class='ocrx_word' id='word_1_66' title='bbox 110 1119 206 1181; x_wconf 87' lang='lat' dir='ltr'><strong>minis</strong></span> <span class='ocrx_word' id='word_1_67' title='bbox 228 1119 428 1205; x_wconf 77' lang='lat' dir='ltr'><strong>convitiisque</strong></span> <span class='ocrx_word' id='word_1_68' title='bbox 447 1118 613 1206; x_wconf 85' lang='lat' dir='ltr'><strong>exciperet:</strong></span> <span class='ocrx_word' id='word_1_69' title='bbox 644 1124 755 1208; x_wconf 87' lang='lat' dir='ltr'><strong>quippe</strong></span> <span class='ocrx_word' id='word_1_70' title='bbox 775 1121 960 1185; x_wconf 88' lang='lat' dir='ltr'><strong>medicinam</strong></span> <span class='ocrx_word' id='word_1_71' title='bbox 983 1127 1117 1209; x_wconf 89' lang='lat' dir='ltr'><strong>corporis</strong></span> <span class='ocrx_word' id='word_1_72' title='bbox 1133 1116 1255 1187; x_wconf 73' lang='lat' dir='ltr'><strong>&#39;sanita-</strong></span> 
     </span>
     <span class='ocr_line' id='line_1_10' title="bbox 109 1204 1256 1296; baseline 0.003 -29"><span class='ocrx_word' id='word_1_73' title='bbox 109 1216 177 1267; x_wconf 89' lang='lat' dir='ltr'><strong>tem</strong></span> <span class='ocrx_word' id='word_1_74' title='bbox 200 1204 357 1289; x_wconf 88' lang='lat' dir='ltr'><strong>polliceri,</strong></span> <span class='ocrx_word' id='word_1_75' title='bbox 384 1227 477 1291; x_wconf 88' lang='lat' dir='ltr'><strong>quarn</strong></span> <span class='ocrx_word' id='word_1_76' title='bbox 501 1206 654 1269; x_wconf 83' lang='lat' dir='ltr'><strong>interdtnn</strong></span> <span class='ocrx_word' id='word_1_77' title='bbox 684 1208 800 1287; x_wconf 86' lang='lat' dir='ltr'><strong>aegroti</strong></span> <span class='ocrx_word' id='word_1_78' title='bbox 831 1221 989 1293; x_wconf 81' lang='lat' dir='ltr'><strong>respuant:</strong></span> <span class='ocrx_word' id='word_1_79' title='bbox 1025 1211 1256 1296; x_wconf 88' lang='lat' dir='ltr'><strong>philosophiam</strong></span> 
     </span>
     <span class='ocr_line' id='line_1_11' title="bbox 110 1290 1256 1373; baseline 0.005 -21"><span class='ocrx_word' id='word_1_80' title='bbox 110 1290 209 1353; x_wconf 91' lang='lat' dir='ltr'><strong>animi</strong></span> <span class='ocrx_word' id='word_1_81' title='bbox 220 1291 336 1352; x_wconf 89' lang='lat' dir='ltr'><strong>morbis</strong></span> <span class='ocrx_word' id='word_1_82' title='bbox 353 1290 488 1370; x_wconf 90' lang='lat' dir='ltr'><strong>mederi,</strong></span> <span class='ocrx_word' id='word_1_83' title='bbox 531 1314 569 1354; x_wconf 91' lang='lat' dir='ltr'><strong>uo</strong></span> <span class='ocrx_word' id='word_1_84' title='bbox 585 1292 661 1354; x_wconf 91' lang='lat' dir='ltr'><strong>nihil</strong></span> <span class='ocrx_word' id='word_1_85' title='bbox 675 1294 773 1373; x_wconf 87' lang='lat' dir='ltr'><strong>magis</strong></span> <span class='ocrx_word' id='word_1_86' title='bbox 784 1295 998 1356; x_wconf 88' lang='lat' dir='ltr'><strong>abominentur</strong></span> <span class='ocrx_word' id='word_1_87' title='bbox 1014 1295 1127 1359; x_wconf 89' lang='lat' dir='ltr'><strong>vitiosi.</strong></span> <span class='ocrx_word' id='word_1_88' title='bbox 1170 1296 1256 1358; x_wconf 91' lang='lat' dir='ltr'><strong>Haec</strong></span> 
     </span>
     <span class='ocr_line' id='line_1_12' title="bbox 112 1314 1256 1465; baseline 0.003 -27"><span class='ocrx_word' id='word_1_89' title='bbox 112 1386 161 1438; x_wconf 81' lang='lat' dir='ltr'><strong>eat</strong></span> <span class='ocrx_word' id='word_1_90' title='bbox 172 1375 375 1462; x_wconf 89' lang='lat' dir='ltr'><strong>pulcerrimae</strong></span> <span class='ocrx_word' id='word_1_91' title='bbox 392 1378 483 1455; x_wconf 87' lang='lat' dir='ltr'><strong>hujus</strong></span> <span class='ocrx_word' id='word_1_92' title='bbox 507 1314 651 1440; x_wconf 76' lang='lat' dir='ltr'><strong>diatribae</strong></span> <span class='ocrx_word' id='word_1_93' title='bbox 673 1379 730 1457; x_wconf 87' lang='lat' dir='ltr'><strong>(sic</strong></span> <span class='ocrx_word' id='word_1_94' title='bbox 745 1376 828 1440; x_wconf 91' lang='lat' dir='ltr'><strong>enim</strong></span> <span class='ocrx_word' id='word_1_95' title='bbox 844 1382 910 1458; x_wconf 90' lang='lat' dir='ltr'><strong>jure</strong></span> <span class='ocrx_word' id='word_1_96' title='bbox 924 1380 1154 1465; x_wconf 83' lang='lat' dir='ltr'><strong>appellaverim)</strong></span> <span class='ocrx_word' id='word_1_97' title='bbox 1168 1402 1256 1443; x_wconf 90' lang='lat' dir='ltr'><strong>sum-</strong></span> 
     </span>
     <span class='ocr_line' id='line_1_13' title="bbox 107 1464 1255 1549; baseline 0.002 -25"><span class='ocrx_word' id='word_1_98' title='bbox 107 1478 185 1539; x_wconf 83' lang='lat' dir='ltr'><strong>ma3</strong></span> <span class='ocrx_word' id='word_1_99' title='bbox 213 1480 308 1544; x_wconf 87' lang='lat' dir='ltr'><strong>quam</strong></span> <span class='ocrx_word' id='word_1_100' title='bbox 325 1483 404 1523; x_wconf 89' lang='lat' dir='ltr'><strong>non.</strong></span> <span class='ocrx_word' id='word_1_101' title='bbox 418 1464 499 1524; x_wconf 89' lang='lat' dir='ltr'><strong>hene</strong></span> <span class='ocrx_word' id='word_1_102' title='bbox 520 1465 624 1524; x_wconf 90' lang='lat' dir='ltr'><strong>animo</strong></span> <span class='ocrx_word' id='word_1_103' title='bbox 646 1475 861 1549; x_wconf 87' lang='lat' dir='ltr'><strong>conceperant,</strong></span> <span class='ocrx_word' id='word_1_104' title='bbox 890 1466 944 1549; x_wconf 86' lang='lat' dir='ltr'><strong>qui</strong></span> <span class='ocrx_word' id='word_1_105' title='bbox 966 1466 1086 1529; x_wconf 87' lang='lat' dir='ltr'><strong>titulum</strong></span> <span class='ocrx_word' id='word_1_106' title='bbox 1107 1466 1150 1527; x_wconf 88' lang='lat' dir='ltr'><strong>illi</strong></span> <span class='ocrx_word' id='word_1_107' title='bbox 1173 1467 1255 1527; x_wconf 90' lang='lat' dir='ltr'><strong>hunc</strong></span> 
     </span>
     <span class='ocr_line' id='line_1_14' title="bbox 110 1545 1254 1633; baseline -0.001 -24"><span class='ocrx_word' id='word_1_108' title='bbox 110 1545 385 1633; x_wconf 82' lang='lat' dir='ltr'><strong>praescripserant,</strong></span> <span class='ocrx_word' id='word_1_109' title='bbox 407 1569 500 1632; x_wconf 89' lang='lat' dir='ltr'><strong>quom</strong></span> <span class='ocrx_word' id='word_1_110' title='bbox 515 1549 604 1629; x_wconf 76' lang='lat' dir='ltr'><strong>multi</strong></span> <span class='ocrx_word' id='word_1_111' title='bbox 627 1549 719 1610; x_wconf 90' lang='lat' dir='ltr'><strong>etiam</strong></span> <span class='ocrx_word' id='word_1_112' title='bbox 740 1560 859 1612; x_wconf 90' lang='lat' dir='ltr'><strong>veteres</strong></span> <span class='ocrx_word' id='word_1_113' title='bbox 876 1549 997 1613; x_wconf 89' lang='lat' dir='ltr'><strong>codices</strong></span> <span class='ocrx_word' id='word_1_114' title='bbox 1017 1563 1158 1614; x_wconf 87' lang='lat' dir='ltr'><strong>servant:</strong></span> <span class='ocrx_word' id='word_1_115' title='bbox 1182 1550 1254 1613; x_wconf 84' lang='lat' dir='ltr'><strong>Ia-</strong></span> 
     </span>
     <span class='ocr_line' id='line_1_15' title="bbox 114 1629 1252 1716; baseline 0.003 -21"><span class='ocrx_word' id='word_1_116' title='bbox 114 1630 328 1715; x_wconf 73' lang='lat' dir='ltr'><strong>crapario</strong></span> <span class='ocrx_word' id='word_1_117' title='bbox 351 1629 588 1705; x_wconf 58' lang='lat' dir='ltr'><strong>Desidiam</strong></span> <span class='ocrx_word' id='word_1_118' title='bbox 611 1655 668 1695; x_wconf 90' lang='lat' dir='ltr'><strong>nec</strong></span> <span class='ocrx_word' id='word_1_119' title='bbox 689 1634 951 1697; x_wconf 88' lang='lat' dir='ltr'><strong>melius&#39;vetustae</strong></span> <span class='ocrx_word' id='word_1_120' title='bbox 967 1634 1128 1716; x_wconf 87' lang='lat' dir='ltr'><strong>Bongarsii</strong></span> <span class='ocrx_word' id='word_1_121' title='bbox 1149 1658 1252 1698; x_wconf 89' lang='lat' dir='ltr'><strong>mem-</strong></span> 
     </span>
     <span class='ocr_line' id='line_1_16' title="bbox 112 1715 1253 1802; baseline 0.003 -21"><span class='ocrx_word' id='word_1_122' title='bbox 112 1719 241 1795; x_wconf 86' lang='lat' dir='ltr'><strong>branae,</strong></span> <span class='ocrx_word' id='word_1_123' title='bbox 253 1717 464 1802; x_wconf 34' lang='lat' dir='ltr'><strong>quaeltitulum</strong></span> <span class='ocrx_word' id='word_1_124' title='bbox 478 1721 560 1781; x_wconf 91' lang='lat' dir='ltr'><strong>hunc</strong></span> <span class='ocrx_word' id='word_1_125' title='bbox 570 1720 735 1782; x_wconf 68' lang='lat' dir='ltr'><strong>exhibenti</strong></span> <span class='ocrx_word' id='word_1_126' title='bbox 749 1715 773 1779; x_wconf 91' lang='lat' dir='ltr'><strong><em>I</em></strong></span> <span class='ocrx_word' id='word_1_127' title='bbox 775 1740 797 1780; x_wconf 82' lang='lat' dir='ltr'><strong>n</strong></span> <span class='ocrx_word' id='word_1_128' title='bbox 811 1716 1051 1783; x_wconf 81' lang='lat' dir='ltr'><strong>Luxuriam</strong></span> <span class='ocrx_word' id='word_1_129' title='bbox 1066 1730 1106 1782; x_wconf 86' lang='lat' dir='ltr'><strong>et</strong></span> <span class='ocrx_word' id='word_1_130' title='bbox 1126 1716 1166 1783; x_wconf 91' lang='lat' dir='ltr'><em>V</em></span> <span class='ocrx_word' id='word_1_131' title='bbox 1168 1722 1180 1780; x_wconf 89' lang='lat' dir='ltr'><strong>i</strong></span> <span class='ocrx_word' id='word_1_132' title='bbox 1188 1719 1253 1784; x_wconf 83' lang='lat' dir='ltr'><strong>tia</strong></span> 
     </span>
     <span class='ocr_line' id='line_1_17' title="bbox 113 1798 1255 1890; baseline 0.002 -23"><span class='ocrx_word' id='word_1_133' title='bbox 113 1798 336 1877; x_wconf 65' lang='lat' dir='ltr'><strong>Divinam</strong></span> <span class='ocrx_word' id='word_1_134' title='bbox 357 1824 435 1888; x_wconf 90' lang='lat' dir='ltr'><strong>quae</strong></span> <span class='ocrx_word' id='word_1_135' title='bbox 448 1806 541 1867; x_wconf 90' lang='lat' dir='ltr'><strong>verba</strong></span> <span class='ocrx_word' id='word_1_136' title='bbox 556 1825 574 1865; x_wconf 93' lang='lat' dir='ltr'><strong>e</strong></span> <span class='ocrx_word' id='word_1_137' title='bbox 587 1804 712 1866; x_wconf 88' lang='lat' dir='ltr'><strong>scholiis</strong></span> <span class='ocrx_word' id='word_1_138' title='bbox 720 1804 849 1887; x_wconf 90' lang='lat' dir='ltr'><strong>antiquis</strong></span> <span class='ocrx_word' id='word_1_139' title='bbox 863 1806 955 1890; x_wconf 90' lang='lat' dir='ltr'><strong>petita</strong></span> <span class='ocrx_word' id='word_1_140' title='bbox 967 1818 1045 1884; x_wconf 88' lang='lat' dir='ltr'><strong>sunt,</strong></span> <span class='ocrx_word' id='word_1_141' title='bbox 1060 1806 1113 1868; x_wconf 89' lang='lat' dir='ltr'><strong>ubi</strong></span> <span class='ocrx_word' id='word_1_142' title='bbox 1125 1808 1255 1886; x_wconf 84' lang='lat' dir='ltr'><strong>legimus</strong></span> 
     </span>
     <span class='ocr_line' id='line_1_18' title="bbox 113 1882 1255 1975; baseline 0 -24"><span class='ocrx_word' id='word_1_143' title='bbox 113 1887 207 1951; x_wconf 82' lang='lat' dir='ltr'><strong>hone</strong></span> <span class='ocrx_word' id='word_1_144' title='bbox 226 1882 385 1951; x_wconf 78' lang='lat' dir='ltr'><strong>Satt&#39;rom</strong></span> <span class='ocrx_word' id='word_1_145' title='bbox 401 1908 420 1948; x_wconf 82' lang='lat' dir='ltr'><strong>a</strong></span> <span class='ocrx_word' id='word_1_146' title='bbox 436 1884 573 1951; x_wconf 82' lang='lat' dir='ltr'><strong>Lucilii</strong></span> <span class='ocrx_word' id='word_1_147' title='bbox 589 1884 677 1951; x_wconf 80' lang='lat' dir='ltr'><strong>titro</strong></span> <span class='ocrx_word' id='word_1_148' title='bbox 701 1897 822 1975; x_wconf 83' lang='lat' dir='ltr'><strong>quarto</strong></span> <span class='ocrx_word' id='word_1_149' title='bbox 843 1910 915 1952; x_wconf 85' lang='lat' dir='ltr'><strong>esse</strong></span> <span class='ocrx_word' id='word_1_150' title='bbox 939 1891 1164 1967; x_wconf 80' lang='lat' dir='ltr'><strong>translatam,</strong></span> <span class='ocrx_word' id='word_1_151' title='bbox 1189 1913 1255 1952; x_wconf 82' lang='lat' dir='ltr'><strong>aa·</strong></span> 
     </span>
     <span class='ocr_line' id='line_1_19' title="bbox 111 1966 1256 2061; baseline 0.003 -26"><span class='ocrx_word' id='word_1_152' title='bbox 111 1966 490 2061; x_wconf 64' lang='lat' dir='ltr'><strong>stigantis-luxuriam</strong></span> <span class='ocrx_word' id='word_1_153' title='bbox 523 1970 673 2036; x_wconf 84' lang='lat' dir='ltr'><strong>divitum</strong></span> <span class='ocrx_word' id='word_1_154' title='bbox 703 1981 737 2035; x_wconf 81' lang='lat' dir='ltr'><strong>et</strong></span> <span class='ocrx_word' id='word_1_155' title='bbox 762 1971 870 2039; x_wconf 79' lang='lat' dir='ltr'><strong>vitio.-</strong></span> <span class='ocrx_word' id='word_1_156' title='bbox 895 1996 1004 2039; x_wconf 91' lang='lat' dir='ltr'><strong>verum</strong></span> <span class='ocrx_word' id='word_1_157' title='bbox 1031 1988 1078 2039; x_wconf 90' lang='lat' dir='ltr'><strong>est</strong></span> <span class='ocrx_word' id='word_1_158' title='bbox 1104 1977 1256 2038; x_wconf 90' lang='lat' dir='ltr'><strong>Lucilium</strong></span> 
     </span>
     <span class='ocr_line' id='line_1_20' title="bbox 78 2058 1255 2145; baseline 0.002 -23"><span class='ocrx_word' id='word_1_159' title='bbox 78 2058 82 2067; x_wconf 83' lang='lat'>&#39;</span> <span class='ocrx_word' id='word_1_160' title='bbox 112 2060 193 2133; x_wconf 78' lang='lat' dir='ltr'><strong>libro</strong></span> <span class='ocrx_word' id='word_1_161' title='bbox 200 2058 368 2122; x_wconf 87' lang='lat' dir='ltr'><strong>Satirarum</strong></span> <span class='ocrx_word' id='word_1_162' title='bbox 381 2080 505 2122; x_wconf 91' lang='lat' dir='ltr'><strong>suarum</strong></span> <span class='ocrx_word' id='word_1_163' title='bbox 516 2072 621 2145; x_wconf 89' lang='lat' dir='ltr'><strong>quarto</strong></span> <span class='ocrx_word' id='word_1_164' title='bbox 637 2061 669 2121; x_wconf 91' lang='lat' dir='ltr'><strong>in</strong></span> <span class='ocrx_word' id='word_1_165' title='bbox 679 2061 830 2122; x_wconf 86' lang='lat' dir='ltr'><strong>luxuriam</strong></span> <span class='ocrx_word' id='word_1_166' title='bbox 845 2059 974 2125; x_wconf 87' lang='lat' dir='ltr'><strong>divitum</strong></span> <span class='ocrx_word' id='word_1_167' title='bbox 996 2074 1027 2125; x_wconf 89' lang='lat' dir='ltr'><strong>et</strong></span> <span class='ocrx_word' id='word_1_168' title='bbox 1037 2062 1112 2127; x_wconf 87' lang='lat' dir='ltr'><strong>vitia</strong></span> <span class='ocrx_word' id='word_1_169' title='bbox 1126 2083 1193 2125; x_wconf 87' lang='lat' dir='ltr'><strong>esse</strong></span> <span class='ocrx_word' id='word_1_170' title='bbox 1206 2063 1255 2124; x_wconf 91' lang='lat' dir='ltr'><strong>in-</strong></span> 
     </span>
     <span class='ocr_line' id='line_1_21' title="bbox 111 2145 1323 2238; baseline 0.001 -29"><span class='ocrx_word' id='word_1_171' title='bbox 111 2157 255 2209; x_wconf 88' lang='lat' dir='ltr'><strong>vectum:</strong></span> <span class='ocrx_word' id='word_1_172' title='bbox 276 2156 399 2231; x_wconf 89' lang='lat' dir='ltr'><strong>apparet</strong></span> <span class='ocrx_word' id='word_1_173' title='bbox 412 2146 495 2208; x_wconf 88' lang='lat' dir='ltr'><strong>enim</strong></span> <span class='ocrx_word' id='word_1_174' title='bbox 513 2147 676 2208; x_wconf 85' lang='lat' dir='ltr'><strong>manifesto</strong></span> <span class='ocrx_word' id='word_1_175' title='bbox 696 2145 848 2231; x_wconf 89' lang='lat' dir='ltr'><strong>hodieque</strong></span> <span class='ocrx_word' id='word_1_176' title='bbox 868 2168 886 2209; x_wconf 91' lang='lat' dir='ltr'><strong>e</strong></span> <span class='ocrx_word' id='word_1_177' title='bbox 906 2149 1042 2233; x_wconf 90' lang='lat' dir='ltr'><strong>pauculis</strong></span> <span class='ocrx_word' id='word_1_178' title='bbox 1064 2148 1323 2238; x_wconf 56' lang='lat' dir='ltr'><strong>fragmentisque)</strong></span> 
     </span>
     <span class='ocr_line' id='line_1_22' title="bbox 111 2230 1256 2319; baseline 0.001 -26"><span class='ocrx_word' id='word_1_179' title='bbox 111 2252 193 2317; x_wconf 90' lang='lat' dir='ltr'><strong>quae</strong></span> <span class='ocrx_word' id='word_1_180' title='bbox 206 2242 383 2317; x_wconf 89' lang='lat' dir='ltr'><strong>supersunt:</strong></span> <span class='ocrx_word' id='word_1_181' title='bbox 402 2230 458 2293; x_wconf 87' lang='lat' dir='ltr'><strong>sed</strong></span> <span class='ocrx_word' id='word_1_182' title='bbox 477 2232 560 2294; x_wconf 91' lang='lat' dir='ltr'><strong>viros</strong></span> <span class='ocrx_word' id='word_1_183' title='bbox 577 2242 608 2294; x_wconf 89' lang='lat' dir='ltr'><strong>et</strong></span> <span class='ocrx_word' id='word_1_184' title='bbox 624 2232 836 2294; x_wconf 81' lang='lat' dir='ltr'><strong>convivatores</strong></span> <span class='ocrx_word' id='word_1_185' title='bbox 850 2232 1084 2319; x_wconf 89' lang='lat' dir='ltr'><strong>intempestivos</strong></span> <span class='ocrx_word' id='word_1_186' title='bbox 1103 2255 1138 2294; x_wconf 91' lang='lat' dir='ltr'><strong>ac</strong></span> <span class='ocrx_word' id='word_1_187' title='bbox 1155 2245 1256 2295; x_wconf 92' lang='lat' dir='ltr'><strong>temu-</strong></span> 
     </span>
     <span class='ocr_line' id='line_1_23' title="bbox 109 2316 1253 2402; baseline 0.002 -22"><span class='ocrx_word' id='word_1_188' title='bbox 109 2318 215 2381; x_wconf 85' lang='lat' dir='ltr'><strong>lentos</strong></span> <span class='ocrx_word' id='word_1_189' title='bbox 229 2327 281 2378; x_wconf 88' lang='lat' dir='ltr'><strong>aut</strong></span> <span class='ocrx_word' id='word_1_190' title='bbox 294 2316 354 2378; x_wconf 88' lang='lat' dir='ltr'><strong>alio</strong></span> <span class='ocrx_word' id='word_1_191' title='bbox 375 2317 521 2379; x_wconf 83' lang='lat' dir='ltr'><strong>luxuriae&#39;</strong></span> <span class='ocrx_word' id='word_1_192' title='bbox 534 2338 644 2397; x_wconf 89' lang='lat' dir='ltr'><strong>genere</strong></span> <span class='ocrx_word' id='word_1_193' title='bbox 664 2329 824 2402; x_wconf 89' lang='lat' dir='ltr'><strong>peccantes</strong></span> <span class='ocrx_word' id='word_1_194' title='bbox 841 2319 938 2380; x_wconf 85' lang='lat' dir='ltr'><strong>secuit</strong></span> <span class='ocrx_word' id='word_1_195' title='bbox 959 2340 998 2381; x_wconf 90' lang='lat' dir='ltr'><strong>eo</strong></span> <span class='ocrx_word' id='word_1_196' title='bbox 1016 2320 1094 2382; x_wconf 88' lang='lat' dir='ltr'><strong>libro</strong></span> <span class='ocrx_word' id='word_1_197' title='bbox 1111 2319 1253 2397; x_wconf 89' lang='lat' dir='ltr'><strong>Lucilius,</strong></span> 
     </span>
     <span class='ocr_line' id='line_1_24' title="bbox 110 2401 1307 2491; baseline 0.003 -26"><span class='ocrx_word' id='word_1_198' title='bbox 110 2405 387 2480; x_wconf 77' lang='lat' dir='ltr'><strong>nonjuventutem</strong></span> <span class='ocrx_word' id='word_1_199' title='bbox 401 2401 561 2464; x_wconf 85' lang='lat' dir='ltr'><strong>Musarum</strong></span> <span class='ocrx_word' id='word_1_200' title='bbox 585 2415 614 2464; x_wconf 89' lang='lat' dir='ltr'><strong>et</strong></span> <span class='ocrx_word' id='word_1_201' title='bbox 629 2401 766 2488; x_wconf 85' lang='lat' dir='ltr'><strong>Sophiae</strong></span> <span class='ocrx_word' id='word_1_202' title='bbox 792 2404 884 2465; x_wconf 90' lang='lat' dir='ltr'><strong>sacris</strong></span> <span class='ocrx_word' id='word_1_203' title='bbox 905 2415 1078 2489; x_wconf 86' lang='lat' dir='ltr'><strong>operatam,</strong></span> <span class='ocrx_word' id='word_1_204' title='bbox 1103 2403 1143 2466; x_wconf 74' lang='lat' dir='ltr'><strong>acl</strong></span> <span class='ocrx_word' id='word_1_205' title='bbox 1157 2425 1248 2491; x_wconf 90' lang='lat' dir='ltr'><strong>quam</strong></span> <span class='ocrx_word' id='word_1_206' title='bbox 1255 2414 1307 2469; x_wconf 76' lang='lat' dir='ltr'><strong>tao</strong></span> 
     </span>
     <span class='ocr_line' id='line_1_25' title="bbox 133 2486 1256 2575; baseline 0.003 -25"><span class='ocrx_word' id='word_1_207' title='bbox 133 2489 236 2573; x_wconf 83' lang='lat' dir='ltr'><strong>roprie</strong></span> <span class='ocrx_word' id='word_1_208' title='bbox 262 2486 359 2549; x_wconf 88' lang='lat' dir='ltr'><strong>Satira</strong></span> <span class='ocrx_word' id='word_1_209' title='bbox 382 2488 459 2549; x_wconf 89' lang='lat' dir='ltr'><strong>haec</strong></span> <span class='ocrx_word' id='word_1_210' title='bbox 481 2499 611 2573; x_wconf 87' lang='lat' dir='ltr'><strong>spectat:</strong></span> <span class='ocrx_word' id='word_1_211' title='bbox 640 2487 715 2549; x_wconf 91' lang='lat' dir='ltr'><strong>illud</strong></span> <span class='ocrx_word' id='word_1_212' title='bbox 737 2509 755 2550; x_wconf 92' lang='lat' dir='ltr'><strong>e</strong></span> <span class='ocrx_word' id='word_1_213' title='bbox 774 2488 852 2550; x_wconf 90' lang='lat' dir='ltr'><strong>libro</strong></span> <span class='ocrx_word' id='word_1_214' title='bbox 876 2490 965 2552; x_wconf 90' lang='lat' dir='ltr'><strong>tertio</strong></span> <span class='ocrx_word' id='word_1_215' title='bbox 985 2489 1125 2569; x_wconf 88' lang='lat' dir='ltr'><strong>ejusdem</strong></span> <span class='ocrx_word' id='word_1_216' title='bbox 1144 2490 1256 2575; x_wconf 78' lang='lat' dir='ltr'><strong>poe‘tae</strong></span> 
     </span>
     <span class='ocr_line' id='line_1_26' title="bbox 110 2508 1256 2660; baseline 0 -24"><span class='ocrx_word' id='word_1_217' title='bbox 110 2508 163 2651; x_wconf 72' lang='lat' dir='ltr'><strong>ilr-</strong></span> <span class='ocrx_word' id='word_1_218' title='bbox 179 2575 233 2652; x_wconf 84' lang='lat'><strong>19]</strong></span> <span class='ocrx_word' id='word_1_219' title='bbox 247 2594 312 2634; x_wconf 90' lang='lat' dir='ltr'><strong>non</strong></span> <span class='ocrx_word' id='word_1_220' title='bbox 324 2573 459 2634; x_wconf 90' lang='lat' dir='ltr'><strong>alienum</strong></span> <span class='ocrx_word' id='word_1_221' title='bbox 478 2593 496 2634; x_wconf 93' lang='lat' dir='ltr'><strong>a</strong></span> <span class='ocrx_word' id='word_1_222' title='bbox 515 2574 661 2659; x_wconf 88' lang='lat' dir='ltr'><strong>principio</strong></span> <span class='ocrx_word' id='word_1_223' title='bbox 674 2573 790 2637; x_wconf 86' lang='lat' dir='ltr'><strong>Satirae</strong></span> <span class='ocrx_word' id='word_1_224' title='bbox 807 2574 914 2654; x_wconf 91' lang='lat' dir='ltr'><strong>hujus:</strong></span> <span class='ocrx_word' id='word_1_225' title='bbox 935 2574 971 2640; x_wconf 88' lang='grc' dir='ltr'><em>Ε</em></span> <span class='ocrx_word' id='word_1_226' title='bbox 993 2568 1112 2639; x_wconf 75' lang='lat' dir='ltr'><strong>sonmo</strong></span> <span class='ocrx_word' id='word_1_227' title='bbox 1129 2595 1256 2660; x_wconf 83' lang='lat' dir='ltr'><strong>pueros</strong></span> 
     </span>
     <span class='ocr_line' id='line_1_27' title="bbox 112 2655 1024 2744; baseline -0.002 -22"><span class='ocrx_word' id='word_1_228' title='bbox 112 2678 195 2722; x_wconf 85' lang='lat' dir='ltr'><strong>cum</strong></span> <span class='ocrx_word' id='word_1_229' title='bbox 218 2678 321 2721; x_wconf 82' lang='lat' dir='ltr'><strong>mane</strong></span> <span class='ocrx_word' id='word_1_230' title='bbox 340 2655 537 2744; x_wconf 76' lang='lat' dir='ltr'><strong>expergitu’</strong></span> <span class='ocrx_word' id='word_1_231' title='bbox 560 2657 684 2721; x_wconf 81' lang='lat' dir='ltr'><strong>clamo.</strong></span> <span class='ocrx_word' id='word_1_232' title='bbox 1021 2706 1024 2710; x_wconf 81' lang='lat'><strong>.</strong></span> 
     </span>
     <span class='ocr_line' id='line_1_28' title="bbox 166 2740 1254 2831; baseline -0.001 -22"><span class='ocrx_word' id='word_1_233' title='bbox 166 2788 169 2793; x_wconf 89' lang='lat'>·</span> <span class='ocrx_word' id='word_1_234' title='bbox 201 2740 342 2827; x_wconf 77' lang='lat' dir='ltr'><strong>Nempe</strong></span> <span class='ocrx_word' id='word_1_235' title='bbox 355 2742 440 2807; x_wconf 83' lang='lat' dir='ltr'><strong>haec</strong></span> <span class='ocrx_word' id='word_1_236' title='bbox 460 2742 549 2825; x_wconf 89' lang='lat' dir='ltr'><strong>[leg.:</strong></span> <span class='ocrx_word' id='word_1_237' title='bbox 572 2741 637 2807; x_wconf 85' lang='lat' dir='ltr'><strong>hoc</strong></span> <span class='ocrx_word' id='word_1_238' title='bbox 653 2769 670 2809; x_wconf 90' lang='lat' dir='ltr'><strong>e</strong></span> <span class='ocrx_word' id='word_1_239' title='bbox 684 2745 783 2810; x_wconf 84' lang='lat' dir='ltr'><strong>Codd.</strong></span> <span class='ocrx_word' id='word_1_240' title='bbox 798 2757 832 2808; x_wconf 93' lang='lat' dir='ltr'><strong>ut</strong></span> <span class='ocrx_word' id='word_1_241' title='bbox 846 2744 969 2811; x_wconf 90' lang='lat' dir='ltr'><strong>videtur</strong></span> <span class='ocrx_word' id='word_1_242' title='bbox 979 2746 1088 2831; x_wconf 91' lang='lat' dir='ltr'><strong>plurib.</strong></span> <span class='ocrx_word' id='word_1_243' title='bbox 1105 2756 1136 2808; x_wconf 88' lang='lat' dir='ltr'><strong>et</strong></span> <span class='ocrx_word' id='word_1_244' title='bbox 1147 2744 1254 2826; x_wconf 67' lang='lat' dir='ltr'><strong>Prien]</strong></span> 
     </span>
     <span class='ocr_line' id='line_1_29' title="bbox 115 2826 1256 2917; baseline -0.002 -22"><span class='ocrx_word' id='word_1_245' title='bbox 115 2826 279 2910; x_wconf 69' lang='lat' dir='ltr'><strong>assidua]</strong></span> <span class='ocrx_word' id='word_1_246' title='bbox 305 2828 468 2892; x_wconf 86' lang='lat' dir='ltr'><strong>Familiare</strong></span> <span class='ocrx_word' id='word_1_247' title='bbox 487 2843 533 2894; x_wconf 88' lang='lat' dir='ltr'><strong>est</strong></span> <span class='ocrx_word' id='word_1_248' title='bbox 558 2831 685 2895; x_wconf 89' lang='lat' dir='ltr'><strong>satiricis</strong></span> <span class='ocrx_word' id='word_1_249' title='bbox 701 2831 817 2917; x_wconf 68' lang='lat' dir='ltr'><strong>poitis,</strong></span> <span class='ocrx_word' id='word_1_250' title='bbox 840 2845 874 2894; x_wconf 94' lang='lat' dir='ltr'><strong>ut</strong></span> <span class='ocrx_word' id='word_1_251' title='bbox 895 2853 934 2893; x_wconf 88' lang='lat' dir='ltr'><strong>ex</strong></span> <span class='ocrx_word' id='word_1_252' title='bbox 955 2834 1082 2916; x_wconf 89' lang='lat' dir='ltr'><strong>abrupto</strong></span> <span class='ocrx_word' id='word_1_253' title='bbox 1103 2830 1256 2894; x_wconf 85' lang='lat' dir='ltr'><strong>ordlantur</strong></span> 
     </span>
     <span class='ocr_line' id='line_1_30' title="bbox 114 2914 1257 3062; baseline -0.003 -82"><span class='ocrx_word' id='word_1_254' title='bbox 114 2929 145 2980; x_wconf 90' lang='lat' dir='ltr'><strong>et</strong></span> <span class='ocrx_word' id='word_1_255' title='bbox 163 2919 277 2980; x_wconf 88' lang='lat' dir='ltr'><strong>molles</strong></span> <span class='ocrx_word' id='word_1_256' title='bbox 300 2914 399 2978; x_wconf 88' lang='lat' dir='ltr'><strong>aditus</strong></span> <span class='ocrx_word' id='word_1_257' title='bbox 421 2914 461 2977; x_wconf 93' lang='lat' dir='ltr'><strong>ad</strong></span> <span class='ocrx_word' id='word_1_258' title='bbox 480 2914 568 2979; x_wconf 86' lang='lat' dir='ltr'><strong>susce</strong></span> <span class='ocrx_word' id='word_1_259' title='bbox 588 2928 654 2978; x_wconf 91' lang='lat' dir='ltr'><strong>tum</strong></span> <span class='ocrx_word' id='word_1_260' title='bbox 682 2928 894 2998; x_wconf 87' lang='lat' dir='ltr'><strong>argumentum</strong></span> <span class='ocrx_word' id='word_1_261' title='bbox 918 2929 1076 3001; x_wconf 90' lang='lat' dir='ltr'><strong>spernant,</strong></span> <span class='ocrx_word' id='word_1_262' title='bbox 1102 2917 1257 3062; x_wconf 67' lang='lat' dir='ltr'><strong>quos&#39;alii</strong></span> 
     </span>
     <span class='ocr_line' id='line_1_31' title="bbox 135 3001 1256 3088; baseline -0.003 -22"><span class='ocrx_word' id='word_1_263' title='bbox 135 3006 297 3088; x_wconf 74' lang='lat' dir='ltr'><strong>letumque</strong></span> <span class='ocrx_word' id='word_1_264' title='bbox 322 3001 481 3087; x_wconf 84' lang='lat' dir='ltr'><strong>scriptores</strong></span> <span class='ocrx_word' id='word_1_265' title='bbox 504 3013 552 3064; x_wconf 90' lang='lat' dir='ltr'><strong>stu</strong></span> <span class='ocrx_word' id='word_1_266' title='bbox 574 3003 640 3064; x_wconf 89' lang='lat' dir='ltr'><strong>iose</strong></span> <span class='ocrx_word' id='word_1_267' title='bbox 665 3014 833 3066; x_wconf 87' lang='lat' dir='ltr'><strong>sectantur:</strong></span> <span class='ocrx_word' id='word_1_268' title='bbox 862 3004 957 3064; x_wconf 90' lang='lat' dir='ltr'><strong>multa</strong></span> <span class='ocrx_word' id='word_1_269' title='bbox 984 3003 1075 3082; x_wconf 90' lang='lat' dir='ltr'><strong>igitur</strong></span> <span class='ocrx_word' id='word_1_270' title='bbox 1122 3002 1256 3082; x_wconf 89' lang='lat' dir='ltr'><strong>iligentia</strong></span> 
     </span>
     <span class='ocr_line' id='line_1_32' title="bbox 114 3026 1255 3173; baseline -0.003 -22"><span class='ocrx_word' id='word_1_271' title='bbox 114 3026 237 3152; x_wconf 78' lang='lat' dir='ltr'><strong>lectoris</strong></span> <span class='ocrx_word' id='word_1_272' title='bbox 257 3087 384 3150; x_wconf 90' lang='lat' dir='ltr'><strong>veniunt</strong></span> <span class='ocrx_word' id='word_1_273' title='bbox 404 3086 589 3172; x_wconf 91' lang='lat' dir='ltr'><strong>supplenda,</strong></span> <span class='ocrx_word' id='word_1_274' title='bbox 610 3088 759 3173; x_wconf 88' lang='lat' dir='ltr'><strong>imprimis</strong></span> <span class='ocrx_word' id='word_1_275' title='bbox 782 3099 902 3168; x_wconf 91' lang='lat' dir='ltr'><strong>autem,</strong></span> <span class='ocrx_word' id='word_1_276' title='bbox 924 3088 991 3172; x_wconf 92' lang='lat' dir='ltr'><strong>quis</strong></span> <span class='ocrx_word' id='word_1_277' title='bbox 1010 3090 1162 3171; x_wconf 87' lang='lat' dir='ltr'><strong>loquatur:</strong></span> <span class='ocrx_word' id='word_1_278' title='bbox 1184 3089 1255 3148; x_wconf 77' lang='lat' dir='ltr'><strong>&#39;lere</strong></span> 
     </span>
     <span class='ocr_line' id='line_1_33' title="bbox 114 3172 1256 3259; baseline -0.005 -21"><span class='ocrx_word' id='word_1_279' title='bbox 114 3176 201 3238; x_wconf 86' lang='lat' dir='ltr'><strong>enim</strong></span> <span class='ocrx_word' id='word_1_280' title='bbox 219 3172 389 3235; x_wconf 87' lang='lat' dir='ltr'><strong>dramati</strong></span> <span class='ocrx_word' id='word_1_281' title='bbox 398 3193 436 3234; x_wconf 89' lang='lat' dir='ltr'><strong>ca</strong></span> <span class='ocrx_word' id='word_1_282' title='bbox 451 3184 522 3236; x_wconf 81' lang='lat' dir='ltr'><strong>stant</strong></span> <span class='ocrx_word' id='word_1_283' title='bbox 537 3194 645 3234; x_wconf 90' lang='lat' dir='ltr'><strong>eorum</strong></span> <span class='ocrx_word' id='word_1_284' title='bbox 659 3175 777 3259; x_wconf 87' lang='lat' dir='ltr'><strong>scripta.</strong></span> <span class='ocrx_word' id='word_1_285' title='bbox 814 3175 892 3235; x_wconf 91' lang='lat' dir='ltr'><strong>Heic</strong></span> <span class='ocrx_word' id='word_1_286' title='bbox 906 3193 978 3253; x_wconf 89' lang='lat' dir='ltr'><strong>ergo</strong></span> <span class='ocrx_word' id='word_1_287' title='bbox 991 3172 1256 3256; x_wconf 86' lang='lat' dir='ltr'><strong>inducitur-philo-</strong></span> 
     </span>
     <span class='ocr_line' id='line_1_34' title="bbox 114 3257 1254 3346; baseline -0.006 -21"><span class='ocrx_word' id='word_1_288' title='bbox 114 3262 233 3346; x_wconf 80' lang='lat' dir='ltr'><strong>sophus</strong></span> <span class='ocrx_word' id='word_1_289' title='bbox 246 3261 375 3337; x_wconf 87' lang='lat' dir='ltr'><strong>juvenes</strong></span> <span class='ocrx_word' id='word_1_290' title='bbox 395 3257 453 3320; x_wconf 90' lang='lat' dir='ltr'><strong>sihi</strong></span> <span class='ocrx_word' id='word_1_291' title='bbox 474 3258 505 3319; x_wconf 91' lang='lat' dir='ltr'><strong>in</strong></span> <span class='ocrx_word' id='word_1_292' title='bbox 527 3257 718 3344; x_wconf 88' lang='lat' dir='ltr'><strong>disciplinam</strong></span> <span class='ocrx_word' id='word_1_293' title='bbox 732 3258 819 3322; x_wconf 89' lang='lat' dir='ltr'><strong>datos</strong></span> <span class='ocrx_word' id='word_1_294' title='bbox 839 3259 973 3322; x_wconf 87' lang='lat' dir='ltr'><strong>excitans</strong></span> <span class='ocrx_word' id='word_1_295' title='bbox 994 3268 1112 3343; x_wconf 86' lang='lat' dir='ltr'><strong>etpost</strong></span> <span class='ocrx_word' id='word_1_296' title='bbox 1130 3260 1254 3336; x_wconf 89' lang='lat' dir='ltr'><strong>longam</strong></span> 
     </span>
     <span class='ocr_line' id='line_1_35' title="bbox 166 3343 1253 3430; baseline 0 -24"><span class='ocrx_word' id='word_1_297' title='bbox 166 3343 295 3408; x_wconf 88' lang='lat' dir='ltr'><strong>ientiam</strong></span> <span class='ocrx_word' id='word_1_298' title='bbox 314 3343 445 3406; x_wconf 88' lang='lat' dir='ltr'><strong>irascens</strong></span> <span class='ocrx_word' id='word_1_299' title='bbox 467 3344 543 3420; x_wconf 91' lang='lat' dir='ltr'><strong>illis,</strong></span> <span class='ocrx_word' id='word_1_300' title='bbox 571 3343 654 3427; x_wconf 92' lang='lat' dir='ltr'><strong>quod</strong></span> <span class='ocrx_word' id='word_1_301' title='bbox 682 3346 778 3407; x_wconf 89' lang='lat' dir='ltr'><strong>serius</strong></span> <span class='ocrx_word' id='word_1_302' title='bbox 806 3367 861 3430; x_wconf 92' lang='lat' dir='ltr'><strong>pro</strong></span> <span class='ocrx_word' id='word_1_303' title='bbox 889 3365 945 3408; x_wconf 91' lang='lat' dir='ltr'><strong>suo</strong></span> <span class='ocrx_word' id='word_1_304' title='bbox 975 3365 1064 3407; x_wconf 91' lang='lat' dir='ltr'><strong>more</strong></span> <span class='ocrx_word' id='word_1_305' title='bbox 1087 3355 1253 3422; x_wconf 88' lang='lat' dir='ltr'><strong>surgerent.</strong></span> 
     </span>
     <span class='ocr_line' id='line_1_36' title="bbox 145 3428 1254 3515; baseline -0.003 -21"><span class='ocrx_word' id='word_1_306' title='bbox 145 3430 276 3494; x_wconf 85' lang='lat' dir='ltr'><strong>Philoso</strong></span> <span class='ocrx_word' id='word_1_307' title='bbox 297 3430 356 3492; x_wconf 93' lang='lat' dir='ltr'><strong>hus</strong></span> <span class='ocrx_word' id='word_1_308' title='bbox 374 3428 559 3492; x_wconf 84' lang='lat' dir='ltr'><strong>domesticus</strong></span> <span class='ocrx_word' id='word_1_309' title='bbox 577 3430 700 3492; x_wconf 92' lang='lat' dir='ltr'><strong>illorum</strong></span> <span class='ocrx_word' id='word_1_310' title='bbox 723 3452 763 3493; x_wconf 88' lang='lat' dir='ltr'><strong>ex</strong></span> <span class='ocrx_word' id='word_1_311' title='bbox 788 3452 915 3512; x_wconf 87' lang='lat' dir='ltr'><strong>genere,</strong></span> <span class='ocrx_word' id='word_1_312' title='bbox 946 3428 1114 3515; x_wconf 90' lang='lat' dir='ltr'><strong>dequibus</strong></span> <span class='ocrx_word' id='word_1_313' title='bbox 1135 3428 1254 3491; x_wconf 86' lang='lat' dir='ltr'><strong>Taurus</strong></span> 
     </span>
     <span class='ocr_line' id='line_1_37' title="bbox 113 3450 1253 3603; baseline -0.005 -23"><span class='ocrx_word' id='word_1_314' title='bbox 113 3536 164 3603; x_wconf 90' lang='lat' dir='ltr'><strong>ap.</strong></span> <span class='ocrx_word' id='word_1_315' title='bbox 181 3512 263 3579; x_wconf 87' lang='lat' dir='ltr'><strong>Gall.</strong></span> <span class='ocrx_word' id='word_1_316' title='bbox 276 3450 334 3592; x_wconf 66' lang='lat' dir='ltr'><strong>l&#39;l,</strong></span> <span class='ocrx_word' id='word_1_317' title='bbox 351 3519 407 3578; x_wconf 85' lang='lat'><strong>10:</strong></span> <span class='ocrx_word' id='word_1_318' title='bbox 429 3514 478 3580; x_wconf 83' lang='lat' dir='ltr'><strong>Ar</strong></span> <span class='ocrx_word' id='word_1_319' title='bbox 490 3535 589 3590; x_wconf 82' lang='lat' dir='ltr'><strong>nunc,</strong></span> <span class='ocrx_word' id='word_1_320' title='bbox 609 3516 640 3577; x_wconf 88' lang='lat' dir='ltr'><strong>iu</strong></span> <span class='ocrx_word' id='word_1_321' title='bbox 662 3516 714 3594; x_wconf 86' lang='lat' dir='ltr'><strong>uit,</strong></span> <span class='ocrx_word' id='word_1_322' title='bbox 737 3513 854 3580; x_wconf 84' lang='lat' dir='ltr'><strong>videre</strong></span> <span class='ocrx_word' id='word_1_323' title='bbox 869 3527 920 3578; x_wconf 85' lang='lat' dir='ltr'><strong>est</strong></span> <span class='ocrx_word' id='word_1_324' title='bbox 931 3511 1149 3601; x_wconf 82' lang='lat' dir='ltr'><strong>philosophos</strong></span> <span class='ocrx_word' id='word_1_325' title='bbox 1163 3513 1253 3575; x_wconf 83' lang='lat' dir='ltr'><strong>ultro</strong></span> 
     </span>
     <span class='ocr_line' id='line_1_38' title="bbox 112 3596 1252 3686; baseline -0.005 -20"><span class='ocrx_word' id='word_1_326' title='bbox 112 3618 277 3676; x_wconf 82' lang='lat' dir='ltr'><strong>currere,</strong></span> <span class='ocrx_word' id='word_1_327' title='bbox 300 3608 340 3662; x_wconf 82' lang='lat' dir='ltr'><strong>ut</strong></span> <span class='ocrx_word' id='word_1_328' title='bbox 365 3596 531 3671; x_wconf 82' lang='lat' dir='ltr'><strong>doceant,</strong></span> <span class='ocrx_word' id='word_1_329' title='bbox 563 3599 612 3663; x_wconf 84' lang='lat' dir='ltr'><strong>acl</strong></span> <span class='ocrx_word' id='word_1_330' title='bbox 652 3620 728 3664; x_wconf 84' lang='lat' dir='ltr'><strong>ores</strong></span> <span class='ocrx_word' id='word_1_331' title='bbox 745 3600 914 3686; x_wconf 84' lang='lat' dir='ltr'><strong>juvenum</strong></span> <span class='ocrx_word' id='word_1_332' title='bbox 936 3599 1098 3679; x_wconf 79' lang='lat' dir='ltr'><strong>divitum,</strong></span> <span class='ocrx_word' id='word_1_333' title='bbox 1130 3620 1252 3684; x_wconf 80' lang='lat' dir='ltr'><strong>eosque</strong></span> 
     </span>
     <span class='ocr_line' id='line_1_39' title="bbox 112 3682 1253 3774; baseline -0.005 -23"><span class='ocrx_word' id='word_1_334' title='bbox 112 3684 164 3752; x_wconf 85' lang='lat' dir='ltr'><strong>ihi</strong></span> <span class='ocrx_word' id='word_1_335' title='bbox 180 3682 302 3748; x_wconf 78' lang='lat' dir='ltr'><strong>se&#39;dere</strong></span> <span class='ocrx_word' id='word_1_336' title='bbox 317 3683 573 3771; x_wconf 81' lang='lat' dir='ltr'><strong>atque-operiri</strong></span> <span class='ocrx_word' id='word_1_337' title='bbox 589 3706 698 3774; x_wconf 82' lang='lat' dir='ltr'><strong>prope</strong></span> <span class='ocrx_word' id='word_1_338' title='bbox 719 3684 768 3750; x_wconf 82' lang='lat' dir='ltr'><strong>od</strong></span> <span class='ocrx_word' id='word_1_339' title='bbox 788 3686 984 3763; x_wconf 81' lang='lat' dir='ltr'><strong>meridiem,</strong></span> <span class='ocrx_word' id='word_1_340' title='bbox 1009 3684 1117 3748; x_wconf 80' lang='lat' dir='ltr'><strong>donec</strong></span> <span class='ocrx_word' id='word_1_341' title='bbox 1140 3683 1253 3745; x_wconf 75' lang='lat' dir='ltr'><strong>disei-</strong></span> 
     </span>
     <span class='ocr_line' id='line_1_40' title="bbox 78 3770 1252 3861; baseline -0.003 -25"><span class='ocrx_word' id='word_1_342' title='bbox 78 3772 81 3781; x_wconf 89' lang='lat'>&#39;</span> <span class='ocrx_word' id='word_1_343' title='bbox 110 3770 194 3861; x_wconf 83' lang='lat' dir='ltr'><strong>puli</strong></span> <span class='ocrx_word' id='word_1_344' title='bbox 207 3779 421 3835; x_wconf 75' lang='lat' dir='ltr'><strong>nocturnum</strong></span> <span class='ocrx_word' id='word_1_345' title='bbox 444 3790 544 3834; x_wconf 82' lang='lat' dir='ltr'><strong>omne</strong></span> <span class='ocrx_word' id='word_1_346' title='bbox 567 3770 686 3835; x_wconf 83' lang='lat' dir='ltr'><strong>vinum</strong></span> <span class='ocrx_word' id='word_1_347' title='bbox 712 3771 938 3835; x_wconf 82' lang='lat' dir='ltr'><strong>edormiant.“</strong></span> <span class='ocrx_word' id='word_1_348' title='bbox 967 3770 1041 3837; x_wconf 64' lang='lat' dir='ltr'><strong>or.</strong></span> <span class='ocrx_word' id='word_1_349' title='bbox 1074 3771 1129 3833; x_wconf 88' lang='lat' dir='ltr'><strong>Est</strong></span> <span class='ocrx_word' id='word_1_350' title='bbox 1149 3783 1252 3832; x_wconf 86' lang='lat' dir='ltr'><strong>autem</strong></span> 
     </span>
     <span class='ocr_line' id='line_1_41' title="bbox 111 3856 1251 3945; baseline -0.006 -23"><span class='ocrx_word' id='word_1_351' title='bbox 111 3880 196 3922; x_wconf 88' lang='lat' dir='ltr'><strong>unus</strong></span> <span class='ocrx_word' id='word_1_352' title='bbox 210 3879 228 3920; x_wconf 92' lang='lat' dir='ltr'><strong>e</strong></span> <span class='ocrx_word' id='word_1_353' title='bbox 241 3857 394 3943; x_wconf 88' lang='lat' dir='ltr'><strong>plmibus,</strong></span> <span class='ocrx_word' id='word_1_354' title='bbox 413 3858 465 3941; x_wconf 90' lang='lat' dir='ltr'><strong>qui</strong></span> <span class='ocrx_word' id='word_1_355' title='bbox 484 3878 503 3920; x_wconf 89' lang='lat' dir='ltr'><strong>a</strong></span> <span class='ocrx_word' id='word_1_356' title='bbox 519 3856 664 3921; x_wconf 86' lang='lat' dir='ltr'><strong>divitibus</strong></span> <span class='ocrx_word' id='word_1_357' title='bbox 680 3858 766 3921; x_wconf 93' lang='lat' dir='ltr'><strong>domi</strong></span> <span class='ocrx_word' id='word_1_358' title='bbox 786 3862 965 3945; x_wconf 90' lang='lat' dir='ltr'><strong>plerumque</strong></span> <span class='ocrx_word' id='word_1_359' title='bbox 987 3860 1158 3936; x_wconf 77' lang='lat' dir='ltr'><strong>alebantur3</strong></span> <span class='ocrx_word' id='word_1_360' title='bbox 1179 3856 1251 3919; x_wconf 87' lang='lat' dir='ltr'><strong>Plu-</strong></span> 
     </span>
     <span class='ocr_line' id='line_1_42' title="bbox 111 3941 1252 4030; baseline -0.005 -22"><span class='ocrx_word' id='word_1_361' title='bbox 111 3946 180 4008; x_wconf 90' lang='lat' dir='ltr'><strong>mio</strong></span> <span class='ocrx_word' id='word_1_362' title='bbox 196 3964 272 4008; x_wconf 89' lang='lat' dir='ltr'><strong>vero</strong></span> <span class='ocrx_word' id='word_1_363' title='bbox 288 3941 390 4023; x_wconf 85' lang='lat' dir='ltr'><strong>judice</strong></span> <span class='ocrx_word' id='word_1_364' title='bbox 406 3964 445 4005; x_wconf 85' lang='lat' dir='ltr'><strong>ex</strong></span> <span class='ocrx_word' id='word_1_365' title='bbox 460 3944 498 4006; x_wconf 91' lang='lat' dir='ltr'><strong>iis</strong></span> <span class='ocrx_word' id='word_1_366' title='bbox 512 3945 617 4022; x_wconf 82' lang='lat' dir='ltr'><strong>servis,</strong></span> <span class='ocrx_word' id='word_1_367' title='bbox 639 3946 691 4028; x_wconf 92' lang='lat' dir='ltr'><strong>qui</strong></span> <span class='ocrx_word' id='word_1_368' title='bbox 702 3946 803 4030; x_wconf 89' lang='lat' dir='ltr'><strong>pueris</strong></span> <span class='ocrx_word' id='word_1_369' title='bbox 818 3943 958 4006; x_wconf 84' lang='lat' dir='ltr'><strong>comites</strong></span> <span class='ocrx_word' id='word_1_370' title='bbox 973 3942 1128 4020; x_wconf 87' lang='lat' dir='ltr'><strong>dabantur,</strong></span> <span class='ocrx_word' id='word_1_371' title='bbox 1151 3965 1252 4019; x_wconf 87' lang='lat' dir='ltr'><strong>„non-</strong></span> 
     </span>
     <span class='ocr_line' id='line_1_43' title="bbox 111 4029 1251 4116; baseline -0.006 -21"><span class='ocrx_word' id='word_1_372' title='bbox 111 4048 220 4107; x_wconf 78' lang='lat' dir='ltr'><strong>nemo,</strong></span> <span class='ocrx_word' id='word_1_373' title='bbox 242 4029 295 4114; x_wconf 91' lang='lat' dir='ltr'><strong>qui</strong></span> <span class='ocrx_word' id='word_1_374' title='bbox 307 4048 398 4113; x_wconf 88' lang='lat' dir='ltr'><strong>supra</strong></span> <span class='ocrx_word' id='word_1_375' title='bbox 409 4030 552 4092; x_wconf 87' lang='lat' dir='ltr'><strong>servilem</strong></span> <span class='ocrx_word' id='word_1_376' title='bbox 568 4029 773 4092; x_wconf 92' lang='lat' dir='ltr'><strong>conditionem</strong></span> <span class='ocrx_word' id='word_1_377' title='bbox 786 4041 920 4116; x_wconf 85' lang='lat' dir='ltr'><strong>saperet,</strong></span> <span class='ocrx_word' id='word_1_378' title='bbox 941 4029 1135 4114; x_wconf 90' lang='lat' dir='ltr'><strong>philosophia</strong></span> <span class='ocrx_word' id='word_1_379' title='bbox 1150 4030 1251 4089; x_wconf 88' lang='lat' dir='ltr'><strong>omni-</strong></span> 
     </span>
     <span class='ocr_line' id='line_1_44' title="bbox 111 4113 1251 4201; baseline -0.008 -19"><span class='ocrx_word' id='word_1_380' title='bbox 111 4121 233 4201; x_wconf 88' lang='lat' dir='ltr'><strong>busque</strong></span> <span class='ocrx_word' id='word_1_381' title='bbox 261 4115 374 4176; x_wconf 89' lang='lat' dir='ltr'><strong>artibus</strong></span> <span class='ocrx_word' id='word_1_382' title='bbox 398 4115 570 4178; x_wconf 89' lang='lat' dir='ltr'><strong>liberalibus</strong></span> <span class='ocrx_word' id='word_1_383' title='bbox 594 4115 796 4194; x_wconf 87' lang='lat' dir='ltr'><strong>instructus.“]</strong></span> <span class='ocrx_word' id='word_1_384' title='bbox 844 4115 987 4177; x_wconf 89' lang='lat' dir='ltr'><strong>Errarunt</strong></span> <span class='ocrx_word' id='word_1_385' title='bbox 1010 4125 1128 4178; x_wconf 90' lang='lat' dir='ltr'><strong>veteres</strong></span> <span class='ocrx_word' id='word_1_386' title='bbox 1157 4113 1251 4173; x_wconf 89' lang='lat' dir='ltr'><strong>inter-</strong></span> 
     </span>
     <span class='ocr_line' id='line_1_45' title="bbox 110 4197 1249 4290; baseline -0.007 -25"><span class='ocrx_word' id='word_1_387' title='bbox 110 4214 214 4290; x_wconf 90' lang='lat' dir='ltr'><strong>pretes</strong></span> <span class='ocrx_word' id='word_1_388' title='bbox 227 4201 289 4279; x_wconf 89' lang='lat' dir='ltr'><strong>illi,</strong></span> <span class='ocrx_word' id='word_1_389' title='bbox 310 4199 362 4283; x_wconf 91' lang='lat' dir='ltr'><strong>qui</strong></span> <span class='ocrx_word' id='word_1_390' title='bbox 377 4199 548 4285; x_wconf 84' lang='lat' dir='ltr'><strong>paedagogi</strong></span> <span class='ocrx_word' id='word_1_391' title='bbox 562 4204 655 4264; x_wconf 89' lang='lat' dir='ltr'><strong>verba</strong></span> <span class='ocrx_word' id='word_1_392' title='bbox 674 4203 750 4263; x_wconf 90' lang='lat' dir='ltr'><strong>haec</strong></span> <span class='ocrx_word' id='word_1_393' title='bbox 771 4223 838 4264; x_wconf 89' lang='lat' dir='ltr'><strong>esse</strong></span> <span class='ocrx_word' id='word_1_394' title='bbox 851 4203 1013 4286; x_wconf 88' lang='lat' dir='ltr'><strong>putabant:</strong></span> <span class='ocrx_word' id='word_1_395' title='bbox 1034 4221 1097 4262; x_wconf 91' lang='lat' dir='ltr'><strong>non</strong></span> <span class='ocrx_word' id='word_1_396' title='bbox 1113 4198 1195 4259; x_wconf 88' lang='lat' dir='ltr'><strong>enim</strong></span> <span class='ocrx_word' id='word_1_397' title='bbox 1211 4197 1249 4258; x_wconf 91' lang='lat' dir='ltr'><strong>de</strong></span> 
     </span>
     <span class='ocr_line' id='line_1_46' title="bbox 108 4280 1288 4372; baseline -0.008 -20"><span class='ocrx_word' id='word_1_398' title='bbox 108 4291 149 4352; x_wconf 85' lang='lat' dir='ltr'><strong>iis</strong></span> <span class='ocrx_word' id='word_1_399' title='bbox 169 4290 204 4350; x_wconf 89' lang='lat' dir='ltr'><strong>in</strong></span> <span class='ocrx_word' id='word_1_400' title='bbox 218 4289 279 4365; x_wconf 79' lang='lat' dir='ltr'><strong>hac</strong></span> <span class='ocrx_word' id='word_1_401' title='bbox 293 4283 391 4347; x_wconf 87' lang='lat' dir='ltr'><strong>Satira</strong></span> <span class='ocrx_word' id='word_1_402' title='bbox 405 4286 516 4366; x_wconf 88' lang='lat' dir='ltr'><strong>agitur,</strong></span> <span class='ocrx_word' id='word_1_403' title='bbox 538 4287 590 4371; x_wconf 89' lang='lat' dir='ltr'><strong>qui</strong></span> <span class='ocrx_word' id='word_1_404' title='bbox 607 4288 640 4348; x_wconf 91' lang='lat' dir='ltr'><strong>in</strong></span> <span class='ocrx_word' id='word_1_405' title='bbox 656 4287 781 4372; x_wconf 90' lang='lat' dir='ltr'><strong>pueritia</strong></span> <span class='ocrx_word' id='word_1_406' title='bbox 796 4288 908 4372; x_wconf 87' lang='lat' dir='ltr'><strong>primas</strong></span> <span class='ocrx_word' id='word_1_407' title='bbox 930 4287 1029 4348; x_wconf 82' lang='lat' dir='ltr'><strong>literas</strong></span> <span class='ocrx_word' id='word_1_408' title='bbox 1042 4288 1099 4348; x_wconf 89' lang='lat' dir='ltr'><strong>sub</strong></span> <span class='ocrx_word' id='word_1_409' title='bbox 1121 4280 1249 4367; x_wconf 88' lang='lat' dir='ltr'><strong>praeda·</strong></span> <span class='ocrx_word' id='word_1_410' title='bbox 1285 4320 1288 4325; x_wconf 90' lang='lat'><em>-</em></span> 
     </span>
     <span class='ocr_line' id='line_1_47' title="bbox 110 4368 1248 4458; baseline -0.009 -20"><span class='ocrx_word' id='word_1_411' title='bbox 110 4396 193 4457; x_wconf 88' lang='lat' dir='ltr'><strong>gogo</strong></span> <span class='ocrx_word' id='word_1_412' title='bbox 214 4371 382 4449; x_wconf 90' lang='lat' dir='ltr'><strong>discerent,</strong></span> <span class='ocrx_word' id='word_1_413' title='bbox 404 4370 459 4434; x_wconf 91' lang='lat' dir='ltr'><strong>sed</strong></span> <span class='ocrx_word' id='word_1_414' title='bbox 484 4370 524 4433; x_wconf 89' lang='lat' dir='ltr'><strong>de</strong></span> <span class='ocrx_word' id='word_1_415' title='bbox 544 4371 620 4450; x_wconf 93' lang='lat' dir='ltr'><strong>illis,</strong></span> <span class='ocrx_word' id='word_1_416' title='bbox 643 4374 694 4458; x_wconf 88' lang='lat' dir='ltr'><strong>qui</strong></span> <span class='ocrx_word' id='word_1_417' title='bbox 714 4394 806 4458; x_wconf 90' lang='lat' dir='ltr'><strong>opera</strong></span> <span class='ocrx_word' id='word_1_418' title='bbox 824 4373 1000 4458; x_wconf 87' lang='lat' dir='ltr'><strong>philosophi</strong></span> <span class='ocrx_word' id='word_1_419' title='bbox 1019 4369 1125 4434; x_wconf 89' lang='lat' dir='ltr'><strong>studiis</strong></span> <span class='ocrx_word' id='word_1_420' title='bbox 1147 4368 1248 4452; x_wconf 89' lang='lat' dir='ltr'><strong>philo-</strong></span> 
     </span>
     <span class='ocr_line' id='line_1_48' title="bbox 82 4454 1249 4547; baseline -0.01 -21"><span class='ocrx_word' id='word_1_421' title='bbox 82 4524 88 4531; x_wconf 84' lang='grc'><strong><em>,</em></strong></span> <span class='ocrx_word' id='word_1_422' title='bbox 108 4460 243 4547; x_wconf 87' lang='lat' dir='ltr'><strong>sophiae</strong></span> <span class='ocrx_word' id='word_1_423' title='bbox 261 4457 486 4519; x_wconf 85' lang='lat' dir='ltr'><strong>imbuebantur.</strong></span> <span class='ocrx_word' id='word_1_424' title='bbox 527 4457 570 4520; x_wconf 82' lang='lat' dir='ltr'><strong>Ac</strong></span> <span class='ocrx_word' id='word_1_425' title='bbox 588 4456 709 4523; x_wconf 89' lang='lat' dir='ltr'><strong>Romae</strong></span> <span class='ocrx_word' id='word_1_426' title='bbox 729 4457 854 4543; x_wconf 90' lang='lat' dir='ltr'><strong>quidem</strong></span> <span class='ocrx_word' id='word_1_427' title='bbox 875 4469 1031 4539; x_wconf 87' lang='lat' dir='ltr'><strong>magnates</strong></span> <span class='ocrx_word' id='word_1_428' title='bbox 1048 4454 1130 4518; x_wconf 88' lang='lat' dir='ltr'><strong>soliti</strong></span> <span class='ocrx_word' id='word_1_429' title='bbox 1147 4454 1249 4539; x_wconf 90' lang='lat' dir='ltr'><strong>philo-</strong></span> 
     </span>
     <span class='ocr_line' id='line_1_49' title="bbox 155 4540 1079 4615; baseline -0.004 -16"><span class='ocrx_word' id='word_1_430' title='bbox 155 4541 274 4599; x_wconf 76' lang='lat' dir='ltr'><strong>Gutoah.</strong></span> <span class='ocrx_word' id='word_1_431' title='bbox 284 4540 382 4597; x_wconf 74' lang='lat' dir='ltr'><strong>oon.</strong></span> <span class='ocrx_word' id='word_1_432' title='bbox 394 4540 432 4595; x_wconf 80' lang='lat' dir='ltr'><strong>ad</strong></span> <span class='ocrx_word' id='word_1_433' title='bbox 445 4540 519 4615; x_wconf 51' lang='grc' dir='ltr'><strong>,ΡΜ</strong></span> <span class='ocrx_word' id='word_1_434' title='bbox 755 4542 758 4547; x_wconf 88' lang='grc'><strong>’</strong></span> <span class='ocrx_word' id='word_1_435' title='bbox 797 4572 800 4577; x_wconf 76' lang='lat'><em>=</em></span> <span class='ocrx_word' id='word_1_436' title='bbox 1032 4546 1079 4607; x_wconf 72' lang='lat' dir='ltr'>u</span> 
     </span>
    </p>
   </div>
   <div class='ocr_carea' id='block_1_3' title="bbox 0 0 1354 4972">
    <p class='ocr_par' dir='ltr' id='par_1_3' title="bbox 0 0 1354 4972">
     <span class='ocr_line' id='line_1_50' title="bbox 0 0 1354 4972; baseline 0 1"><span class='ocrx_word' id='word_1_437' title='bbox 0 0 1354 4972; x_wconf 95' lang='lat' dir='ltr'><strong> </strong></span> 
     </span>
    </p>
   </div>
  </div>
 </body>
</html>
