2700 4972
464 335 535 408 ,ΙΝ
559 333 789 404 PERSIUM.

86 502 159 567 item
181 502 234 567 illa
256 536 260 543 ·
658 585 661 593 ¹

457 604 471 621 “
562 587 751 678 illigarit,
775 615 851 657 cum
872 593 934 658 tibi
947 594 1044 661 calve

154 671 307 761 Pinguis
324 674 539 764 aqualiculus
545 688 713 764 protenso
729 677 924 771 sesquipede
943 692 1042 746 extet.

73 791 129 857 lsta
156 814 255 860 vero:
343 802 345 809 '
395 824 397 829 ·
661 831 664 835 ·

156 893 190 960 0
203 894 313 979 June,
329 920 353 961 a
372 907 470 986 tergo
491 923 588 988 quem
598 924 632 965 n.
648 913 727 982 cett,

72 1014 318 1097 indignationem
330 1019 412 1084 illins
425 1021 524 1101 magis
540 1033 668 1102 arguunt
685 1041 778 1107 quarn
795 1020 996 1107 aptitudinem
1017 1020 1056 1085 ad
1072 1044 1207 1088 moven-

14 1124 17 1131 ·
71 1101 143 1165 dum
162 1102 280 1187 risum3
301 1106 375 1190 quin
397 1107 507 1186 etiam,
528 1108 606 1170 sicut
624 1106 883 1171 inDemosthene
903 1110 1101 1173 observarunt
1120 1123 1208 1174 vete·
1282 1154 1287 1161 ι
1309 1114 1312 1123 “

69 1209 114 1251 res
134 1189 246 1269 critici,
267 1213 426 1277 nunquam
453 1191 533 1259 adeo
551 1213 570 1254 a
591 1215 660 1256 sese
678 1194 782 1279 ipsum
803 1194 888 1257 abire
905 1195 1070 1278 quamubi
1090 1196 1206 1261 facetus
1311 1224 1316 1235 ¹

69 1273 260 1363 udtvideri:
282 1277 325 1339 ita
344 1299 403 1340 nos
423 1276 462 1340 de
477 1278 581 1342 Persio
618 1281 793 1342 ronuntiare
812 1301 877 1342 non
897 1299 1072 1360 vereamur,
1095 1282 1122 1360 si
1145 1304 1207 1367 qua

67 1371 134 1423 sunt
147 1360 185 1423 io
200 1359 269 1440 ejus
281 1364 360 1426 libro
373 1359 577 1443 frigidiuscula
594 1300 688 1440 dicta,
710 1366 738 1428 si
760 1386 820 1451 qua
836 1387 875 1427 ex
889 1366 1023 1450 periculo
1042 1367 1150 1451 petita,
1172 1368 1205 1431 iu

67 1465 99 1507 ea
116 1444 228 1531 ipsum
245 1447 413 1526 incidisse,
435 1448 509 1511 dum
532 1452 648 1536 quaerit
670 1454 757 1530 jocos
777 1463 808 1513 et
825 1452 892 1514 vult
911 1448 1024 1530 ridere,
1047 1451 1130 1536 quod
1151 1450 1216 1538 p‘er.

65 1541 280 1596 namraesuae
291 1545 566 1620 temperamentum
584 1536 629 1598 illi
643 1557 836 1621 nequaquam
851 1537 977 1601 licebat:
996 1539 1205 1603 frustrastenim
1247 1608 1250 1617 ,

65 1627 108 1679 est
126 1639 202 1680 cum
219 1619 403 1704 persuadere
421 1623 488 1685 vult
509 1621 599 1684 nobis
618 1622 712 1685 fuisse
732 1644 766 1685 se
782 1623 932 1726 petulanti
953 1625 1058 1707 splene
1081 1624 1204 1687 cachin-

64 1724 180 1765 nonem
198 1705 241 1783 [r.
256 1704 296 1767 ad
313 1704 338 1785 l,
358 1708 426 1785 til:
449 1707 508 1768 ain’
524 1719 558 1768 tu
571 1705 680 1772 Persi?
704 1701 811 1785 οὐδε,
837 1695 864 1771 oi
886 1702 1002 1789 ἀγαθὲ,
1025 1705 1119 1783 ἵλεως
1135 1707 1203 1794 εἴης

63 1798 92 1851 et
100 1790 198 1853 nobis
212 1791 347 1870 ignosce,
357 1792 415 1876 ¹qui
427 1793 490 1854 hoc
503 1792 559 1855 tibi
571 1813 635 1854 non
653 1791 821 1875 credimus}
843 1793 917 1877 quin
929 1794 1033 1878 potius
1045 1794 1202 1857 existima-

14 1906 18 1913 ·
61 1893 130 1937 mus
143 1875 181 1937 in'
200 1886 234 1938 te
247 1877 425 1961 expetiisse,
447 1877 532 1962 quod
544 1878 610 1964 apis
623 1878 721 1940 Attica
736 1876 775 1940 de
790 1877 883 1953 Persa
897 1878 1002 1941 nescio
1023 1901 1083 1964 quo
1108 1877 1200 1947 dixitz
1308 1882 1311 1890 ’

65 1953 116 2022 ὅτι
135 1955 226 2047 ῥᾷόν
239 1956 310 2027 ἐστι
329 1962 398 2044 πῦρ
419 1957 572 2041 ἐκτρέψαι
598 1955 666 2027 ἀπὸ
689 1965 756 2027 σοῦ
783 1957 799 1981 l
816 1960 952 2045 γέλωτα.
984 1964 1040 2040 [lta
1049 1963 1218 2051 Xenoph.··
1298 2022 1301 2029 .
1323 2018 1327 2027 .

63 2043 176 2132 Cyrop.
185 2045 267 2127 11‚2‚
277 2044 306 2129 §·
316 2046 375 2115 15:
397 2042 466 2113 ἐπεὶ
485 2043 521 2112 ἓν
531 2068 568 2131 γε
581 2050 645 2113 σοῦ
657 2050 737 2129 πῦρ,
754 1985 861 2130 cipue,
874 2045 960 2135 ῥᾷον
972 2045 1015 2113 ἄν
1028 2069 1077 2125 τις
1090 2045 1195 2133 ἐκτρί-

58 2135 154 2206 ψειεν
167 2125 191 2214 ἢ
203 2128 329 2214 γέλωτα
342 2127 507 2217 ἐξαγάγοι.
530 2133 598 2199 Cas.
611 2133 773 2200 eDemetr.
784 2132 859 2214 περὶ
872 2130 941 2216 ἓρμ.
951 2132 981 2217 §.
995 2134 1197 2217 18l.hausit.]

56 2214 229 2280 Enimvero
250 2240 321 2281 cum
341 2220 403 2283 sint
417 2222 481 2283 loci'
495 2223 614 2307 plures,
636 2243 654 2284 e
675 2222 785 2306 quibus
805 2220 928 2283 ridicula
947 2219 1027 2283 dicta
1043 2219 1198 2300 ducantur,

55 2301 205 2367 Horatius
219 2314 249 2366 et
256 2303 413 2369 iuvenalis
428 2327 483 2369 eos
495 2309 581 2385 jocos
595 2329 660 2368 non
671 2327 739 2368 raro
753 2317 942 2392 usurparunt,
957 2306 1067 2391 quibus
1082 2307 1197 2391 aliquid
1213 2317 1215 2331 ²
1245 2325 1259 2351 ι·

55 2388 176 2452 inesset
192 2391 357 2454 obscoeni:
379 2413 439 2476 qua
453 2392 626 2478 impuritate
644 2414 714 2453 cum
727 2395 793 2454 sere
813 2393 846 2453 in
868 2402 968 2454 totum
987 2391 1110 2454 Persius
1124 2394 1197 2456 abs-
1288 2468 1291 2473 ¹

54 2474 197 2553 tinuerit,
218 2498 283 2537 non
304 2478 461 2558 ambigant
482 2478 549 2541 sani
567 2476 698 2557 judices,
722 2479 794 2563 quin
817 2477 909 2540 etiam
932 2477 964 2538 in
984 2498 1022 2539 eo
1046 2473 1194 2542 dicendus

54 2560 95 2622 sit
111 2561 255 2640 vincere,
282 2562 315 2623 in
337 2581 405 2648 quo*
429 2565 515 2649 culpa
541 2564 657 2644 ingenii
679 2564 823 2626 uincitur:
853 2563 984 2625 nimium
1009 2564 1094 2625 enim
1116 2565 1193 2627 risus

53 2646 188 2730 pretium
212 2657 274 2726 est,
290 2647 331 2721 „si
348 2649 517 2712 honestatis
537 2660 568 2712 et
586 2648 744 2735 probitatis
769 2648 928 2735 impendio
951 2644 1077 2713 constat.
1129 2647 1193 2711 Sed

53 2752 135 2816 quae
145 2731 246 2795 ridere
259 2734 385 2813 negavit
397 2733 502 2798 Persio
515 2746 636 2813 natura,
657 2735 775 2814 ingenti
794 2734 866 2798 dote
880 2733 1033 2796 defectum
1055 2745 1085 2796 et
1098 2726 1193 2797 riori-

10 2821 20 2829 '
53 2837 146 2900 ρημα
159 2816 244 2881 istud
259 2821 416 2909 pensavit,
440 2842 510 2883 cum
529 2821 573 2883 illi
593 2821 659 2883 uim
678 2818 763 2882 dedit
781 2832 813 2882 et
829 2820 1035 2887 ,acrimoniam
1054 2830 1085 2882 et
1105 2819 1190 2900 illud,

52 2900 140 2989 quod
158 2903 296 2984 magistri
317 2903 439 2968 dicendi
460 2901 499 2970 τὸ
522 2900 706 2988 ἐναγώνιον
730 2906 862 2987 πνεῦμα
877 2905 977 2968 dicere
992 2918 1190 2987 consuerunt3

51 3009 146 3074 quam
168 2990 313 3053 virtutem
333 2993 410 3054 tanti
436 2992 508 3053 facit
531 2994 648 3055 criticus
673 2992 964 3069 Halicarnassensis,
996 3001 1029 3051 ut
1048 2989 1190 3054 isocratis

51 3075 244 3154 orationem,
265 3074 349 3162 quod
365 3099 403 3140 ca
425 3089 555 3156 careret,
577 3078 680 3138 anima
701 3098 802 3140 carere
823 3076 919 3140 dicat:
941 3077 974 3138 in
987 3075 1091 3139 Persio
1113 3097 1189 3138 vero

50 3160 261 3246 quispiritus?
291 3163 342 3247 qui
358 3162 468 3228 ardor?
490 3163 542 3249 qui
554 3162 691 3226 stimuli?
713 3183 787 3224 nam
806 3164 929 3225 libertas
951 3159 1076 3246 quidem
1095 3172 1188 3240 tanta,

49 3257 84 3307 ut
95 3266 139 3307 ne
149 3247 260 3309 mortis
278 3247 403 3332 quidem
422 3261 508 3311 metu
528 3246 639 3310 adduci
658 3248 806 3335 potuerit,
829 3268 890 3331 quo
904 3245 1020 3310 Neroni
1037 3256 1187 3332 parceret}
1249 3254 1252 3271 '

49 3343 204 3395 ettamen
222 3333 449 3397 lenissimorum
468 3335 564 3398 fuisse
581 3354 705 3415 morum
725 3333 916 3419 accepimus:
945 3329 1002 3394 sed
1019 3352 1121 3394 acrem
1135 3335 1238 3414 sa-(tr)
1272 3368 1275 3383 ·

49 3418 150 3480 ciebat
168 3418 215 3480 im
238 3439 357 3483 cessum
375 3424 439 3500 ejus
460 3420 564 3482 animo
589 3418 716 3504 altisque
738 3419 846 3480 nixum
867 3417 1018 3480 radicibus
1041 3418 1187 3480 vitiorum

48 3500 168 3567 odium.
268 3503 310 3567 od
323 3507 413 3586 igitur
426 3505 599 3570 desiderant
610 3507 773 3591 sapientes,
796 3515 898 3567 contra
911 3503 984 3565 vitia
999 3502 1059 3564 dici
1070 3524 1186 3589 aspere,

48 3600 152 3652 contra
163 3589 300 3675 pericula
320 3582 474 3671 animose,
497 3603 601 3654 contra
621 3594 777 3653 fortunam
788 3592 940 3677 superbe,
965 3599 1069 3649 contra
1083 3590 1185 3650 ambi-

47 3674 167 3739 tionem
182 3679 417 3755 contumeliose,
439 3691 475 3739 ut
488 3675 529 3739 ad
540 3676 692 3740 Senecam
704 3697 796 3739 suum
811 3675 928 3760 scripsit
944 3675 1020 3736 olim
1033 3673 1184 3739 Lucilius:
1297 3707 1300 3711 ·

45 3758 79 3822 id
100 3782 174 3823 cum
195 3772 302 3824 noster
326 3764 452 3842 efficiat,
489 3761 566 3825 illud
585 3763 678 3825 simul
705 3757 742 3825 ἐκ
771 3762 901 3825 πολλοῦ
923 3762 984 3824 τοῦ
1007 3754 1184 3839 περιόνιος

45 3857 194 3930 praestat,
209 3845 301 3932 quod
314 3862 384 3913 ante
397 3848 592 3927 dicebamus,
614 3860 647 3910 ut
661 3848 773 3933 liqueat
791 3847 847 3909 tibi
860 3848 947 3908 illum
961 3846 1093 3909 sensisse
1106 3866 1184 3930 quae

44 3931 294 4033 ffl?⁵iss‚ffl¹l¹¹⁸
306 3934 367 3998 hae
375 3946 445 3998 sunt
461 3934 648 3996 differentiae
659 3933 850 4019 praecipuae,
860 3953 934 4081 appas
942 3931 976 3993 in
988 3931 1084 3994 tribus
1097 3931 1182 3994 hisce
1198 3952 1226 4007 J<

45 4019 147 4103 poetis
162 4040 240 4081 circa
254 4018 308 4083 illa
330 4019 604 4107 deprehendimus,
626 4040 705 4104 quae
720 4017 851 4081 Satiram
904 4037 1048 4080 omanem
1060 4017 1182 4119 proprie
1211 4076 1218 4099 ,
1291 4072 1295 4079 .

44 4101 334 4186 χαρακτηρίζονσι.
377 4104 425 4169 ld
441 4107 572 4191 reliquas
588 4127 662 4168 vero
676 4102 760 4189 quod
775 4105 881 4167 attinet
899 4105 1042 4180 virtutes,
1066 4121 1126 4165 roo
1146 4120 1181 4166 rs
1209 4104 1225 4146 t

44 4192 278 4272 ποαγμοιιικοῦ
296 4188 352 4257 καὶ
379 4193 440 4256 τοῦ
458 4193 611 4255 λεκτικοῦ
634 4185 758 4267 τόπον,
787 4211 827 4253 ne
844 4192 971 4271 longum
990 4188 1115 4264 faciam,
1137 4187 1178 4248 ita

45 4277 162 4341 sentio:
184 4277 316 4362 puritate
329 4278 499 4355 sermonis,
522 4278 615 4358 gratia
635 4275 843 4337 narrationum
863 4287 894 4337 et
913 4270 1066 4355 ἀφελείᾳ,
1089 4283 1178 4355 atque

46 4358 251 4449 inexplicabili
262 4363 532 4453 quodam,¹etiam
547 4374 630 4426 extra
644 4365 746 4441 jocos,
766 4362 873 4447 lepore
889 4360 1009 4424 excellit
1017 4358 1179 4438 Horatius;
1270 4384 1275 4393 ‘
