2700 4972
63 422 87 441 ,,
178 404 228 445 xx
326 338 330 345 ’
467 426 473 433 .
586 356 955 477 sinesin
1069 388 1073 399 ·

180 550 254 620 Pro
277 545 384 613 nitito
400 532 566 636 pendas?
589 588 627 596 -
650 546 730 612 Ecce
748 550 827 613 intcr
847 552 955 636 pocula
977 542 1124 639 quaerunt
1165 608 1168 613 .
1280 560 1324 624 80

180 643 368 743 Romulidae
387 652 496 736 saturi,
525 654 598 742 quid
620 655 671 717 dia
690 654 834 743 poemata
855 670 983 721 narrent.

147 824 150 831 .
180 768 258 831 Heic
280 765 403 852 aliquis,
432 764 481 826 cui
503 764 614 825 circrnn
635 765 781 827 humeros
803 765 998 846 hyacinthina
1020 768 1109 830 laena
1125 779 1194 845 cst,
1254 844 1256 850 Ι

180 873 386 939 Rancidulum
407 869 554 956 quiddam
574 869 665 935 balba
687 870 726 934 de
746 860 819 935 nare¹
840 874 977 950 locutus,

180 980 352 1067 Phyllidas,
383 977 588 1065 Hypsipylae,
615 991 721 1042 vatum
742 991 774 1043 et
792 980 940 1066 plorabile
961 1002 988 1043 sr
1009 979 1097 1066 quid,

137 1158 139 1163 ,
180 1090 304 1177 Eliquat
322 1109 358 1151 ac
379 1099 484 1149 tenero
507 1088 679 1173 supplantat
698 1088 794 1150 verba
814 1089 926 1172 palato.

159 1200 345 1283 ''Assensere
365 1194 442 1261 viri:
485 1214 566 1256 nunc
586 1215 651 1255 non
672 1194 747 1257 cinis
766 1195 819 1257 ille
841 1193 951 1280 politae

181 1304 291 1370 Felix?
334 1324 400 1365 non
420 1301 518 1365 levior
539 1301 644 1387 cippus
665 1323 746 1362 nunc
768 1300 914 1387 imprimit
936 1302 1028 1365 ossa?
1071 1296 1074 1305 ’
1112 1316 1115 1321 ’

183 1411 322 1477 Laudant
344 1409 510 1474 convivae:
554 1430 635 1470 nunc
660 1429 724 1470 uon
746 1429 764 1468 e
783 1409 925 1471 manibus
946 1409 1020 1488 illis,

181 1521 271 1587 Nunc
291 1539 355 1580 non
377 1539 395 1579 e
415 1517 534 1578 tumulo
555 1519 767 1598 fortunataque
786 1516 891 1579 favilla

98 1678 104 1695 ,
182 1627 350 1693 Nasceutur
369 1604 495 1689 violae?
519 1660 560 1673 -
591 1621 720 1701 Rides,
750 1622 806 1702 ait,
836 1631 871 1685 et
892 1620 996 1686 nimis
1018 1621 1117 1689 uncis
1276 1628 1325 1696 ²40

184 1730 343 1799 Naribus
366 1727 547 1816 indulges:
576 1751 622 1793 an
645 1728 713 1793 erit
736 1728 795 1817 qui
815 1726 906 1794 velle
930 1741 1060 1795 recuset
1128 1782 1131 1788 ,

186 1838 238 1906 Oa
255 1835 378 1926 populi
402 1835 588 1917 meruisse,
617 1847 651 1900 et
674 1834 775 1900 cedro
799 1834 910 1925 digno
932 1837 1067 1902 locutus

184 1945 359 2033 Linquere
370 1965 433 2006 nec
449 1943 622 2008 scombros
641 1944 833 2009 metuentia
847 1942 1007 2009 carmina
1020 1966 1084 2009 nec
1098 1942 1205 2010 thus?
1221 1984 1259 1995 -

185 2053 339 2141 Quisquis
356 2074 407 2130 es,
437 2073 456 2113 o
478 2050 574 2113 modo
600 2073 693 2137 quem
714 2074 754 2115 ex
774 2050 904 2117 adverso
927 2051 1029 2116 dicere
1049 2055 1123 2135 feci,

185 2162 256 2229 Non
279 2182 354 2241 ego,
383 2181 453 2221 curn
474 2160 593 2236 scribo,
617 2160 644 2223 si
665 2163 744 2224 forte
765 2160 839 2247 quid
860 2162 959 2248 aptius
981 2162 1060 2243 exit,
1083 2202 1122 2211 -
1285 2163 1328 2233 45

186 2266 321 2349 Quando
345 2268 422 2328 hacc
443 2288 509 2329 rara
530 2267 596 2331 aris
618 2278 682 2348 est,
699 2301 743 2314 -
763 2270 790 2333 si
811 2268 884 2355 quid
905 2281 1009 2332 tamen
1030 2271 1129 2358 aptius
1150 2272 1229 2352 exit,

186 2373 318 2441 Laudari
338 2385 489 2437 metuam:
531 2376 739 2461 nequeenim
759 2377 838 2439 mihi
859 2377 970 2440 'comea
990 2376 1066 2442 fibra
1088 2390 1151 2443 est:

187 2482 251 2550 Sed
272 2483 345 2545 recti
364 2483 520 2575 finemque
541 2493 772 2570 extremumque
796 2507 865 2549 esse
885 2505 992 2548 recuso

188 2588 301 2681 EUGE
319 2601 407 2651 tuum
429 2599 460 2651 et
480 2586 633 2681 BELLE:
675 2610 750 2651 narn
770 2570 904 2654 BELLE
928 2594 989 2656 hoc
1011 2605 1119 2658 excute
1140 2605 1258 2660 totum:

119 2758 125 2765 .
190 2698 275 2779 Quid
296 2720 358 2760 non
379 2698 461 2760 intus
480 2697 597 2762 habet?
639 2695 712 2760 Nou
729 2698 800 2759 heic
821 2711 867 2761 est
884 2698 957 2764 Ilias
978 2702 1049 2764 Acci
1220 2756 1225 2767 .
1285 2703 1326 2768 50

188 2805 280 2870 Ebria
303 2805 445 2871 veratro?
484 2825 549 2867 non
570 2805 597 2868 si
619 2825 678 2890 qua
699 2803 829 2885 elegidia
849 2806 932 2871 crudi
980 2884 983 2889 ,

188 2914 347 2978 Dictarunt
367 2912 534 2998 proceres?
572 2935 640 2976 non
661 2912 802 2998 quicquid
826 2913 957 3002 denique
977 2915 1063 2979 lectis

189 3022 335 3087 Scribitur
355 3020 386 3081 in
409 3019 531 3084 citreis?
576 3018 718 3083 Calidum
739 3020 798 3083 scis
821 3043 937 3107 ponere
959 3044 1084 3102 sumen3

188 3130 255 3196 Scis
280 3129 425 3191 comitem
444 3125 636 3189 horridulum
654 3129 721 3190 trita
742 3126 858 3192 donare
877 3130 1012 3208 lacerna,

92 3286 95 3291 .
187 3237 242 3316 Et,
269 3237 404 3311 Verum,
430 3235 547 3320 inquis,
577 3256 667 3314 em03
694 3256 804 3298 verum
824 3238 903 3301 mihi
927 3235 1018 3300 dicite
1038 3235 1079 3299 de
1100 3240 1170 3301 me!
1286 3240 1327 3307 56

188 3343 254 3424 Qui
274 3345 371 3430 pote?
414 3343 462 3406 vis
483 3320 606 3407 dicam?
649 3344 785 3424 nugaris,
815 3334 887 3407 cum
907 3343 978 3423 tibi,
1011 3346 1111 3423 calve,

187 3450 313 3531 Pinguis
334 3438 519 3533 aqualiculus
540 3471 692 3535 propenso
714 3449 897 3538 sesquipede
917 3460 1010 3515 extet.

189 3557 334 3637 OJane,
363 3579 381 3620 a
404 3568 489 3637 tergo
511 3578 604 3642 quem
624 3560 706 3620 nulla
729 3558 846 3623 ciconia
866 3558 975 3646 pinsit,

187 3664 252 3730 Nec
273 3687 382 3728 manus
404 3665 550 3729 auriculas
569 3664 681 3727 imitari
700 3668 825 3733 mobilis
847 3669 947 3745 albas,

187 3773 252 3837 Nec
273 3774 411 3855 linguae,
442 3784 587 3859 quantum
608 3773 688 3836 sitiat
714 3775 796 3838 canis
816 3774 953 3861 Appula,
983 3774 1119 3835 tantum!
1288 3782 1329 3843 60

188 3878 272 3959 Vos,
302 3901 321 3942 o
342 3879 485 3967 patricius
506 3881 645 3962 sanguis,
678 3903 755 3967 quos
776 3882 883 3947 vivere
903 3885 950 3945 fas
973 3892 1019 3945 est

184 3984 321 4073 ‘Occipiti
343 4009 450 4067 caeco,
480 3989 614 4075 posticae
636 3989 782 4053 occurrito
801 3989 930 4054 sannae!
956 4022 994 4034 -

275 4091 362 4174 Quis
381 4093 503 4182 populi
516 4116 639 4159 sermo
662 4094 740 4161 est?
758 4132 800 4143 -
821 4094 902 4179 Quis
924 4097 1031 4162 enim?
1067 4098 1126 4163 uisi
1154 4100 1287 4163 carmina

834 4204 923 4267 molli
976 4242 979 4249 ·

187 4303 276 4370 Nunc
299 4306 426 4375 demum
446 4332 573 4376 numero
591 4313 707 4389 fluere,
733 4322 767 4374 ut
787 4334 844 4400 per
864 4316 953 4415 laeve
973 4332 1100 4377 severos

189 4444 343 4455 ...ᾐ-
366 4450 380 4457 ,.

259 4503 292 4558 V.
309 4505 353 4563 ³5.
372 4514 399 4563 et
414 4514 469 4564 ten.
486 4537 520 4547 -
541 4506 575 4562 V.
593 4508 637 4564 59.
655 4506 762 4563 inritatu
778 4515 827 4563 ert.
846 4534 881 4549 —
899 4508 932 4562 V.
952 4509 996 4563 60.
1013 4516 1114 4563 tantae.
