2700 4972
66 336 110 399 a
271 280 274 287 ¹
433 280 840 398 conrrunrrrrus

73 508 95 553 '-
155 501 207 569 58.
231 496 385 585 Odiana,
407 521 431 563 α
453 508 553 589 tergo
574 522 675 588 prtem
696 492 797 566 uulda
819 493 955 566 ciconio
970 497 1125 586 Pincia}
1140 503 1211 567 Hoc-

14 611 19 618 ·
69 608 160 655 versu
173 600 203 661 et
214 587 338 677 duobus¹
347 589 543 672 sequentibus
552 588 699 675 judicium
711 610 817 667 suum,
840 588 924 673 quod
941 586 1040 650 modo
1054 590 1206 674 exposuit,

69 675 228 736 confirmat
247 674 339 735 eti'am
351 674 481 735 aliorum
499 675 667 753 suffragiis:
689 685 724 736 ut
740 674 1013 755 intelligerentisti
1030 694 1100 735 non
1120 695 1205 737 suam
1223 740 1227 751 ¹

68 760 157 821 unius
169 759 351 821 seutentiam
362 760 441 820 hanc
454 780 538 837 esse,
560 781 669 823 verum
686 761 841 844 publicam
857 761 1008 821 omnium·
1019 771 1114 843 atque
1129 759 1222 822 adeo'

67 845 189 907 illorum
202 844 355 927 ipsorum,
377 845 429 928 qui
441 842 533 906 foeda
552 847 756 908 assentatione
774 846 855 908 soliti
875 844 1019 927 laudare:
1045 864 1122 906 nam
1135 846 1205 909 istos

68 933 172 1015 palam
187 928 311 1013 quidem
331 929 411 990 etin
435 951 470 1007 os
492 928 631 1009 laudare,
654 933 795 994 absentes
815 953 890 993 veru
908 952 972 991 non
991 930 1153 993 continere
1165 953 1205 1009 se,
1252 988 1254 1007 ,

68 1016 140 1099 quin
155 1012 238 1099 quod
252 1013 383 1076 sentiant
395 1016 540 1079 velvoce
552 1018 603 1078 vel
623 1027 710 1095 gestu
731 1017 917 1101 exprimant3
939 1016 1027 1101 ipsos
1048 1037 1126 1080 vero
1147 1027 1206 1078 stu-

67 1099 159 1185 pidos
179 1100 378 1163 vehementer
396 1118 480 1179 esse,
509 1101 562 1184 qui
578 1101 735 1173 irrisiones
756 1103 879 1164 illorum
899 1123 964 1163 non
986 1100 1205 1182 intelligerent:

68 1188 219 1247 exclamat
231 1184 321 1264 igitur
335 1177 539 1267 ἄναιθησίαν
551 1186 679 1248 istorum
697 1199 728 1249 et
739 1199 896 1273 stuporem
913 1185 1080 1250 admirans.
1125 1186 1207 1249 Haec

68 1268 151 1332 nuda
164 1278 211 1332 e'st
224 1270 315 1349 hujus
330 1271 391 1335 loci
403 1270 568 1350 sententia3
592 1292 701 1335 verum
724 1293 794 1335 eam
811 1272 904 1358 poita
926 1268 1208 1357 ἐσχηματισμένος
1228 1340 1232 1347 ,

69 1351 125 1419 diui
137 1358 199 1420 τοῦ
214 1350 367 1420 ἐναντίου
388 1357 537 1419 enuntiat:
558 1376 646 1434 narn,
668 1369 701 1419 ut
718 1358 847 1421 istorum
871 1358 1085 1421 infelicitatem
1107 1368 1208 1421 osteu-

68 1440 135 1520 dat,
163 1443 290 1505 beatum
314 1439 597 1527 praedicationum
617 1443 783 1505 bifrontem
811 1444 900 1504 illum
927 1441 1039 1518 deum,
1072 1444 1123 1505 cui
1143 1440 1227 1527 ἅμα,

68 1524 184 1608 πρόσω
210 1525 279 1591 καὶ.
287 1519 392 1591 ὀπίσω
420 1528 554 1588 cernenti
574 1529 663 1589 facile
685 1529 724 1591 sit
746 1551 763 1590 a
784 1531 864 1611 luco,
880 1551 989 1590 eorum
1007 1530 1070 1591 sibi
1093 1550 1208 1610 cavere,
1251 1576 1254 1605 ;

69 1612 121 1699 qui
136 1613 274 1677 incoram
284 1611 454 1689 laudarent,
476 1633 494 1674 a
512 1623 598 1692 tergo
618 1616 848 1677 subsannarent.
890 1613 1015 1676 Eodem
1029 1626 1207 1695 argumento

67 1688 308 1761 utiturArist'ides
318 1696 463 1761 adversus
474 1718 538 1776 eos,
553 1698 605 1782 qui
619 1699 843 1763 laudationibus
854 1699 1070 1784 imperitorum
1078 1696 1221 1787 corrupti¹
1246 1716 1252 1735 ¹

1 1801 13 1857 [-
67 1785 275 1870 eloquentiam
291 1784 386 1869 ipsius
407 1794 506 1847 aetate
521 1787 770 1868 corrumpebant:
793 1797 886 1864 negat
899 1787 950 1867 vel
964 1785 1209 1872 inperitissimos

17 1883 21 1917 f
69 1871 213 1934 homines
231 1880 262 1932 et
274 1871 393 1949 faecem
408 1868 508 1953 ipsam
520 1870 605 1947 vulgi
618 1872 762 1932 vitiosam
781 1872 953 1933 orationem
971 1894 1011 1933 ex
1024 1873 1133 1935 auimo
1146 1875 1209 1935 luu-

71 1954 152 2035 dare‚
174 1954 230 2020 sed
244 1956 401 2041 repentina
420 1952 546 2038 quidem
562 1957 718 2040 voluptate
734 1957 870 2019 titillatos
887 1955 1002 2036 grande
1019 1958 1144 2043 sophos
1155 1979 1209 2020 ex-

72 2044 220 2107 clamare:
250 2052 418 2117 caeterum,
449 2041 503 2101 ubi
523 2038 564 2101 ad
585 2061 619 2102 se
644 2041 801 2120 redierint,
832 2044 954 2126 culpare
976 2053 1068 2127 atque
1087 2042 1209 2107 irridere

14 2129 249 2214 .102cosipsos,
297 2147 352 2188 uos
372 2136 460 2186 antea
481 2124 541 2187 risi
559 2138 662 2188 essent
681 2125 839 2189 admirari:
861 2121 1065 2209 σκεψώμεθα
1083 2123 1142 2212 δὴ,
1162 2130 1213 2191 in-'

72 2215 152 2300 quit,
173 2209 231 2278 καὶ
244 2147 335 2276 utiba·
357 2205 410 2275 ὅτι
430 2203 510 2275 οὐδὲ
534 2208 568 2273 oi
590 2207 689 2293 δῆμοι
711 2208 752 2275 τὰ
770 2206 925 2292 θεάματα
944 2216 1064 2293 ταῦτα,
1085 2202 1135 2279 ὧν
1152 2209 1210 2297 pci-

52 2294 167 2375 ’λἰστά
182 2321 230 2374 τις
248 2292 371 2372 αὐτοὺς
392 2289 553 2378 ἡττᾶσθαι
573 2291 727 2379 φήσειεν,
750 2295 851 2362 παντὶ
873 2301 921 2384 τῷ
934 2303 1035 2386 θυμῷ
1054 2302 1209 2382 φιλοῦσιν

53 2378 153 2450 ouidi
174 2378 393 2462 ἀσπάζονται·
421 2375 494 2447 itt’
516 2377 551 2445 iv
573 2379 633 2462 μὲν
660 2384 706 2469 τῷ
726 2387 927 2467 παραχρῆμα
946 2386 1209 2468 presentemur,

73 2465 275 2545 ἀπελθόντες
297 2464 332 2533 di
351 2459 455 2542 εὐθὺς
472 2471 685 2548 καταγελῶσι.
728 2468 778 2532 De
796 2469 876 2533 Jano
897 2472 1014 2556 bicipiti
1038 2483 1069 2535 et
1090 2470 1210 2558 quadri-

76 2557 160 2619 ci‘ti
182 2557 286 2618 omnia
311 2565 342 2616 et
359 2554 461 2639 pueris
488 2563 570 2621 nota.
606 2554 688 2637 [Hoc
714 2558 851 2619 conferre
874 2557 978 2619 liceat:
1006 2556 1105 2622 ovid.
1131 2556 1210 2622 Fuit.-

121 2690 130 2723 '
162 2727 280 2791 Stulta
296 2723 389 2791 videt
403 2723 525 2802 Jonas,
548 2747 637 2812 quae
648 2735 729 2814 post
749 2749 814 2791 auo
832 2736 936 2816 tergo
949 2738 1148 2816 geruncum

203 2811 270 2880 Nil
284 2811 383 2902 ogis:
404 2836 446 2877 en
461 2811 616 2878 latebras
637 2812 781 2900 respicit
799 2812 861 2878 ille
878 2816 982 2896 tuas]

161 2932 193 2999 Ο
215 2930 336 3016 June]
373 2933 487 3023 Supple
508 2933 590 3020 quod
610 2934 728 2996 relicuit
749 2933 855 3019 poe'ta:
880 2938 1007 3000 beatum
1029 2936 1077 2998 te!
1110 2930 1211 3019 μακαὲ

73 3021 151 3106 pitu
174 3035 210 3087 os
235 3023 292 3105 τῆς
318 3014 436 3106 crime:
464 3017 570 3084 laudo
590 3015 883 3106 fortunastuas:
915 3044 985 3084 cum
1011 3023 1045 3083 in
1070 3020 1211 3085 Rudente

73 3110 171 3175 Plauti
191 3106 243 3195 [ll,
263 3114 293 3187 6,
308 3112 348 3173 39
366 3106 424 3204 sep]
441 3107 561 3170 Labrax
579 3129 596 3169 e
612 3107 690 3169 mari
711 3110 823 3186 ejectus
840 3108 896 3169 ait:

161 3191 193 3258 Ο
217 3192 347 3280 scirpe,
369 3213 500 3278 scirpo,
532 3189 639 3255 laudo
651 3192 823 3278 fortunus
846 3201 937 3270 tuas,

161 3279 231 3361 Qui
244 3300 379 3365 semper
399 3299 518 3342 servas
536 3276 693 3367 gloriam
712 3276 919 3354 caritudinis3

73 3383 125 3471 qui
148 3385 252 3484 lopus,
283 3405 346 3444 non
365 3394 487 3468 propter
509 3381 705 3460 senteutiam,
733 3380 788 3445 sed
805 3393 928 3468 propter
949 3378 986 3447 τό
1009 3372 1115 3468 ἦθος,
1142 3383 1223 3449 huie

76 3490 310 3550 gemmrssrmus.

160 3586 197 3652 A
212 3597 310 3675 tergo
325 3607 426 3673 quem
439 3584 536 3650 nulla
550 3584 687 3650 ciconio
697 3583 832 3673 pinsit]
853 3588 922 3649 Hoc
944 3601 1007 3668 est,
1030 3611 1127 3675 quem
1145 3592 1213 3653 nul-

72 3676 121 3737 lus
134 3674 274 3737 laudator
287 3675 387 3761 pictus
407 3694 489 3760 pone
502 3675 683 3738 subsannat:
712 3673 768 3736 sed
781 3673 874 3759 po'e‘ta
893 3696 948 3759 pro
966 3677 1101 3754 generali
1118 3678 1214 3740 verbo

72 3757 287 3822 subsannare
314 3772 374 3824 tres
400 3762 518 3847 species
540 3760 606 3823 sive
634 3758 747 3822 modos
772 3780 936 3822 sannarum
958 3761 1077 3846 posuit,
1106 3763 1220 3848 quibus¹

67 3857 192 3909 veteres
210 3849 379 3909 utebantur.
424 3843 543 3909 Sarma
557 3846 654 3909 irrisio
668 3857 723 3924 est,
744 3867 809 3907 non
821 3847 1010 3930 simplicibus
1023 3849 1137 3927 verbis,
1160 3845 1217 3913 sed

73 3954 145 3994 cum
168 3944 269 4012 gestu,
291 3932 375 4018 quod
394 3934 517 4018 proprie
536 3931 640 3995 dicunt
654 3933 787 3995 Hebraei
807 3927 880 3992 sub:
903 3934 953 3993 hic
973 3945 1075 4013 gestus
1095 3956 1154 4020 pro
1171 3935 1216 3996 la·

72 4017 167 4082 scitia
181 4019 346 4080 hominum
359 4030 390 4081 et
404 4019 463 4080 fuit
475 4031 505 4082 et
522 4017 676 4103 hodieque
698 4029 745 4080 est
763 4019 936 4102 multiplex:
960 4020 1036 4080 olim
1053 4031 1116 4082 tres
1135 4020 1215 4082 itlius

71 4102 160 4166 modi
184 4115 269 4165 erant
286 4104 495 4185 'usitatissimi'
514 4114 591 4188 quo's
613 4105 682 4166 heic
702 4102 795 4189 pob'ta
818 4101 968 4168 describit.
1011 4105 1134 4170 Primus
1162 4116 1215 4184 est,

74 4211 150 4251 clun
155 4187 257 4251 indice
272 4189 366 4270 digito
377 4190 411 4251 in
420 4194 500 4269 'eum
511 4190 640 4267 directe,
663 4210 756 4274 quem
776 4188 930 4268 ridebant,
954 4193 1059 4254 crebra
1076 4191 1216 4271 ejusden

72 4274 188 4343 curvati
208 4276 405 4337 motitntione
422 4276 573 4338 ciconiam
591 4286 688 4338 nostro
711 4275 884 4360 pinsentern
902 4276 1116 4340 imitabanturr
1136 4278 1216 4340 hanc

52 4376 201 4427 'sannam
217 4357 574 4447 uocabantor'owriam,
595 4363 787 4446 velpropter
811 4364 1014 4447 praelongum
1035 4366 1128 4443 hujus
1149 4364 1216 4427 avis

72 4459 204 4512 rostrum
221 4448 273 4510 vel
294 4447 364 4532 quia
384 4449 562 4528 symbolum
581 4459 644 4510 erat
667 4446 785 4511 ciconia
805 4470 868 4511 non
890 4451 992 4511 solum
1013 4451 1089 4530 grati
1110 4449 1216 4514 animi
