2700 4972
386 406 390 410 ,
481 288 802 409 rrrsasron.
1011 352 1016 359 ·
1191 349 1213 410 s
1316 360 1319 365 ·

72 507 203 575 Horatio
224 508 322 590 longe
348 505 477 590 melior,
504 507 593 595 quod
617 510 673 574 uni
702 528 818 597 aequus
839 510 961 593 virtuti,
985 524 1149 602 perpetum
1176 536 1212 580 ec

72 608 217 661 constans
226 594 375 660 vitiorum
388 595 505 675 hostis,
525 596 574 677 sui
583 617 709 684 semper
721 592 844 677 similis,
867 598 1068 663 instrumento
1089 601 1212 682 gravio·

71 705 138 746 rum
156 681 272 744 artium
289 679 447 766 poiticam
466 682 647 767 iocupletat3
676 681 815 746 Stoicam
833 682 965 771 denique
986 672 1211 772 professioriern

69 786 231 854 nunquam
242 767 446 846 obliviscitur,
468 765 547 831 adeo
563 780 669 831 exacte
688 780 720 831 et
733 767 823 833 docte
842 771 881 832 κ’
903 770 1007 835 nando
1023 773 1220 856 στωϊκίζωνρ

69 867 103 916 ut
122 876 164 916 ne
187 855 279 917 Zeno
297 850 424 939 quidem
437 854 505 938 ipse
526 864 579 916 aut
599 853 802 941 Chrysippus,
825 878 865 941 qu
928 858 1002 923 alibi
1023 857 1210 942 dicebamus,

69 941 223 1027 porticum
246 938 334 1001 illam
360 939 476 1001 melius
497 938 589 1002 fuerit
622 943 764 1005 fidamus.
817 939 863 1005 Ita
884 964 924 1007 ue
952 964 1024 1007 cum
1049 946 1212 1010 universas

68 1030 160 1106 hujus
179 1024 397 1113 philosophiae
415 1023 495 1087 duae
510 1024 571 1088 sint
590 1037 691 1111 partes
708 1044 727 1089 a
744 964 932 1113 sapientihus
954 1029 1110 1116 proditae,
1137 1029 1210 1096 De-

68 1122 165 1176 creta
178 1124 213 1175 et
226 1107 428 1196 Praecepto,
442 1103 540 1193 siveri
556 1109 737 1196 δογματικοὶ
750 1109 843 1199 καὶὴ
858 1111 1087 1199 submersuri,
1108 1119 1209 1183 omnis

67 1198 189 1263 Horatii
202 1207 235 1260 et
244 1194 402 1261 iuvenalis
417 1195 457 1275 de
469 1195 581 1261 virtute
596 1197 693 1261 oratio
706 1197 746 1261 ad
763 1201 989 1288 praeceptivam
1002 1215 1119 1290 partem
1135 1225 1207 1289 spe·

69 1296 142 1364 ctat3
156 1281 289 1371 'demeto
299 1282 382 1345 serio
396 1283 546 1363 attingunt
559 1304 734 1369 nunqnam:
757 1285 877 1349 Persius
888 1306 964 1352 vero
976 1290 1104 1369 assurgit
1118 1290 1206 1355 altius

68 1381 97 1433 et
115 1367 263 1433 Stoicum
280 1366 321 1431 de
341 1369 449 1435 ultimo
468 1368 533 1431 fine
549 1368 664 1451 dogma
682 1371 797 1456 ubique
814 1383 918 1453 urget,
940 1374 1054 1459 ubique
1065 1375 1206 1457 inculcat,
1259 1396 1267 1409 '-

67 1476 178 1537 gnarm
201 1455 404 1555 praecipuum
424 1464 515 1540 caput
537 1452 596 1519 aad
617 1452 902 1523 συνεκτικώτατον
929 1457 1085 1523 ἆοοῐτίοοο
1114 1463 1204 1540 hujus

67 1563 103 1605 eo
125 1539 295 1604 contineri:
318 1541 370 1626 qui
385 1540 476 1620 igitur
493 1561 558 1602 non
575 1542 727 1622 ignoraret
749 1547 878 1624 longum
898 1544 1042 1609 iterasse
1061 1544 1101 1609 ad
1122 1547 1204 1610 vitae

12 1672 16 1679 -
66 1625 319 1691 emendationem
330 1646 387 1712 per
398 1638 575 1713 praecepta,
597 1630 692 1693 breve
704 1640 736 1691 ct
747 1631 856 1692 efficax
872 1652 926 1716 per
946 1629 1108 1711 dogmata,
1130 1654 1204 1717 pru-

66 1711 249 1776 dentissimo
267 1713 397 1774 consilio
419 1722 583 1798 utrumque
601 1713 727 1796 instinc,
754 1714 838 1800 quod
865 1737 924 1779 nos
947 1717 1010 1779 suis
1030 1719 1107 1780 locis
1133 1717 1202 1779 dili-

67 1810 171 1880 genter
189 1797 434 1863 observavimus.
476 1795 564 1861 scias
585 1819 679 1879 vern,
710 1821 781 1862 cum
805 1801 944 1864 Persium
961 1803 1063 1881 legas,
1090 1804 1203 1867 sentire

65 1885 150 1949 iihun
162 1905 245 1970 quae
260 1882 333 1946 dicit
347 1894 396 1963 et,
416 1881 502 1969 quod
517 1881 628 1947 Graeci
642 1889 743 1965 ajunt,
765 1882 856 1950 πάνυ
878 1883 914 1953 ἐκ
929 1882 1108 1975 dindimus
1120 1883 1203 1969 goci-

66 1990 143 2054 φειν
163 1966 227 2035 act
249 1960 317 2045 (iud
337 1970 407 2033 coir
427 1962 620 2053 δογμάτων,
643 1966 709 2036 οὐκ
724 1965 790 2036 ἀπὸ
805 1972 872 2037 τῶν
892 1975 1027 2056 genisio:
1055 1972 1202 2037 didicerat
1299 2010 1317 2037 ,ι

64 2078 178 2143 nempe
192 2054 404 2119 nobilissimus
415 2057 567 2135 juvenisa
583 2057 717 2120 Cornuto
730 2071 926 2145 praeceptore
943 2080 1014 2139 suo,
1035 2060 1103 2123 viro
1116 2063 1200 2138 juxta
1317 2094 1324 2114 a

63 2145 202 2229 sapiente
220 2153 251 2204 et
271 2139 383 2221 docto,
410 2163 477 2203 non
495 2141 595 2223 magis
616 2141 656 2204 de
678 2143 789 2207 virtute
811 2145 897 2231 loqui
916 2166 1010 2231 quam
1030 2166 1070 2208 ex
1088 2145 1200 2210 virtute

62 2231 188 2309 vivere:
211 2222 297 2321 quod
316 2226 399 2290 enim
411 2228 596 2314 probitatem
615 2250 708 2314 quam
728 2230 763 2291 in
780 2230 847 2292 aliis
865 2230 1006 2311 exigebat
1024 2230 1091 2315 ipse
1109 2252 1198 2317 prae.
1217 2282 1220 2287 .

62 2325 169 2394 staret,
191 2313 278 2376 testis
296 2314 409 2399 estqui
423 2313 520 2378 vitam
536 2318 601 2395 ejus
615 2314 746 2401 scripsit,
769 2326 874 2379 auctor
890 2314 984 2380 dubio
999 2316 1107 2402 procul¹
1120 2316 1199 2378 anti-

61 2398 248 2487 quissimum
277 2399 363 2462 testis
388 2399 482 2461 etiam
507 2412 554 2463 est
575 2399 728 2475 modestia
748 2401 803 2463 illa
822 2398 943 2482 divina,
971 2422 1065 2488 quam
1084 2402 1200 2488 ubique
1223 2446 1226 2451 -
1290 2398 1294 2411 ’

80 2508 134 2550 rae
147 2506 182 2550 se
193 2488 253 2549 fert
266 2485 300 2547 in
317 2487 379 2548 hoc
389 2485 485 2568 iib103
507 2486 593 2550 testis
614 2497 646 2549 et
662 2488 715 2550 itta
736 2487 925 2551 consuetudo
942 2488 1108 2550 arctissima
1128 2509 1199 2550 cmn

60 2508 201 2637 li'brasea
208 2570 314 2651 Paeto,
335 2572 404 2635 viro
417 2570 458 2634 ad
474 2574 651 2659 exemplum
664 2573 787 2637 vrrttrtrs
793 2583 880 2652 nato,
891 2585 923 2636 et
932 2573 1015 2636 Arria
1023 2572 1109 2636 Paeti
1122 2595 1198 2635 con·
1274 2646 1277 2651 ¹

59 2663 153 2743 juge,
172 2658 270 2807 {papius
286 2669 432 2740 cognata,
451 2658 562 2744 prioris
576 2658 657 2722 illius
667 2658 785 2739 Arriae,
806 2646 912 2743 ἧσπερ
932 2654 1027 2733 κλέος
1048 2652 1198 2739 οὐρανόν

58 2740 153 2830 ἥκοι,
210 2744 248 2824 ἐι,
269 2743 360 2808 matri
373 2764 468 2829 quam
479 2743 655 2826 simillima3
675 2754 769 2809 testes
784 2742 919 2831 denique
933 2756 964 2808 et
983 2745 1043 2821 alii,
1065 2765 1199 2830 quorum

58 2830 195 2895 amicitia
212 2850 306 2894 usum
321 2830 468 2911 legimus,
488 2829 549 2894 viri
566 2851 678 2906 omnes
698 2830 871 2912 gravissimi
890 2841 921 2893 et
943 2832 1057 2912 magna
1076 2830 1125 2894 sui
1147 2852 1199 2895 se-

59 2919 122 2981 culi
140 2926 340 2982 emanantes
362 2908 510 2981 Servilius
527 2914 703 2997 Novianos,
723 2916 885 2997 Lucanus,
904 2914 1032 2979 Seneca.
1076 2912 1199 2996 Quam-
1290 2962 1293 2967 -

36 3030 40 3035 ·
59 3006 170 3067 obrem
188 3003 333 3067 omnium
343 3000 442 3067 Persii
460 3000 586 3067 laudem
605 3003 686 3065 hanc
703 3001 838 3088 primam
857 3013 888 3066 et
905 3005 991 3066 velut
1011 2999 1198 3065 fundamen-

57 3101 127 3153 tum
141 3098 328 3151 caeterarum
342 3088 507 3174 ponimus,
526 3086 615 3174 quod
628 3087 672 3151 ad
687 3087 937 3175 praecipiendum
957 3086 997 3149 de
1009 3087 1120 3151 virtute
1132 3108 1198 3151 non
1253 3150 1256 3155 ,
1311 3098 1318 3109 “

57 3187 93 3239 ut
105 3174 216 3261 aliquis
234 3195 253 3237 e
270 3173 350 3237 circo
364 3175 536 3255 aretalogus
555 3182 607 3236 aut
618 3171 761 3237 indoctus
776 3174 895 3237 ehivio
911 3173 1036 3254 cynicus
1048 3172 1199 3257 prosiluit,

56 3259 116 3327 sed
130 3260 328 3325 sdcnfiarum
349 3262 460 3346 plenus
472 3271 504 3322 ct
524 3257 691 3346 disciplinis
709 3260 969 3345 philosophorum
992 3255 1045 3320 diu
1061 3260 1202 3323 excultus·

57 3369 97 3411 eo
111 3346 259 3427 secessim
279 3357 406 3432 propter
421 3343 603 3409 emendatos
618 3366 724 3409 mores
744 3356 887 3431 suscepto
908 3344 996 3431 operi
1009 3365 1074 3407 non
1093 3344 1198 3408 minus

56 3445 148 3521 uptus
167 3453 264 3519 quam
281 3433 330 3494 elo
374 3429 452 3494 endi
467 3434 610 3495 facultate
638 3428 761 3495 abunde
781 3430 957 3498 instructus.
1004 3428 1061 3493 Est
1085 3441 1115 3492 ct
1137 3431 1198 3492 alia

56 3541 122 3585 non
139 3528 287 3583 contemn
383 3519 461 3581 circa
474 3519 556 3581 hanc
577 3527 698 3604 partem
710 3517 788 3581 inter
803 3519 863 3583 hos
880 3517 990 3603 poe'tas
1010 3513 1197 3578 differentia:

56 3627 131 3671 unm
145 3604 307 3683 Horatius,
326 3602 410 3690 quod
423 3603 491 3667 aliis
503 3603 570 3690 ipse
581 3603 736 3692 sapienter
747 3607 901 3691 praecepit
920 3605 974 3667 ilio
988 3622 1088 3680 versu,

142 3686 306 3776 Denique
325 3688 370 3753 sit
387 3687 531 3776 quodvis
549 3688 616 3753 sim
642 3687 695 3754 lex
710 3687 882 3755 duntaxat
901 3696 932 3751 et
952 3708 1069 3761 urrrrm,

56 3797 218 3864 nunqnam
234 3776 302 3861 ipse
318 3786 371 3839 aut
382 3774 535 3839 rarissime
554 3775 588 3838 in
626 3775 708 3839 atiris
727 3775 790 3838 suis
808 3773 957 3840 servavitz
981 3790 1196 3858 quamcunque

57 3864 143 3929 euim
160 3861 326 3926 materiam
343 3861 436 3925 fuerit
454 3883 630 3943 aggressus,
652 3869 724 3924 e'am
742 3883 818 3925 mox
836 3860 963 3936 deserit,
986 3856 1084 3919 nudas
1103 3876 1196 3941 saepe

55 3949 290 4037 praeceptiones
304 3968 487 4028 congerens,
509 3970 573 4010 non
589 3949 687 4010 multo
702 3947 787 4009 aliter
803 3969 838 4011 ac
859 3944 1058 4010 vetustissimi
1079 3943 1123 4004 illi
1139 3936 1197 4007 acui

57 4036 122 4100 τοῦ
139 4027 390 4119 ἐγκατασκεύου
410 4034 515 4116 λόγου
535 4028 643 4116 πάντῃ
663 4029 808 4111 πάντως,
831 4024 876 4109 sig
898 4030 1018 4105 εἰπεῖν,
1042 4020 1196 4110 ἀμύητοι,

57 4120 230 4202 Theognis,
244 4117 430 4201 Phocylides
445 4120 534 4182 ethis
548 4120 678 4182 similes:
691 4119 794 4204 itaque
805 4141 875 4209 pars
885 4117 1021 4181 maxima
1029 4114 1195 4177 Satirarum

58 4208 297 4270 Horatianarum
309 4227 427 4268 meram
442 4203 536 4267 lancis
548 4206 629 4267 illius
641 4216 758 4268 saturae
769 4217 800 4268 et
813 4200 1013 4287 παγκάρπον
1028 4201 1197 4280 imaginem

59 4295 214 4358 exhibent
260 4290 369 4371 Longe
388 4291 474 4354 aliter
494 4289 588 4377 poe'ta
608 4303 728 4371 noster,
759 4292 811 4379 qui
829 4311 916 4377 more
940 4286 1197 4376 philosophorum

61 4399 79 4440 a
95 4379 257 4467 proposita
276 4372 464 4440 initiothesi
482 4378 538 4440 vix
562 4374 745 4459 digreditur,
775 4376 840 4440 abit
859 4387 939 4439 certe
958 4392 1132 4458 nunquam:
1163 4378 1198 4430 ut
1284 4392 1288 4403 ⁸

62 4486 122 4531 non
138 4463 228 4530 alind
238 4465 308 4529 fere
320 4444 453 4565 scribeis
466 4461 598 4528 Satirarn
613 4463 644 4527 ei
658 4462 749 4525 {inerit
767 4482 860 4550 quarn
879 4462 993 4578 petitps
1015 4480 1035 4521 e
1054 4456 1196 4545 philoso-
