2700 4972
156 353 222 417 ιιι
293 419 296 423 ,
518 296 932 410 οοιιιιιιιιιτιιιιιιέι

134 532 137 539 “
158 519 401 605 interpretantur.
442 512 526 596 [lino
544 513 579 577 iu
598 514 756 579 luvenalis
780 517 849 577 loco
868 534 941 575 cum
961 514 1064 579 schol.
1087 509 1198 597 potius
1212 510 1297 575 iutel-

158 602 336 684 ligendum:
356 602 473 664 tristem
480 602 604 680 tacere,
625 610 658 661 ut
676 611 758 663 recte
779 598 991 664 animaduertit
1003 599 1130 677 Pium,
1151 596 1238 661 idun
1255 608 1296 661 ta-

160 712 233 752 men
255 690 382 773 qualem
398 687 494 748 nostri
512 706 619 750 versus
642 706 682 747 ex
701 686 754 746 illo
771 686 1053 771 interpretationem
1073 683 1218 761 derivet,
1238 706 1295 747 non

160 776 233 838 satis
253 783 385 859 apparet.
434 770 580 835 Nostrum
601 773 705 833 locum
735 792 806 832 cum
827 770 893 835 Cas
923 771 1056 857 explicat
1083 768 1187 833 etiam
1203 770 1292 835 Web.

160 860 322 923 Meisterus
335 859 439 922 libello
453 856 494 919 ad
511 877 540 920 r.
555 861 595 921 39
607 855 691 923 laud.
713 878 745 941 p.
761 863 801 921 66
815 879 859 941 sq.
880 867 910 918 et
925 853 1048 919 Letzte
1066 851 1176 917 Stud.
1193 876 1226 940 p.
1239 856 1291 919 105

160 966 289 1032 rugam
299 942 468 1024 significare
481 940 557 1005 dixit
568 942 681 1020 sinum,
697 963 758 1027 quo
771 964 821 1005 res
833 940 1049 1006 condebantur.
1086 933 1178 1021 „Sed
1190 960 1288 1027 rugae

160 1042 231 1094 sunt
239 1030 337 1116 plicae
353 1030 488 1178 ppstium
500 1028 684 1109 eminentem
707 1038 809 1090 contra
830 1028 973 1092 caritates
987 1028 1077 1091 inter
1092 1046 1190 1109 rugas
1205 1044 1289 1089 amur

160 1116 328 1179 dicuntur.“
403 1162 411 1176 .

245 1205 297 1267 79.
321 1113 503 1284 Depinge,
524 1194 584 1261 ubi
605 1195 758 1275 sistam]
786 1198 874 1259 Haec
895 1197 1004 1283 scripta
1029 1196 1129 1261 lectio
1152 1196 1286 1275 omniun,

142 1306 238 1377 ‘quos
251 1285 396 1363 vidimus,
416 1286 579 1347 librorum=
597 1285 629 1344 in
647 1282 781 1346 editione
794 1282 829 1348 P.
844 1283 965 1347 Pithoei
978 1294 1026 1346 mt
1039 1280 1207 1370 depunge
1219 1284 1285 1360 [int.

159 1392 179 1435 ο
202 1373 297 1449 conia
323 1368 380 1433 sed
399 1370 441 1431 ita
464 1368 564 1432 Codd.
583 1369 684 1446 illan,
708 1368 823 1431 Fauch.
843 1379 874 1433 et
891 1377 913 1435 ἵ
932 1372 971 1432 al.
994 1390 1047 1455 ap.
1065 1370 1162 1448 Acin,
1189 1369 1284 1445 Wn,

159 1456 348 1537 2Harnn.]:
373 1454 456 1541 quod
474 1457 647 1540 perplacet:
669 1456 846 1521 translatum
865 1475 883 1516 a
903 1455 999 1517 librae
1017 1476 1135 1540 scapo,
1155 1454 1283 1539 ubipuu-
1316 1469 1318 1477 ’

161 1543 215 1605 ctis
234 1552 357 1605 notatae
384 1552 456 1603 sunt
495 1539 647 1602 onderum
667 1561 844 1619 mensurae,
865 1550 899 1601 ut
919 1540 962 1617 [V
962 1587 972 1620 ‚
989 1539 1064 1620 100]
1086 1548 1187 1605 certo
1204 1560 1282 1603 coar·
1316 1608 1318 1623 Ι

158 1646 297 1729 pascere
313 1635 441 1709 puncto
466 1562 616 1689 isaacius
641 1645 798 1726 aeramen.
848 1622 1074 1727 Depungere·
1095 1638 1148 1691 est
1173 1622 1281 1725 simp,
1316 1652 1318 1667 ¹

34 1804 37 1810 ¹
158 1711 576 1883 attractaret
585 1715 727 1877 tata
742 1710 968 1877 flliihltal
979 1732 1121 1879 diiii
1133 1722 1282 1881 iiiiii
1315 1776 1318 1865 t

160 1899 243 1959 οεος
257 1884 401 1959 πλοῦτος
414 1879 553 1963 ὥρισται
572 1880 630 1947 καὶ
647 1880 688 1945 τὸ
706 1879 810 1964 τέρμα
828 1876 965 1961 πάρεστι
984 1886 1045 1967 τῆς
1061 1881 1176 1967 χρείας
1193 1874 1282 1949 ariti-
1314 1885 1318 1953 l

158 1989 222 2047 περ
244 1964 370 2053 κέντρῳ
396 1966 454 2033 καὶ
476 1963 671 2051 διαστήματι
693 1960 1003 2059 περιγραφόμενον
1032 1971 1086 2033 rel
1114 1965 1188 2055 dap
1208 1986 1280 2049 περι·
1312 1956 1318 2060 l

116 2065 121 2081 ¹
156 2048 322 2137 γράφεινι
353 2052 568 2118 Constantinus
585 2052 755 2140 imperator
775 2054 807 2113 in
834 2055 910 2142 libro
932 2054 972 2116 ad
995 2053 1032 2116 F.
1055 2052 1235 2119 Romanum
1249 2050 1281 2117 de
1315 2062 1318 2121 l

158 2140 298 2221 gentibus
311 2140 609 2224 septentrionalibus:
628 2140 734 2203 ταῦτα
758 2134 800 2201 τοὶ
823 2133 903 2221 ἔθνη
927 2132 991 2203 οὐκ
1014 2136 1082 2223 ἔχει
1104 2137 1166 2217 τοὶς
1181 2136 1279 2205 ἐπιθο-
1316 2133 1318 2245 ἱ

156 2224 235 2308 μίας
253 2221 322 2308 ὅρῳ
339 2220 637 2308 πιριγοαφομένας.
682 2221 844 2303 [‚,Videtur
862 2225 964 2309 potius
986 2224 1099 2291 eludo
1120 2226 1278 2291 literarioet
1316 2250 1318 2279 ι

159 2307 403 2373 Grammaticiste
427 2321 598 2373 assumtum
616 2311 677 2371 hoc
696 2311 828 2373 verbum
842 2306 1089 2397 (depangere),
1112 2323 1148 2377 ut
1161 2309 1278 2377 idmst
1316 2314 1318 2370 ἶ

157 2395 242 2480 ι]ιιοι1
269 2396 500 2481 interpungere,
525 2395 622 2458 finem
645 2394 799 2477 assignare
824 2397 1021 2481 procurrenti'
1035 2398 1187 2462 orationi:
1212 2392 1278 2485 quod
1316 2412 1318 2421 ·

24 2508 27 2515 ¹
156 2482 246 2543 facile
293 2481 445 2543 robabunt
471 2479 524 2565 qui
547 2479 704 2543 attendent
729 2481 780 2541 hic
806 2478 845 2541 de
865 2483 995 2545 tennino
1021 2486 1229 2571 voluptatibus
1243 2480 1278 2563 (ἲ)

155 2502 301 2652 ponendi)
323 2586 499 2629 sermonem
521 2586 597 2629 esse.
622 2606 625 2611 <
648 2562 744 2645 Quod
763 2564 802 2627 ad
828 2566 937 2629 libram
959 2589 984 2631 s.
1005 2579 1155 2635 stateram
1174 2566 1279 2633 mannil

157 2650 244 2729 Cas,
264 2650 343 2713 mihi
360 2648 486 2737 quidem
507 2649 666 2715 ridebatur
689 2650 893 2735 impeditius.“
915 2648 1061 2718 Gesner.
1082 2654 1181 2723 Thes.
1201 2676 1226 2721 ι.
1243 2652 1278 2731 a]

155 2737 233 2801 Heic
244 2736 335 2819 igitur
348 2734 469 2803 Persius
486 2757 612 2829 ararum
634 2735 781 2801 heredem
797 2749 900 2821 urget,
922 2738 1033 2803 doceat
1050 2762 1107 2821 se,
1129 2742 1183 2807 ubi
1200 2741 1279 2817 sistat,

154 2821 189 2887 id
212 2833 259 2887 est
279 2844 373 2908 quem
391 2823 538 2915 pecuniae
562 2820 692 2903 modum
714 2834 893 2887 consecutus
919 2824 1126 2913 cupiditatem
1143 2824 1234 2915 ipsius
1249 2824 1280 2889 sit

156 2910 346 2994 expleturus:
369 2907 451 2995 quod
464 2930 535 2999 cum
548 2908 686 2993 sequenti
698 2929 788 2971 versu
805 2908 872 2971 fieri
888 2932 953 2975 nun
974 2932 1048 2973 uam
1067 2934 1166 3012 posse
1178 2910 1279 2995 signifi·

156 3006 218 3057 cet:
239 2995 387 3057 nimirum
404 2993 438 3056 id
455 2994 553 3075 voluit
567 2994 671 3081 paucis
691 2992 867 3074 ostendere,
890 2933 973 3083 quod
989 2998 1097 3061 mulos
1116 2992 1279 3084 pbilosopbi

156 3079 325 3165 disputant,
347 3100 456 3144 avaros
474 3080 570 3171 finem
595 3079 739 3164 consequi
759 3102 935 3167 nunquam:
966 3076 1125 3164 ου’δαμοῦ
1145 3080 1209 3165 γὰρ
1231 3082 1279 3165 τῆς

156 3162 202 3239 εἰς
222 3159 258 3231 τό
281 3158 396 3243 πρόσω
412 3164 529 3249 ,φορᾶς
551 3162 714 3243 incautae,
741 3165 840 3251 inquit
857 3188 930 3231 rere
948 3165 1095 3235 Basilius.
1139 3168 1281 3235 Praeclarus

156 3248 274 3312 Seneca
303 3251 429 3344 epistola
448 3248 547 3315 XVI:
577 3246 774 3317 Naturalia
792 3247 971 3315 desideria
981 3248 1100 3400 finita
1123 3262 1223 3319 uau:
1247 3268 1280 3315 aa

145 3327 252 3414 falsa
267 3331 425 3419 opinione
439 3333 621 3399 nascentia
636 3332 696 3401 ubi
708 3333 879 3415 desinant,
900 3359 968 3403 noa
993 3335 1125 3405 tabant.
1161 3334 1279 3407 Nullae

155 3415 249 3481 enim
279 3416 446 3481 terminus
463 3417 566 3505 salso
595 3430 657 3491 eat.
711 3414 752 3485 V
748 3420 785 3485 ia
808 3421 905 3485 eurtti
929 3423 1070 3510 aliquid
1096 3436 1280 3489 extrenum

155 3513 226 3571 est.-
254 3524 352 3567 error
372 3501 575 3581 immensum
603 3519 635 3571 et
653 3507 686 3570 in
706 3506 880 3573 XXXIX:
910 3505 1068 3575 Necesse
1093 3508 1204 3576 estin
1226 3509 1278 3575 im·

155 3609 312 3653 mensum
331 3599 436 3654 exeat
447 3588 640 3678 cupiditas,
662 3611 751 3678 quae
773 3593 969 3661 naturalem
990 3592 1141 3663 modum
1164 3590 1277 3663 traau-
1316 3612 1318 3651 t

156 3672 232 3737 liit:
265 3670 333 3736 illa
350 3676 444 3739 'enim
463 3673 569 3741 babet
589 3697 689 3741 suurn
709 3672 841 3763 finem:
870 3679 993 3745 inania
1014 3690 1050 3746 et
1074 3703 1122 3747 ex
1148 3680 1277 3749 libidine
1316 3672 1318 3709 ²

154 3768 233 3821 orta
251 3756 326 3821 sine
355 3761 502 3827 termino
530 3770 626 3840 sunt‚·
660 3762 857 3829 necessaria
879 3766 1023 3833 metitur
1041 3765 1206 3835 utilitas.-
1232 3786 1277 3831 ια
1316 3778 1318 3791 ·

147 3864 331 3930 pervacua
349 3865 414 3931 quo
433 3845 511 3910 redi
536 3849 593 3912 is?
641 3848 719 3912 Tale
743 3850 820 3915 illud
846 3851 930 3941 apud
954 3854 1166 3935 augustinum
1191 3864 1277 3921 contu

152 3928 306 3993 Adimant.
324 3932 377 3995 lib.
390 3931 464 3997 VI.:
526 3933 560 3997 ti
572 3933 665 3997 anim
684 3934 870 3999 terminum
893 3940 1132 4015 constituant,
1155 3964 1224 4005 non
1236 3936 1277 4001 iu·

151 4012 312 4079 veniunt:
332 4018 394 4079 hoc
414 4030 460 4081 est
477 4019 560 4104 quod
576 4018 685 4084 Graeci
700 4022 852 4106 sapientes
877 4022 997 4088 dicunt:
1021 4021 1059 4090 rd
1076 4024 1192 4105 πάθος
1209 4022 1277 4109 ὅρον

153 4094 218 4164 οὐκ
232 4092 342 4164 aidau.-
369 4124 460 4187 quam
477 4108 658 4168 sententiam
676 4109 772 4170 lactea
792 4109 842 4170 illa
864 4129 920 4189 sua
942 4109 1067 4174 dicendi
1088 4117 1226 4177 ubertate
1242 4120 1277 4173 tot

100 4186 233 4266 51glocis
249 4187 357 4248 beatus
373 4187 609 4270 Chrysostomus
630 4196 698 4255 fuse
716 4193 866 4273 tractarit,
888 4194 922 4257 in
941 4217 1012 4259 eam
1031 4219 1110 4262 vero
1128 4199 1171 4263 ad
1184 4198 1276 4265 Coriu-

152 4272 234 4337 tbios
248 4272 383 4335 Homilia
396 4273 522 4339 XXIV.
535 4278 604 4339 luco
625 4278 732 4343 clarius
745 4277 936 4363 paradoxum
957 4282 1035 4346 illud
1055 4284 1091 4347 in
1113 4287 1215 4374 specie
1231 4282 1275 4346 de-

150 4368 317 4421 monstrat:
338 4357 422 4421 Nihil
436 4381 514 4440 esse,
533 4361 617 4446 quod
631 4384 689 4427 nos
709 4363 789 4428 adeo
808 4362 849 4427 ad
860 4366 1095 4435 mendicitatem
1111 4371 1275 4455 redigattl

151 4441 287 4507 studium
309 4441 492 4509 divitiarum.
542 4443 659 4512 Graece
676 4451 801 4517 meliust
833 4444 942 4519 ottae
962 4450 1056 4522 οὕτω
1076 4449 1275 4545 πτωχοποιὸν

501 4792 635 4918 ἰ
