2700 4972
89 296 135 360 rr
284 239 335 345 '.
379 238 382 253 ’
458 288 863 393 couueursurus

93 476 124 529 et
145 462 262 550 φωνὴν
275 463 375 529 dedit:
394 459 586 548 διάλεκτον,
606 464 764 552 propriam
782 462 919 528 hominis
941 460 1062 550 dotem,
1083 486 1150 529 non
1168 464 1225 532 de-

40 567 78 622 21·
93 551 155 616 dit:
178 564 310 638 strepere
330 553 436 632 igitur,
457 574 579 627 sonum¹
595 573 632 614 ac
646 572 759 635 rocem
783 548 875 614 edere
894 563 1041 638 possunt,
1070 553 1226 631 articulate

60 696 61 701 ,
91 638 177 723 loqui
190 659 254 699 non
266 648 402 723 possunt.
445 637 565 707 Paucae
577 635 730 723 quaedam
741 637 820 699 inter
837 657 911 701 aves
931 638 1121 723 reperiuntur
1134 637 1228 703 disci-

92 725 195 809 plinae
209 744 350 809 capaces,
364 731 457 808 'quas
468 725 537 788 cibo
559 725 643 824 prius
657 725 811 793 abstentas
823 723 966 809 ,magistri
989 724 1100 809 partim
1114 728 1229 789 verbe-
1255 751 1258 757 ·

92 810 177 871 ribus
204 809 315 895 partim
339 807 515 872 blandiente
546 811 614 871 crbo
643 809 816 869 humanam·
831 829 944 873 vocem
967 821 1081 890 cogunt
1105 810 1228 874 imitari.

92 892 172 956 Tres
185 895 255 955 heic
267 896 465 957 nominantur
478 898 543 974 ejus
556 895 684 975 generis,
706 893 833 978 psittaci,
854 895 954 971 corvi,
975 895 1080 979 picae;
1100 907 1231 982 possunt

93 980 144 1042 his
156 977 229 1055 addi
242 978 338 1057 turdi,
360 980 472 1060 sturni,
493 980 654 1059 lusciniae,
676 979 801 1042 erithaci
826 977 893 1064 (qui
916 993 988 1042 sunt
1004 979 1102 1044 iidem
1122 983 1231 1048 aestivi

116 1065 305 1145 lroenicuri),
325 1068 477 1145 merulae,
500 1068 677 1141 cornicesct
697 1085 768 1129 earu
783 1063 997 1129 Calicutensis:
1018 1089 1037 1130 e
1058 1067 1231 1155 quadrupe-

93 1086 289 1224 dibusurrica
303 1152 424 1232 hyaena
438 1149 544 1213 Indica
562 1153 629 1214 sire
648 1161 794 1211 crocotta:
816 1148 856 1212 de
871 1153 956 1231 cujus
969 1172 1048 1216 voce
1060 1155 1255 1216 humanam,

95 1237 286 1321 exprimente
305 1247 335 1298 et
358 1237 491 1323 pernicie
513 1249 593 1299 certa
615 1236 865 1313 auscultantium,
892 1250 1016 1323 praeter
1029 1242 1232 1326 geographos,

95 1323 193 1384 multa
211 1320 471 1408 Porphyrius'lll.
492 1319 568 1401 περὶ
592 1316 717 1403 ἀποχῆς
737 1318 812 1403 l§.'4
833 1322 887 1384 ubi
908 1343 939 1386 r.
960 1321 1075 1391 Rhoer.
1095 1346 1129 1410 p.
1146 1326 1234 1406 2251.

95 1405 345 1487 ingeniosissime
359 1407 479 1471 Persius
493 1430 564 1470 cum
580 1405 755 1471 istiusmodi
776 1406 883 1469 avibus
896 1410 1055 1494 componit
1071 1412 1235 1475 famelicos

95 1492 219 1578 politas:
239 1493 325 1572 illae,
350 1505 383 1554 ut
405 1493 521 1556 discam
542 1493 644 1578 loqui,
665 1490 790 1554 naturae
807 1513 883 1555 suae
897 1494 963 1557 vim
977 1496 1108 1578 faciunt3
1130 1496 1184 1577 hi,
1202 1507 1237 1559 nt

96 1599 221 1642 versum
233 1577 364 1663 pedibus
378 1579 540 1657 instruant,
563 1578 654 1658 genio
678 1589 767 1662 atque
789 1577 913 1658 iugenio
929 1578 1078 1661 destituti,
1100 1592 1236 1663 egestate

88 1675 262 1743 coguntur3
284 1676 375 1749 atque
391 1676 424 1726 ut
443 1666 513 1727 illae
530 1663 675 1728 aviditate
696 1664 771 1745 cibi,
793 1664 846 1748 qui
864 1668 1048 1745 ostchtatur,
1070 1667 1104 1730 in
1116 1670 1238 1754 loquel-

98 1749 161 1811 lam
173 1751 341 1811 humanam
354 1761 530 1836 erumpunt:
550 1751 592 1812 ita
609 1748 659 1812 isti
678 1748 711 1809 in
728 1747 819 1830 adyta
840 1763 997 1834 penetrare
1010 1750 1239 1829 Camoenarum

98 1834 235 1897 niumtur
249 1854 304 1921 spe
312 1837 421 1907 ¹lucelli
427 1835 574 1900 infelicis:
599 1838 683 1914 cujus
698 1833 726 1897 si
739 1835 921 1899 luculentior
936 1858 1014 1922 spes,
1030 1839 1132 1923 aliqua
1147 1840 1241 1902 afful-
1270 1862 1273 1867 ·

99 1922 187 2000 serit,
209 1928 276 1982 tum
305 1943 380 1985 vero
399 1922 444 1983 illi
464 1921 621 2008 superbire
641 1921 783 2005 et'caput
801 1922 889 1984 coelo
907 1922 1020 1985 inferre
1048 1925 1109 1988 sibi
1123 1922 1240 1990 videri:

1 2051 4 2068 .
46 2002 63 2081 f
100 2006 282 2068 haec'mens
299 2008 493 2091 sequentium
511 2018 632 2091 septem
644 2015 799 2068 versuum
828 2028 835 2044 ·

178 2090 274 2172 ‘Quis
286 2089 457 2187 expedivit
495 2091 618 2154 sittace
632 2110 731 2153 suum
743 2086 869 2172 quiesi]
892 2089 1025 2157 Duobus
1036 2095 1139 2159 verbis
1154 2094 1242 2160 idem

101 2173 189 2263 dicit,
212 2175 387 2262 expedivit
408 2189 439 2239 et
481 2175 570 2240 acuit
584 2175 723 2261 sequenti
744 2198 850 2239 versu:
872 2177 1043 2258 ignorantia
1065 2192 1096 2243 et
1113 2175 1242 2247 taven·
1270 2187 1273 2191 ’

102 2259 162 2343 μία
177 2273 224 2324 est
236 2263 330 2327 instar
348 2263 480 2344 vinculi,
502 2285 564 2349 quo
583 2261 743 2349 ingenium
763 2262 919 2343 alligatum
941 2276 1001 2339 est,
1024 2277 1059 2327 ut
1071 2262 1157 2354 πίδῃ
1167 2290 1256 2354 ρους·

101 2348 230 2411 solvitur
251 2369 289 2409 eo
310 2349 434 2413 vinculo
453 2361 485 2412 at
504 2370 545 2410 ue
567 2345 726 2433 expeditur
741 2347 879 2428 ignarus,
902 2370 973 2411 cum
993 2350 1136 2435 docetur3
1157 2352 1253 2418 unds'

64 2455 67 2460 ·
102 2432 211 2495 dicitur
227 2427 338 2512 λύσις,
360 2435 472 2497 solutio
485 2371 625 2511 hiesus,
650 2453 729 2517 quae
750 2433 862 2519 mentis
888 2433 1147 2505 discursumsire
1165 2435 1244 2505 tut-

51 2524 201 2584 Ξῒνοοαν
217 2518 421 2605 impediebat,
449 2541 490 2582 ne
512 2520 638 2582 ulterius
660 2519 900 2604 progrederetur.
931 2518 989 2598 [Cf.
1011 2521 1097 2587 Pass.
1120 2523 1243 2588 dehoc

102 2603 222 2684 verbu]
264 2604 456 2667 Ariariorum
469 2603 618 2668 industria
632 2604 830 2667 instituuntur
843 2604 883 2668 ad
900 2607 1068 2692 loquellam
1080 2619 1111 2673 et
1124 2612 1245 2696 psittaci

56 2752 61 2763 ‚
104 2702 135 2752 et
152 2691 240 2777 picae
257 2712 292 2752 ac
317 2701 452 2754 caeterae
472 2693 616 2775 loquaces
638 2700 669 2751 et
690 2690 826 2755 auritas
845 2712 936 2756 ares:
964 2695 1079 2758 horum
1101 2698 1245 2769 meminit

72 2826 75 2837 .
104 2775 250 2840 Manilius
270 2777 347 2838 libro
363 2777 468 2862 quinto
493 2775 567 2854 [378
584 2776 677 2861 sqq.]:
914 2778 919 2785 '

194 2859 394 2947 Quinetiam
419 2860 559 2948 linguas
572 2859 748 2924 bominum
766 2881 946 2949 tenerasque
961 2862 1094 2932 docebit

190 2945 318 3011 Atrius
331 2944 502 3024 volucres,
524 2968 681 3033 novaque
699 2946 737 3009 ia
752 2949 956 3013 commercia
972 2949 1079 3030 clucet,

108 3085 113 3097 ,
195 3028 380 3118 Verbaque
389 3031 586 3120 praecipiet
600 3043 750 3095 naturae
767 3042 856 3097 sorte
880 3033 976 3111 [edd.:
1000 3035 1086 3123 lege]
1100 3048 1247 3126 negata.

105 3117 254 3181 Firmicus
274 3139 313 3180 ex
337 3118 484 3198 Manilio,
518 3116 658 3182 sednon
688 3139 728 3180 ex
746 3131 852 3181 mente
872 3119 993 3184 Manilii
1019 3145 1177 3211 usquequa
1197 3147 1248 3206 ue,

105 3205 184 3268 libro
203 3202 296 3282 Vlll,
317 3226 342 3265 c.
363 3203 462 3268 XIV:
493 3202 540 3268 Ia
560 3200 749 3290 Sagittarii
765 3215 868 3290 parte
888 3205 1024 3272 decima
1045 3209 1155 3276 oritra
1178 3147 1251 3293 ἓν·

98 3310 217 3376 garae:
239 3289 301 3351 ίιοο
320 3289 450 3354 oriente
465 3289 587 3376 sydera
606 3287 664 3376 qui
682 3299 786 3353 natus
800 3287 929 3373 suerit,
953 3303 1012 3357 aut
1037 3317 1121 3360 uvea
1137 3297 1250 3383 capiet

109 3384 169 3438 aut
188 3371 397 3438 mercabitur
420 3385 478 3438 aret
500 3376 679 3461 ingenioso
696 3373 808 3438 studio
827 3375 948 3440 avibus
966 3378 1141 3446 leumanae
1154 3382 1251 3447 vocis

108 3479 230 3522 sartum
243 3456 440 3527 iasimrabit.
484 3457 655 3539 Quomodo
669 3472 773 3523 autern
787 3459 952 3526 doceantur
960 3464 1000 3527 ad
1013 3471 1176 3552 speculum
1189 3471 1252 3531 hu-

5 3548 7 3552 '
107 3543 243 3626 jusmodi
258 3566 349 3626 ares,
371 3544 502 3634 explicat
515 3542 681 3626 Gregorius
701 3545 913 3612 Nazianzenus
935 3553 1147 3637 pulcherrimis
1164 3555 1252 3620 hisce

22 3648 26 3661 ⁸
109 3632 266 3696 versibus:
1079 3673 1081 3678 ·

202 3719 314 3801 Ψῆρες
333 3711 394 3799 μὲν
411 3710 588 3782 tal-iuuare
600 3707 733 3800 ὁμοίϊον
750 3710 971 3800 ἀνθρώποισι,

201 3803 323 3886 Φονῆς
346 3797 520 3886 ἀλλοτρίης
540 3799 729 3888 ζηλήμονες·
752 3797 795 3886 ἢν
810 3802 958 3886 ἐδίδαξεν

200 3886 354 3955 Εἴδωλον
371 3886 497 3967 ξεστοῖο
519 3882 589 3954 ear'
604 3881 791 3969 elodarporo
810 3888 965 3973 φαανθὲν

206 3969 322 4059 mepte
338 3972 545 4059 apuaradiqv
564 3994 599 4039 rs
613 3972 674 4050 ἱείς
694 3969 762 4040 ὅπα
775 3973 959 4061 septimine
979 3978 1061 4061 φῶς.

60 4067 121 4140 (ll)
185 4057 292 4123 Situm
304 4061 418 4143 gaius]
450 4060 489 4123 Ut
506 4063 672 4147 plurimum
685 4059 873 4126 docebantur
891 4066 952 4127 hae
971 4087 1045 4129 ares
1064 4067 1255 4132 salutationis

117 4147 227 4225 rerba,
246 4147 444 4227 relsingula:
465 4150 567 4229 χαῖρε,
587 4144 675 4223 Ave,
691 4144 812 4221 θοίνας
833 4151 886 4214 rel
897 4152 999 4236 paullo
1011 4153 1109 4256 plura,
1132 4165 1167 4215 ut
1179 4175 1256 4219 κον-

118 4230 212 4296 ὁῖοον
225 4229 289 4295 πίω
304 4232 386 4316 apud
399 4231 608 4381 Simplicium,
630 4234 682 4297 rel
701 4216 880 4316 edepolvae
902 4248 934 4298 et
955 4239 1039 4313 Ζευς
1064 4237 1176 4318 ἵλεως,
1198 4236 1257 4305 καί

5 4374 30 4399 .›
118 4314 159 4381 τὰ
181 4319 336 4394 τοιαῦτα,
358 4318 455 4403 inquit
497 4319 671 4381 hilostratus
691 4317 719 4394 [ἓ
737 4316 772 4381 in
786 4320 841 4385 trit.¹
855 4319 954 4406 Apoll.
973 4322 1029 4404 Vl,
1046 4329 1087 4389 36
1101 4348 1167 4388 non
1181 4327 1255 4405 astla

119 4402 359 4490 hicApsephae,
381 4402 460 4485 regis
474 4402 606 4487 libyae,
630 4403 767 4492 pshtaci,
785 4427 864 4492 quos
884 4405 1001 4474 dimisit
1021 4408 1131 4477 doctos
1148 4433 1257 4477 canere
