2700 4972
84 414 88 421 .
165 372 231 436 aa
531 336 944 463 cosummatus

255 536 324 604 cnr
339 545 400 599 tua
410 530 587 622 foemineo
602 531 793 599 caeduntur
807 543 959 621 pectora
978 528 1079 599 socco

291 619 494 710 infamique
513 642 620 685 manu
638 618 784 684 barbula
805 620 905 684 vulsa
929 618 1056 686 cadit?
1334 676 1337 711 i

166 710 200 773 id
213 732 287 775 vero
301 731 394 796 quam
413 724 505 789 grave
518 719 598 771 esset
616 708 654 787 ei,
674 709 725 791 qui
739 729 773 771 se
787 709 918 771 liberum
940 719 970 771 et
986 709 1093 772 rhum
1107 704 1297 785 meminisset,
1332 720 1337 785 ,¹

168 796 302 859 ostendit
318 796 445 858 historia
465 798 530 874 ejus
551 795 702 872 mulieris,
725 815 818 879 quam
836 798 927 856 refert
947 794 1131 857 Plutarchus
1146 791 1294 871 Quaestio-
1332 788 1335 801 '

168 904 244 945 num
260 879 446 945 Graecarum
467 881 564 966 capite
577 878 654 942 XII.
676 892 800 965 propter
818 881 952 942 similem
972 881 1120 960 injuriam
1136 900 1155 941 a
1171 900 1240 960 rege
1249 879 1296 941 sihi

37 966 41 973 ’
82 1024 84 1031 s
167 972 280 1031 factam
299 971 410 1052 laqueo
429 967 488 1029 sibi
506 969 610 1049 gulam
627 967 773 1046 fregisse3
800 966 901 1028 simile
920 966 1002 1051 apud
1023 967 1156 1029 Latinos
1176 962 1295 1049 sculpo·

66 1096 69 1105 «
168 1052 243 1125 nois
261 1075 299 1114 os
316 1051 457 1115 batuere
465 1098 478 1128 ,
500 1051 584 1137 quod
603 1054 685 1113 male
699 1051 875 1131 Fulgentius
887 1053 1119 1138 interpretatam:
1146 1072 1218 1113 nam
1230 1052 1294 1113 scul-

166 1161 286 1225 paneae
302 1140 404 1202 rustici
418 1137 614 1200 calceamenti
627 1159 722 1218 genus
737 1137 778 1214 [v.
790 1139 875 1222 plura
888 1159 936 1223 ap.
951 1137 1078 1199 lllunclr.
1099 1135 1143 1200 ad
1157 1140 1214 1203 loc.
1223 1135 1292 1217 Fulg.

166 1227 308 1311 p.176];
330 1222 386 1287 sed
399 1222 480 1309 apud
500 1220 635 1286 Graecos
654 1224 747 1284 etiarn
758 1224 882 1308 puerilis
905 1224 1113 1304 castigationis
1134 1243 1229 1304 genus
1248 1224 1293 1283 luit

168 1332 261 1373 aureo
272 1308 410 1373 sandalio
429 1308 476 1385 εἰς
498 1303 610 1391 aaran
622 1309 794 1386 παίεσθαι,
815 1320 850 1370 ut
872 1311 975 1373 scribit
987 1309 1144 1372 Larianus
1161 1308 1293 1371 inPhilo-

167 1394 287 1482 pseude
304 1408 334 1458 at
354 1416 395 1457 uc
411 1396 494 1485 plibi.
539 1391 643 1455 Solea
664 1392 871 1482 objurgare,
892 1407 927 1456 ut
940 1386 1110 1458 Suetonius
1134 1394 1239 1475 [Calig-
1248 1392 1291 1473 tt]

159 1479 288 1566 serula
316 1418 513 1568 aljurgare.
556 1479 728 1543 Menander
755 1494 789 1542 ut
813 1492 891 1567 puto
912 1482 1087 1564 βλαντοῦν
1114 1479 1174 1560 [de
1198 1498 1292 1585 poor.

24 1606 27 1613 ·
169 1566 305 1631 Meiuek.
320 1590 352 1654 p.
367 1569 432 1649 68].
468 1567 661 1648 Hesychius:
685 1566 877 1648 βίαντοῦ
884 1588 916 1646 ν,
938 1562 1097 1632 dnodletv
1111 1563 1136 1649 ἢ
1152 1570 1293 1650 alamur

122 1676 126 1693 ¹
170 1652 358 1738 σανδαλίῳ·
389 1651 424 1716 ol
445 1649 482 1717 tt
502 1647 708 1734 ὑποδήματα.
768 1651 989 1716 Calceabnntur
1012 1653 1196 1715 delicatulus
1212 1648 1292 1714 modo

169 1740 269 1802 aureis
282 1741 350 1802 sive
363 1735 606 1821 χρασοπάστοις
617 1739 846 1818 calceamentis,
870 1737 967 1800 modo
981 1741 1081 1802 rubris
1095 1761 1133 1801 ac
1143 1737 1292 1826 purpurius,

97 1880 100 1885 .
144 1866 149 1873 -
169 1823 266 1888 modo
282 1829 458 1908 αεντητοῖς,
477 1823 512 1886 id
525 1835 572 1887 est
585 1826 792 1910 compunctis,
812 1824 910 1886 modo
926 1825 1020 1888 etiam
1033 1824 1141 1888 incisis
1156 1836 1207 1887 aut
1217 1824 1293 1887 etim

169 1912 331 1993 gemmatis
348 1911 493 1991 socculis3
515 1908 555 1971 de
577 1912 687 1995 quibus
711 1912 799 1975 alibi:
820 1911 1024 1995 nequeenim
1046 1910 1118 1974 heic
1136 1914 1231 1973 locus.

258 2002 330 2063 170.
360 1991 419 2059 Ne
449 1991 770 2080 trepidaremus]
805 1996 969 2059 Familiare
993 1997 1126 2060 Horatio
1153 2008 1185 2059 ct
1203 1993 1292 2059 Persio

167 2085 315 2160 verbum,
340 2082 425 2145 varia
446 2083 590 2144 notione:
620 2082 690 2144 heic
711 2103 786 2146 vero
808 2104 865 2167 pro
891 2086 1089 2166 ζυγομαχεῖν
1117 2083 1293 2168 accipitrust

49 2174 56 2207 Ι
170 2161 430 2233 tortosanus
456 2168 582 2230 insultat
608 2168 693 2231 enim
716 2166 927 2233 Chaerestrato
946 2168 1073 2248 Davus,
1101 2170 1191 2254 quasi
1212 2166 1292 2231 dicata

119 2262 171 2320 457
179 2256 285 2333 stulte,
306 2266 340 2316 tn
357 2255 489 2317 liberum
504 2263 534 2315 te
550 2255 664 2339 putas?
694 2255 777 2339 atqui
795 2276 903 2318 servus
924 2276 959 2316 ac
977 2256 1073 2318 miser
1089 2277 1124 2318 es
1145 2266 1177 2318 et
1193 2256 1292 2317 tum

170 2342 263 2403 etiarn
276 2360 309 2402 es
320 2341 448 2424 posthac
465 2359 603 2424 semper,
625 2341 692 2401 sine
714 2341 946 2424 spe‘libertatis:
968 2362 1063 2426 quare
1080 2360 1223 2405 assuesce
1234 2343 1292 2419 juo

168 2437 287 2489 mature
305 2428 336 2488 et
348 2423 392 2571 ac}
404 2445 531 2486 omnem
550 2425 728 2510 patientiam
747 2438 778 2490 te
798 2447 880 2512 pars.
922 2426 1101 2515 Propertius
1121 2428 1201 2491 libro
1216 2424 1246 2491 ll
1260 2424 1292 2505 [l.

137 2546 140 2551 ·
169 2512 211 2577 50
230 2532 245 2574 s
287 2555 295 2572 .
321 2531 347 2572 s.
421 2515 441 2575 ὁ
515 2553 524 2570 .
548 2532 555 2568 :

246 2531 310 2660 (ilc
326 2557 434 2656 veluti
449 2510 566 2679 piiiriro
583 2601 704 2657 taurus
722 2591 901 2660 detractat
922 2604 1058 2676 aratra,

157 2678 160 2685 ’
317 2677 402 2743 Mox
420 2678 514 2743 venit
530 2689 669 2743 assueto
688 2679 806 2744 mollis
826 2681 876 2745 acl
891 2704 979 2747 arva
992 2683 1011 2768 j
1062 2705 1101 2746 o.·

221 2762 224 2767 ’
255 2764 313 2829 Sic
353 2764 441 2828 rimo
454 2764 603 2853 juvenes
622 2765 800 2851 trepidant
822 2767 858 2831 ia
877 2790 997 2833 amore
1035 2790 1164 2847 croces,

321 2786 462 2917 llehinc
476 2849 601 2915 domiti
617 2853 781 2939 posthaec
805 2875 917 2941 aequa
933 2864 967 2919 et
981 2854 1244 2943 iniquaserunt.

64 2982 68 2987 -
168 2938 264 3004 Plane
278 2936 389 3001 eadem
398 2939 527 3003 notione
537 2938 713 3026 Propertius
735 2962 770 3002 ac
784 2940 905 3005 Persius
927 2940 961 3004 id
979 2944 1113 3007 verbnm
1135 2950 1295 3030 posuerunt,

93 3038 97 3045 '
168 3038 203 3086 ut
219 3024 377 3113 sequentia
391 3025 549 3107 evincunt,
570 3026 614 3088 sic
623 3024 740 3088 Seneca
754 3027 807 3089 lib.
819 3024 866 3091 111
878 3025 930 3091 De
940 3028 984 3093 ira
999 3026 1080 3109 [16]:
1101 3031 1154 3093 sic
1168 3026 1295 3117 laquea

101 3106 257 3195 (lfltlfera
280 3107 365 3173 dum
384 3107 512 3194 jactat,
540 3109 727 3197 astringit:
747 3110 797 3173 sic
819 3132 902 3176 aves
909 3161 922 3190 ,
945 3110 1030 3177 dum
1043 3112 1184 3179 viscum
1200 3108 1295 3203 trepi-
1322 3144 1326 3149 ·

169 3194 294 3259 dantes
311 3193 507 3272 excutiunt,
524 3194 660 3283 plumis
676 3194 832 3260 omnibus
856 3196 1009 3264 illinunt.

257 3279 372 3367 Atque
396 3290 492 3343 artos
514 3279 636 3345 rodere
661 3283 805 3364 casses]
838 3284 1071 3369 Παροιμιῶίες
1097 3286 1297 3350 alethium

167 3368 243 3430 retia
265 3366 368 3452 captis.
411 3366 512 3431 Affine
530 3382 577 3431 est
598 3368 680 3455 apud
696 3366 831 3434 Graecos
851 3366 913 3436 τὸν
926 3368 1065 3455 χαλινὸν
1086 3368 1297 3451 luctamine

168 3452 294 3515 Latinos
316 3446 485 3537 fraenum
504 3451 679 3535 mordere,
711 3456 795 3542 quod
817 3456 942 3520 ductum
962 3461 1001 3522 ab
1023 3458 1111 3545 equis
1131 3458 1297 3524 refractarlit
1335 3486 1337 3492 ·

168 3549 200 3600 et
219 3536 358 3602 nondum
382 3541 456 3620 jugo
479 3540 616 3603 assuetis.
660 3541 829 3624 Aeschylus
849 3543 1016 3622 [Prometh.
1031 3544 1205 3635 1045sq.1=
1334 3554 1337 3621 l

400 3619 512 3688 tantu
526 3622 561 3689 di
579 3623 734 3707 στόμιον,
757 3622 804 3705 ὥς
817 3625 977 3714 νεοζυγὴς
1333 3630 1337 3775 p

276 3707 409 3789 Πῶλος,
432 3705 530 3797 βιάζῃ
545 3708 601 3776 nal
615 3710 700 3795 πρὸς
717 3707 814 3799 ἡνίας
834 3712 931 3801 μάχῃ.

256 3800 328 3861 172.
351 3792 531 3874 Quidnam
553 3794 665 3886 igitur
674 3793 842 3880 faciam?
862 3822 904 3864 ne
921 3823 1028 3878 nunc,
1051 3822 1133 3865 cum
1152 3806 1297 3868 accersat

166 3889 201 4030 'ert
228 3878 321 3982 ultro
349 3879 544 3968 Supplicet,
579 3882 790 3970 accedaml]
824 3887 871 3950 td
900 3890 1030 3953 verbum
1056 3910 1100 3952 ex
1125 3888 1297 3955 Menandro.

197 3979 344 4030 erentrus:
814 3999 817 4004 ·
1099 4008 1102 4015 ·

254 4049 350 4133 Quid
369 4047 479 4139 igitur
497 4048 670 4139 faciam?¹
689 4078 757 4121 non
779 4078 862 4120 eam
882 4080 926 4122 ne
939 4078 1031 4122 nunc
1048 4057 1206 4147 quidem,

254 4136 343 4201 Cum
363 4160 524 4202 accersor
543 4139 663 4204 ultro?
1036 4191 1040 4200 -

166 4222 351 4303 [Accersat
376 4226 442 4289 sive
460 4228 562 4311 potius
590 4236 745 4291 arcessat
764 4228 840 4294 Ach.
860 4230 893 4292 in
914 4234 982 4295 solo
1006 4228 1097 4295 Golb.
1120 4230 1154 4295 Π
1174 4230 1297 4296 invenie

166 4333 276 4375 omnes
290 4311 386 4397 ipsius
404 4314 455 4375 vel
474 4332 633 4377 accersor
648 4316 700 4378 vel
717 4336 885 4395 arcessor,
905 4316 1027 4397 utTig,
1047 4316 1177 4399 Wim.,
1200 4316 1298 4383 Cheru.

165 4400 204 4460 al.
223 4396 276 4461 De
295 4397 439 4482 scriptura
454 4399 542 4461 verbi
564 4421 595 4466 v.
609 4399 728 4478 Pium,
750 4403 803 4485 qui
823 4396 917 4465 etiam
939 4424 982 4466 ne
996 4404 1077 4467 tueri
1097 4404 1231 4483 studuit,
1251 4422 1299 4489 pro

165 4505 227 4571 quo
240 4482 336 4564 Pass,
358 4482 424 4564 On,
446 4484 563 4553 Web.:
585 4506 658 4552 nec.
703 4485 768 4551 Sed
780 4489 821 4550 ita
835 4488 1052 4576 explicandrnn
1062 4490 1205 4559 videtur:
1225 4485 1299 4571 Qut
