2700 4972
67 367 163 431 aas
276 314 279 325 ’
467 356 870 439 comanus-sams

95 546 234 615 tangere,
252 543 375 618 propter
387 530 553 619 peiurium,
574 552 636 617 qno
648 529 725 594 deos
741 529 897 595 laederent
919 542 951 593 et
966 532 1055 618 quasi
1073 533 1220 617 pulsaret.

95 622 182 683 llaec
192 619 398 704 interpretatio
412 618 440 678 si
461 639 501 679 ex
516 618 743 702 antiquitatibus
756 619 828 681 satis
842 620 934 702 plene
946 618 1141 702 probabitur,
1159 638 1221 704 prae

92 706 205 769 ceteris
224 705 369 767 ommibus
390 703 447 764 erit
467 702 708 789 amplectenda]
902 758 908 769 ,

38 782 42 787 ’
182 791 235 854 60.
270 784 520 875 Nequicquam
533 787 665 873 populo
685 784 820 850 bibulas
839 784 1025 853 donaveris
1044 788 1174 865 aurea]
1196 785 1222 851 si

95 876 229 963 tibiipse
241 875 387 940 citiorum
403 886 434 936 et
449 874 634 954 flagitiorum
654 876 792 938 conscius
813 897 863 955 es,
885 878 994 937 frustra
1017 883 1222 936 assentatorum

96 963 226 1027 vocibus
245 982 332 1023 aures
351 959 650 1038 accommodaveris,
677 971 711 1020 ut
734 961 793 1023 illis
820 961 1042 1047 potiusquam
1069 959 1125 1021 tibi
1146 958 1182 1020 de
1199 970 1222 1020 tc

98 1046 220 1128 credru3
248 1050 328 1110 liene
355 1042 491 1108 bibulae
513 1066 633 1123 aures,
655 1047 715 1106 hoc
735 1058 782 1108 est
806 1045 913 1109 avidas
938 1045 1140 1108 laudationisr
1167 1044 1223 1129 quia

96 1129 236 1217 ἥδιστον
248 1125 403 1213 ἀκρόαμα
423 1128 595 1211 iuratum,
615 1132 713 1215 inquit
728 1132 796 1195 ille:
827 1133 930 1217 itaque
950 1129 1068 1193 laudati
1089 1150 1144 1215 per
1162 1128 1224 1191 adu-

98 1221 246 1282 lationem
262 1229 293 1280 et
312 1217 482 1279 falsissimis
501 1217 617 1279 onerati
636 1217 784 1281 encomiis
803 1218 846 1280 sic
864 1218 917 1279 illa
938 1218 1124 1301 excipimus,
1145 1236 1225 1301 qum-

97 1305 214 1367 tumvis
228 1299 553 1384 ἀντιμαρτυροΰνιος
565 1304 629 1366 τοῦ
642 1297 843 1383 συνειδότος,
865 1303 953 1389 quasi
966 1303 1137 1367 verissima.
1178 1298 1224 1363 Se-

98 1410 174 1453 neca
191 1388 242 1451 De
259 1390 471 1474 tranquillitate
493 1389 589 1450 animi
611 1389 642 1469 [1
666 1389 858 1474 propeiind:
887 1384 973 1452 Non
994 1396 1049 1450 est
1070 1382 1159 1472 quod
1174 1404 1225 1448 nor

19 1492 22 1499 “
101 1473 219 1562 aragia
232 1473 351 1538 aliena
358 1473 499 1557 judices
510 1471 722 1535 adulatione
734 1473 853 1560 perire
871 1494 978 1559 quam
991 1479 1122 1537 nostra.
1152 1468 1224 1551 Quis

99 1560 165 1625 sibi
188 1558 303 1623 dicere
324 1580 445 1625 uerum
471 1580 576 1621 ausus
598 1559 680 1621 est?
707 1560 783 1643 qais
809 1581 877 1622 non
901 1558 992 1623 inter
1017 1555 1223 1621 laudantium

102 1644 421 1730 blandientiumque
434 1644 715 1733 positusgreges
730 1645 923 1731 plurimum
945 1654 1066 1708 tamen
1084 1641 1221 1727 sibiipsa

101 1741 297 1796 assentatus
312 1732 388 1794 est?
408 1730 515 1817 Itaque
527 1754 675 1812 magnum
692 1744 812 1818 oportet
824 1754 892 1795 esse
904 1733 1015 1810 virum,
1030 1752 1124 1816 quem
1137 1728 1221 1793 admi·

98 1821 231 1883 rentium
245 1830 275 1882 et
285 1817 476 1881 laudantium
489 1840 583 1882 voces
603 1817 725 1880 assidue
739 1828 905 1903 personent
920 1839 1022 1903 neque
1045 1824 1221 1965 ww

52 1956 56 1971 .
97 1905 286 1986 judiciumve
298 1915 480 1990 pervertant.
523 1904 694 1967 Verissime
711 1903 774 1966 Dio
791 1902 1031 1985 chrysostomus
1052 1904 1086 1965 in
1195 1898 1220 1963 V
1254 1910 1257 1917 '

100 1992 143 2097 [p.
168 1992 241 2069 431,
263 1995 283 2054 7
305 1989 403 2075 sqq.]r
433 1982 576 2074 μεγάλης
595 1988 747 2064 διανοίας
769 1986 827 2053 καί
852 1983 1026 2094 δυνάμεως
1050 1985 1136 2053 lorus
1156 1987 1221 2059 δείν,

99 2096 181 2141 οταν
199 2068 422 2156 θαυμάσωσιν
439 2070 499 2139 ἕνα
519 2072 637 2139 πολλοὶ
657 2072 714 2139 καί
736 2072 907 2157 διαφέρειν
925 2076 1072 2158 pydum
1091 2074 1158 2137 coir
1177 2068 1221 2135 il·

38 2226 41 2241 ,
98 2164 185 2239 ίαν,
214 2157 372 2243 sipiritu
393 2165 583 2241 cauponatu
607 2149 706 2237 οὗτος
731 2155 749 2225 ὁ
774 2156 859 2246 ἀνὴρ
883 2159 940 2224 bul
968 2157 1072 2244 μηδὲν
1096 2153 1221 2243 ducimur

98 2243 250 2330 πάσχειν,
274 2240 354 2329 μήδ’
373 2241 567 2327 ἐπαίρεσθαι
587 2250 660 2322 τοῖς
680 2249 816 2311 πολλῶν
834 2241 948 2329 λόγοις
967 2242 1079 2326 ὥσπερ
1098 2247 1222 2325 πτεροῖς

24 2362 27 2367 ·
98 2332 263 2417 Propterea
276 2332 396 2395 dicebat
409 2332 587 2396 Plutarchus
608 2335 640 2394 in
662 2335 740 2397 libro
762 2332 801 2396 de
823 2333 998 2395 discrimine
1015 2332 1177 2395 adulatoris
1192 2332 1222 2392 ab

48 2420 228 2489 assamico:
250 2416 422 2480 adulatores
442 2430 545 2481 tenere
567 2420 688 2482 auribus
707 2420 876 2504 prehensos
894 2420 1039 2482 homines
1061 2416 1225 2481 lauderico

98 2503 190 2590 pidos
210 2504 313 2588 itaque
335 2504 508 2582 inhaerere,
538 2516 570 2565 ut
592 2506 691 2566 excuti
711 2526 777 2565 non
796 2505 932 2591 possint:
959 2507 1029 2568 τῶν
1048 2502 1224 2587 φιλοτίμων,

99 2590 141 2653 ait
157 2589 201 2674 [p.
221 2591 272 2653 55.
287 2587 346 2665 E.],
368 2582 388 2651 ὁ
402 2584 501 2665 κόλαξ
517 2586 557 2652 τοὶ
572 2577 640 2652 dea
650 2586 801 2670 Ιιιαιὲχιον
814 2594 884 2665 τοῖς
901 2588 1051 2666 ἐπαίνοις
1065 2587 1125 2653 uui
1139 2600 1226 2669 ποοσ-

97 2669 258 2757 ιιιφνκοδς
274 2668 544 2757 δυσαπότριιιιός
566 2671 664 2739 ἐστιν.
708 2675 909 2756 [Alcibiadem
921 2680 986 2755 jam
1006 2699 1025 2740 a
1047 2697 1144 2761 puero
1167 2694 1223 2737 cor·

97 2772 220 2846 ruptum
241 2761 337 2822 fuisse
351 2758 492 2823 laudibus
512 2759 602 2822 docet
616 2761 766 2824 Plutarch.
780 2760 811 2825 4.
834 2759 902 2841 Ρί.]

184 2847 237 2911 51.
264 2844 408 2931 Respue
432 2843 525 2933 quod
547 2868 613 2909 non
636 2846 695 2926 ea]
725 2846 831 2926 Rejice
852 2846 1044 2911 laudationes
1064 2870 1084 2910 a
1100 2850 1226 2909 tonum

40 2930 44 2939 ’
75 2932 187 2997 .bonis
202 2941 253 2993 aut
269 2933 363 2994 etiam
374 2933 528 3019 corporist
547 2954 611 2994 non
624 2934 709 2994 enim
721 2932 753 2994 id
766 2955 799 2996 es
813 2945 856 3013 tu,
878 2954 978 3019 neque
994 2945 1066 2996 tuae
1084 2945 1154 2997 sunt
1168 2933 1227 2995 illae

95 3015 220 3083 laudes:
240 3018 358 3097 bomo,
378 3021 429 3081 vel
443 3019 554 3081 melior
569 3030 649 3081 certe
667 3018 803 3082 hominis
819 3040 906 3105 pars,
931 3031 978 3084 est
990 3021 1129 3083 animus:
1149 3020 1226 3097 huju

96 3103 164 3167 laus
184 3123 258 3166 vera
272 3123 309 3166 ea
327 3114 390 3183 est,
411 3124 490 3188 quae
501 3106 623 3190 proprie
635 3105 756 3166 homini
777 3106 931 3168 convenit.
977 3103 1097 3169 Seneca
1112 3104 1227 3191 epistola

82 3187 249 3252 'LXXXr
271 3185 311 3250 Si
321 3187 537 3274 perpendere
553 3198 586 3250 te
604 3189 706 3265 voles,
730 3209 855 3276 sepone
867 3189 1069 3275 pecuniam,
1085 3188 1226 3267 domum

97 3270 328 3359 dignitatemr
361 3272 453 3337 intus
477 3283 510 3337 te
534 3275 608 3361 ipse
627 3273 777 3339 consule.
821 3272 929 3341 Nunc
953 3275 1068 3363 qualis
1086 3274 1136 3341 sis
1155 3272 1225 3339 aliis

97 3355 219 3424 credis.
261 3359 324 3423 Vel
336 3361 529 3447 simpliciter:
553 3362 643 3440 rejice
655 3360 771 3440 laudes,
793 3383 867 3447 quas
881 3365 1059 3450 praeterrei
1078 3365 1226 3428 verinum

95 3444 128 3507 in
142 3455 173 3506 te
185 3456 387 3509 assentatores
408 3444 583 3525 conterunt,
605 3459 639 3509 ut
657 3468 728 3509 cum
747 3447 952 3511 semidoctum
967 3462 1083 3514 vocant
1098 3446 1228 3512 doctiss‘·

96 3551 200 3604 mum,
221 3540 340 3593 tantum
363 3554 428 3595 non
445 3530 618 3594 deformem
636 3534 903 3597 formosissimum.

159 3662 162 3667 ,
186 3610 306 3678 'Fallat
320 3637 386 3679 sua
411 3636 558 3680 munera
578 3616 702 3697 cerda]
735 3620 878 3681 Hortanti
899 3618 940 3681 ad
961 3620 1172 3701 cognitionem
1188 3614 1229 3683 sul

96 3712 301 3786 opportunum
320 3704 382 3765 hoc
400 3715 613 3790 praeceptum:
635 3724 709 3765 nam
733 3726 772 3767 ex
788 3703 938 3769 diametro
957 3726 1030 3769 cmm
1048 3708 1106 3769 illo
1122 3701 1229 3771 Nosce

96 3796 129 3849 te
145 3784 258 3872 ipsum
270 3800 405 3872 pugnant
418 3810 576 3852 sermones
589 3801 825 3855 assentatorum:
846 3788 955 3855 laudes
964 3790 1137 3856 inmeritas
1149 3800 1229 3857 votat

96 3892 242 3934 munera
263 3877 469 3952 assentatoris;
490 3877 592 3960 ipsum
611 3876 750 3937 nominat
767 3873 965 3959 cerdonem,
987 3878 1060 3963 quia
1072 3879 1230 3964 parasitum

94 3980 185 4039 agere
200 3969 230 4020 et
244 3981 299 4043 per
318 3963 556 4023 assentationem
570 3960 710 4038 laudare,
732 3964 897 4048 proprium¹
911 3972 958 4027 est
974 3967 1086 4043 abjecti
1102 3962 1229 4029 hominis

95 4056 127 4107 et
148 4045 261 4107 nullius
281 4046 341 4123 rei,
362 4058 397 4106 ut
417 4049 508 4109 etiam
529 4047 706 4111 Aristoteles
725 4069 760 4110 ac
774 4048 1006 4134 Theophrastus
1050 4051 1229 4113 renuntiant.

96 4125 222 4209 [Cerdo
243 4152 299 4216 pro
320 4134 496 4217 plebecula,
525 4132 947 4218 utap.luvenal.lV,158
975 4134 1017 4198 de
1072 4138 1230 4199 ornitiano:

95 4212 167 4279 Sed
184 4214 309 4301 periit,
330 4225 516 4302 postquam
536 4215 740 4281 cerdonibus
757 4239 830 4281 esse
859 4219 1037 4283 timendus
1054 4220 1227 4309 Coeperat.

92 4300 255 4365 Meisterus
279 4301 426 4366 indicavit
447 4306 551 4367 locum
571 4302 698 4366 Tertull.
718 4304 758 4367 de
778 4305 853 4369 Pall.
877 4308 915 4372 6:
934 4305 1045 4392 plane
1064 4306 1230 4395 pestiis-

93 4408 216 4449 manos
227 4389 371 4473 equites,
394 4408 515 4451 verum
532 4398 567 4451 et
591 4387 799 4458 cardones
821 4399 856 4453 et
869 4392 981 4455 omnia
989 4393 1231 4483 gladiatorum

91 4471 290 4560 ignominia
316 4483 441 4562 togata
468 4472 676 4562 producitur
683 4498 695 4554 ς
732 4489 763 4540 et
785 4477 915 4543 Martial.
940 4478 1004 4558 Ill,
1030 4487 1088 4565 163
1110 4483 1162 4551 69.
1184 4480 1230 4545 9⁹.
