2700 4972
141 362 209 428 m
509 308 917 417 oouuuusaum's

230 522 378 601 Omitte,
399 514 517 611 Lyde,
539 528 644 608 atque
659 538 743 587 aare
760 514 863 583 malo.
1313 576 1315 585 ,

229 610 314 675 Jam
328 608 431 673 cessit
445 607 544 686 [edila
559 603 719 687 excessit]
728 604 816 669 mibi
827 613 927 670 astas
938 624 983 667 ex
995 602 1203 695 magisteria
1212 616 1270 677 lua

228 695 353 773 Fiam,
374 703 414 759 ut
426 714 487 781 ego
502 690 642 779 opinor,
661 688 851 771 Hercules,
875 700 915 754 tu
935 698 1054 754 autem
1069 688 1198 758 Linus.
1318 756 1320 761 .

146 784 384 866 [Proverbialem
395 781 584 843 locutionem
596 781 628 843 h.
640 780 662 841 l.
676 800 694 840 a
708 778 812 841 Persio
824 779 961 864 paullum
969 774 1167 843 unmutatain
1179 792 1270 845 osteu-

147 872 192 934 dit
203 874 290 934 losus
302 866 414 943 Isidori
426 886 445 928 a
459 866 556 931 Web.
572 867 697 928 allatus:
722 860 863 927 Tutor
885 860 945 948 qui
955 861 1135 949 pupillum
1156 872 1273 969 lasseturq

147 956 212 1023 boo
232 964 282 1019 est
302 952 478 1015 intuetur.-
497 947 539 1012 de
560 969 626 1036 quo
647 946 684 1011 in
705 947 949 1014 consuetudine
962 946 1112 1037 uulgari
1136 948 1275 1033 diciturs¹

148 1036 266 1123 Quid
296 1057 357 1101 me
385 1034 554 1100 mones?
595 1031 650 1099 Et
678 1040 868 1098 tutorem
897 1032 1271 1129 etpaedagagurn
1315 1038 1321 1061 ”’

15 1182 19 1191 .
148 1125 254 1191 olim
275 1119 411 1186 obrui.
440 1119 765 1204 Origg.X‚5lit.T.]
898 1142 902 1149 ·

232 1215 286 1279 98.
311 1204 486 1296 Turgidus
499 1203 700 1292 insepulta]
727 1205 832 1269 Poena
846 1204 983 1269 luxuriae
1002 1216 1033 1271 at
1053 1228 1172 1289 ganeae
1184 1208 1272 1273 morbi
1319 1280 1321 1287 ,

148 1320 185 1361 ao
197 1318 281 1361 mors
291 1317 344 1359 sae
367 1318 384 1357 e
398 1314 560 1381 praesens3
581 1290 692 1354 eadem
713 1292 862 1355 sententia
877 1292 958 1379 apud
971 1292 1157 1359 Juvenalsm
1173 1294 1207 1359 iu
1218 1296 1272 1383 prl-
1316 1328 1321 1349 -·

148 1404 218 1465 ma,
236 1381 290 1444 ubi
302 1316 423 1445 cicietur
438 1380 521 1441 hunc
536 1378 639 1439 locum
652 1378 786 1439 isnitalus
806 1376 882 1455 [142
893 1384 988 1463 sqq.]:

234 1466 357 1531 Poena
370 1476 488 1528 tamen
496 1482 682 1549 praesens,
704 1482 783 1524 cum
803 1470 842 1524 tu
858 1458 1003 1549 deponis
1020 1460 1175 1529 amictus
1229 1482 1233 1497 ¹

239 1547 417 1639 'lisrgidus
432 1557 466 1612 et
481 1547 626 1611 crudum
637 1567 809 1633 pavonem
824 1545 860 1610 in
880 1545 1159 1635 balneaportass
1234 1580 1238 1591 ·
1319 1564 1321 1573 ·

234 1634 332 1701 Hinc
347 1633 481 1699 subitae
495 1642 622 1697 mortes
639 1640 743 1719 atque
763 1631 931 1697 intestata
949 1644 1120 1701 senectus.

149 1724 297 1793 Martialis
313 1724 391 1805 libro
408 1720 475 1784 ΧΠ
499 1720 559 1806 [ep.
572 1719 624 1799 48,
638 1723 658 1784 9
671 1718 743 1804 sq.]:
898 1772 903 1791 ,

234 1806 426 1876 Mullorum
441 1804 664 1893 leporumque
682 1812 718 1866 et
730 1800 876 1867 suminis
891 1801 1007 1868 exitus
1027 1800 1163 1885 bioes't,

299 1889 550 1980 Sulsureusque
577 1887 672 1953 color
694 1886 943 2038 carnificespue
958 1888 1080 1977 pedes.
1127 1912 1130 1919 ·
1210 1936 1213 1943 ·

235 1977 351 2066 'Atque
367 1974 602 2056 alboventre.]
623 1975 718 2039 Albus
740 1987 792 2041 aut
813 1977 873 2039 albi
896 1998 932 2040 us
952 1980 1037 2039 color
1061 1974 1201 2063 proprius
1220 1970 1273 2039 otio
1310 1978 1313 1983 '

91 2114 97 2131 a
150 2070 312 2132 marcentis
330 2077 362 2128 et
382 2064 588 2150 voluptatibus
605 2060 787 2129 diffluentis.
843 2057 907 2123 Dio
929 2060 1168 2146 chrysostomus
1186 2062 1218 2123 in
1233 2054 1275 2125 Π

152 2153 194 2216 ‹la
209 2174 305 2232 regno
328 2150 371 2236 [p.
385 2154 437 2228 77,
452 2148 521 2229 371:
551 2142 680 2222 Λευκὸς
703 2144 805 2221 idaia,
827 2140 1049 2231 intonaturis,
1074 2140 1275 2230 alflalac'sd

101 2228 104 2239 '
150 2234 267 2303 πόνων
288 2231 432 2315 ἄπειρος.
473 2232 509 2297 ln
531 2231 624 2295 LXlI
644 2233 685 2317 [p.
699 2234 771 2312 588,
784 2231 857 2315 46]:
883 2226 953 2297 sind
975 2227 1095 2317 ἀργίας
1118 2230 1176 2298 stab
1196 2230 1276 2309 ossis

151 2318 279 2400 λευκός.
319 2322 465 2385 Horatius
490 2317 567 2399 [Sat.
580 2316 621 2396 Π,
642 2323 673 2395 2,
687 2316 761 2397 21]:

630 2400 798 2489 pinguem
812 2398 910 2468 vitiis
929 2400 1127 2491 albumque.

153 2491 288 2580 Sulpicia
308 2491 342 2553 in
360 2488 457 2552 Satira
475 2484 563 2570 [36]:

239 2573 324 2643 Non
337 2571 452 2649 trabe,
473 2570 536 2634 sed
554 2580 657 2657 tergo¹
659 2568 851 2657 prolapsus
865 2580 899 2636 et
911 2569 1067 2660 ingluvie
1088 2570 1208 2655 albun-
1321 2572 1323 2613 ³

16 2748 19 2753 Ι
153 2664 316 2813 εἱίἳέςὶρθ
332 2659 409 2806 iiim]
420 2658 557 2805 §enecpo
576 2657 1011 2806 {utppincipiolyetbpr'evitate
1030 2662 1134 2726 vitae:
1157 2656 1280 2743 Quam·

10 2764 45 2807 '.
245 2762 553 2811 sconrnussvou
592 2762 850 2807 acusaen

152 2771 189 2814 m
209 2839 291 2983 d99.
312 2828 464 2897 Gutture
481 2763 690 2917 suspiraretis
705 2764 798 2892 lePizte
820 2826 1006 2895 exbalante
1027 2828 1224 2921 mephites]
1247 2812 1282 2895 lit

152 2940 208 2985 mo
231 2941 268 2985 o:

992 2998 1116 3091 aegris
1216 3002 1224 3021 ‘

101 3078 157 3139 ³⁰²
240 3080 412 3156 Faucibus
426 3090 614 3171 exsuperat
627 3080 751 3171 gravis
767 3080 915 3161 halitum

155 3187 188 3243 et
200 3198 294 3263 saepe
305 3173 388 3260 apud
394 3173 548 3237 lanimem
556 3169 810 3253 chrysostomum
822 3171 854 3233 in
867 3172 955 3252 alna
979 3172 1061 3255 ονῆς
1075 3170 1284 3261 incriptione:

154 3257 323 3346 ἐρεύγεται
339 3256 525 3335 barabias:
544 3277 638 3342 quam
650 3258 887 3337 graveolentiam
900 3192 1110 3342 suipbureas
1124 3254 1286 3345 mephites

178 3348 248 3410 oeta
259 3355 360 3409 vocat.
401 3344 610 3424 Hieronymus
623 3341 768 3406 adversus
780 3340 994 3406 loviniauuma
1012 3341 1192 3429 pridianis
1211 3360 1288 3441 epit-

154 3372 202 3496 lis
222 3425 455 3493 distendimur
472 3435 508 3488 et
522 3433 649 3529 guttur
668 3433 825 3490 nostrum
847 3424 1113 3494 meditatorium
1135 3424 1290 3517 efficitur

157 3515 380 3584 latrinarum.
417 3510 588 3576 Planeudo
630 3513 732 3592 remit,
751 3512 834 3598 quod
848 3513 1136 3581 uutheicPersius.
1179 3514 1292 3581 seneca

157 3605 285 3691 epistola
307 3598 419 3667 xcv=
449 3594 564 3677 Quam
579 3534 684 3692 ideali
710 3603 814 3693 atque
832 3596 1038 3682 pestilentes
1067 3608 1189 3667 ructus
1208 3606 1291 3677 sunl,

181 3696 326 3751 uantum
341 3680 534 3771 fastidium
553 3700 609 3744 sus
630 3677 876 3746 exhalantibus
901 3682 1090 3771 crapulam
1115 3682 1293 3751 veterem?

156 3711 260 3836 betas
282 3780 484 3859 putrescere
511 3775 627 3830 sumta
634 3811 644 3845 ,
671 3788 739 3830 non
756 3767 940 3855 concoqui.
990 3768 1082 3835 Idem
1107 3770 1295 3839 Natiualium

157 3860 212 3922 lib.
225 3858 259 3921 V
275 3858 334 3937 [412
361 3853 404 3919 In
423 3851 551 3918 nastris
574 3850 775 3939 corporibus
791 3872 835 3917 ex
860 3851 935 3919 cibo
953 3848 1003 3939 fit
1019 3852 1178 3947 inflatio,
1209 3874 1293 3946 quas

158 3964 228 4008 non
240 3940 313 4006 sine
326 3938 467 4005 narium
480 3937 615 4023 injuria
626 3936 798 4003 emittitur
809 3948 845 4003 et
857 3948 1015 4006 ventrem
1025 3940 1207 4008 interdum
1218 3962 1295 4008 cum

158 4048 239 4093 sono
257 4033 439 4106 exonerat,
463 4021 636 4088 interdum
656 4023 833 4089 secretius.

245 4118 318 4178 100.
337 4109 407 4175 Sed
420 4119 550 4173 tremor
563 4108 654 4173 inter
666 4109 749 4176 vina
766 4108 880 4191 subit]
909 4111 1015 4176 Laesis
1033 4114 1157 4190 nervis,
1177 4124 1214 4176 ut
1226 4124 1296 4177 ants

159 4198 348 4263 dicebamus.
401 4196 521 4260 Seneca
541 4195 676 4261 ibidem:
706 4195 803 4277 Quae
824 4193 1101 4262 desiderantibus
1124 4197 1295 4263 alimenta

159 4290 272 4359 erant,
295 4302 402 4347 onera
414 4291 493 4346 sunt
499 4278 613 4366 plenis
619 4300 634 4354 ,⁶
655 4279 736 4344 inde
746 4280 911 4367 palleret
924 4302 1110 4348 nervorum
1124 4283 1204 4350 vino
1221 4305 1294 4349 ma·

157 4367 314 4435 dentium
337 4376 468 4432 tremor
493 4375 529 4429 et
550 4364 783 4431 miserabilior
809 4388 852 4430 ex
873 4365 1102 4433 cruditatibus
1122 4390 1230 4457 quam
1251 4390 1293 4434 es

16 4476 20 4481 ·
152 4452 258 4544 fame
271 4454 403 4523 macies
406 4474 422 4535 3
433 4448 513 4521 inde
529 4449 655 4519 incerti
667 4450 863 4549 labantium
870 4452 981 4544 pedes
994 4463 1030 4521 et
1041 4477 1180 4546 semper
1192 4452 1294 4548 quasi
