<?xml version="1.0" encoding="UTF-8"?>
<!DOCTYPE html PUBLIC "-//W3C//DTD XHTML 1.0 Transitional//EN"
    "http://www.w3.org/TR/xhtml1/DTD/xhtml1-transitional.dtd">
<html xmlns="http://www.w3.org/1999/xhtml" xml:lang="en" lang="en">
 <head>
  <title>
</title>
<meta http-equiv="Content-Type" content="text/html;charset=utf-8" />
  <meta name='ocr-system' content='tesseract 3.04.00' />
  <meta name='ocr-capabilities' content='ocr_page ocr_carea ocr_par ocr_line ocrx_word'/>
</head>
<body>
  <div class='ocr_page' id='page_1' title='image "./satirarumliber00persgoog_0118.png"; bbox 0 0 2700 4972; ppageno 0'>
   <div class='ocr_carea' id='block_1_1' title="bbox 384 264 1311 393">
    <p class='ocr_par' dir='ltr' id='par_1_1' title="bbox 384 264 1311 393">
     <span class='ocr_line' id='line_1_1' title="bbox 384 264 1311 393; baseline 0.002 -3"><span class='ocrx_word' id='word_1_1' title='bbox 384 270 933 393; x_wconf 78' lang='lat' dir='ltr'><strong>rornnsnsrrmsur.</strong></span> <span class='ocrx_word' id='word_1_2' title='bbox 1009 264 1013 279; x_wconf 60' lang='grc'>’</span> <span class='ocrx_word' id='word_1_3' title='bbox 1167 264 1237 393; x_wconf 54' lang='grc' dir='ltr'><strong>’π</strong></span> <span class='ocrx_word' id='word_1_4' title='bbox 1306 307 1311 318; x_wconf 81' lang='grc'><em>“</em></span> 
     </span>
    </p>
   </div>
   <div class='ocr_carea' id='block_1_2' title="bbox 50 490 1337 4528">
    <p class='ocr_par' dir='ltr' id='par_1_2' title="bbox 97 490 1302 841">
     <span class='ocr_line' id='line_1_2' title="bbox 97 490 1235 596; baseline 0.001 -38"><span class='ocrx_word' id='word_1_5' title='bbox 97 491 230 581; x_wconf 56' lang='lat' dir='ltr'><strong>judicas</strong></span> <span class='ocrx_word' id='word_1_6' title='bbox 249 490 290 559; x_wconf 87' lang='lat' dir='ltr'><strong>ds</strong></span> <span class='ocrx_word' id='word_1_7' title='bbox 301 494 526 559; x_wconf 83' lang='lat' dir='ltr'><strong>existimatione</strong></span> <span class='ocrx_word' id='word_1_8' title='bbox 536 518 607 560; x_wconf 89' lang='lat' dir='ltr'><strong>mea</strong></span> <span class='ocrx_word' id='word_1_9' title='bbox 621 506 723 560; x_wconf 88' lang='lat' dir='ltr'><strong>actum</strong></span> <span class='ocrx_word' id='word_1_10' title='bbox 736 517 806 560; x_wconf 89' lang='lat' dir='ltr'><strong>esse</strong></span> <span class='ocrx_word' id='word_1_11' title='bbox 825 507 857 559; x_wconf 89' lang='lat' dir='ltr'><strong>et</strong></span> <span class='ocrx_word' id='word_1_12' title='bbox 869 495 1012 576; x_wconf 83' lang='lat' dir='ltr'><strong>fortunis,</strong></span> <span class='ocrx_word' id='word_1_13' title='bbox 1034 493 1061 559; x_wconf 89' lang='lat' dir='ltr'><strong>si</strong></span> <span class='ocrx_word' id='word_1_14' title='bbox 1080 494 1235 596; x_wconf 86' lang='lat' dir='ltr'><strong>pessimus</strong></span> 
     </span>
     <span class='ocr_line' id='line_1_3' title="bbox 99 578 1302 668; baseline -0.004 -25"><span class='ocrx_word' id='word_1_15' title='bbox 99 579 226 644; x_wconf 86' lang='lat' dir='ltr'><strong>audiam</strong></span> <span class='ocrx_word' id='word_1_16' title='bbox 242 578 404 667; x_wconf 68' lang='lat' dir='ltr'><strong>politanum</strong></span> <span class='ocrx_word' id='word_1_17' title='bbox 421 593 453 645; x_wconf 89' lang='lat' dir='ltr'><strong>et</strong></span> <span class='ocrx_word' id='word_1_18' title='bbox 470 583 590 647; x_wconf 92' lang='lat' dir='ltr'><strong>libellos</strong></span> <span class='ocrx_word' id='word_1_19' title='bbox 605 604 695 659; x_wconf 82' lang='lat' dir='ltr'><strong>meos</strong></span> <span class='ocrx_word' id='word_1_20' title='bbox 709 584 761 647; x_wconf 83' lang='lat' dir='ltr'><strong>vel</strong></span> <span class='ocrx_word' id='word_1_21' title='bbox 778 581 930 668; x_wconf 77' lang='lat' dir='ltr'><strong>poe&#39;matis</strong></span> <span class='ocrx_word' id='word_1_22' title='bbox 950 581 1121 661; x_wconf 80' lang='lat' dir='ltr'><strong>Labeonis,</strong></span> <span class='ocrx_word' id='word_1_23' title='bbox 1141 602 1235 665; x_wconf 83' lang='lat' dir='ltr'><strong>quern</strong></span> <span class='ocrx_word' id='word_1_24' title='bbox 1297 630 1302 638; x_wconf 94' lang='lat'><strong>.</strong></span> 
     </span>
     <span class='ocr_line' id='line_1_4' title="bbox 97 665 1235 754; baseline 0.002 -26"><span class='ocrx_word' id='word_1_25' title='bbox 97 665 174 748; x_wconf 83' lang='lat' dir='ltr'><strong>legit</strong></span> <span class='ocrx_word' id='word_1_26' title='bbox 191 687 306 747; x_wconf 88' lang='lat' dir='ltr'><strong>nemo,</strong></span> <span class='ocrx_word' id='word_1_27' title='bbox 327 678 515 753; x_wconf 81' lang='lat' dir='ltr'>postponant</span> <span class='ocrx_word' id='word_1_28' title='bbox 537 668 620 731; x_wconf 89' lang='lat' dir='ltr'><strong>Nero</strong></span> <span class='ocrx_word' id='word_1_29' title='bbox 640 680 670 731; x_wconf 86' lang='lat' dir='ltr'><strong>et</strong></span> <span class='ocrx_word' id='word_1_30' title='bbox 687 668 740 730; x_wconf 89' lang='lat' dir='ltr'><strong>alii</strong></span> <span class='ocrx_word' id='word_1_31' title='bbox 759 666 924 754; x_wconf 78' lang='lat' dir='ltr'><strong>proceres?</strong></span> <span class='ocrx_word' id='word_1_32' title='bbox 952 666 1066 731; x_wconf 81' lang='lat' dir='ltr'><strong>deinde</strong></span> <span class='ocrx_word' id='word_1_33' title='bbox 1087 665 1235 732; x_wconf 81' lang='lat' dir='ltr'><strong>adversus</strong></span> 
     </span>
     <span class='ocr_line' id='line_1_5' title="bbox 98 750 1194 841; baseline 0.005 -26"><span class='ocrx_word' id='word_1_34' title='bbox 98 751 245 841; x_wconf 79' lang='lat' dir='ltr'><strong>baecdis</strong></span> <span class='ocrx_word' id='word_1_35' title='bbox 268 764 356 816; x_wconf 88' lang='lat' dir='ltr'><strong>utans</strong></span> <span class='ocrx_word' id='word_1_36' title='bbox 366 752 502 834; x_wconf 84' lang='lat' dir='ltr'>Persius,</span> <span class='ocrx_word' id='word_1_37' title='bbox 524 750 660 840; x_wconf 80' lang='lat' dir='ltr'><strong>Nugae,</strong></span> <span class='ocrx_word' id='word_1_38' title='bbox 681 754 738 832; x_wconf 88' lang='lat' dir='ltr'><strong>ait,</strong></span> <span class='ocrx_word' id='word_1_39' title='bbox 758 766 816 817; x_wconf 91' lang='lat' dir='ltr'><strong>etc.</strong></span> <span class='ocrx_word' id='word_1_40' title='bbox 877 828 880 833; x_wconf 45' lang='lat'><strong>.</strong></span> <span class='ocrx_word' id='word_1_41' title='bbox 1056 758 1059 765; x_wconf 84' lang='lat'>&#39;</span> <span class='ocrx_word' id='word_1_42' title='bbox 1189 816 1194 821; x_wconf 90' lang='lat'><strong>.</strong></span> 
     </span>
    </p>

    <p class='ocr_par' dir='ltr' id='par_1_3' title="bbox 97 824 1236 1096">
     <span class='ocr_line' id='line_1_6' title="bbox 97 824 1235 920; baseline -0.004 -18"><span class='ocrx_word' id='word_1_43' title='bbox 97 848 103 855; x_wconf 87' lang='grc'><em>“</em></span> <span class='ocrx_word' id='word_1_44' title='bbox 185 838 218 902; x_wconf 84' lang='grc'><strong>4.</strong></span> <span class='ocrx_word' id='word_1_45' title='bbox 279 837 395 902; x_wconf 78' lang='lat' dir='ltr'><strong>emilii</strong></span> <span class='ocrx_word' id='word_1_46' title='bbox 406 837 620 920; x_wconf 63' lang='lat' dir='ltr'><strong>Polydamas</strong></span> <span class='ocrx_word' id='word_1_47' title='bbox 636 849 670 903; x_wconf 86' lang='lat' dir='ltr'><strong>et</strong></span> <span class='ocrx_word' id='word_1_48' title='bbox 686 837 856 904; x_wconf 64' lang='lat' dir='ltr'><strong>Troiades</strong></span> <span class='ocrx_word' id='word_1_49' title='bbox 863 834 1061 903; x_wconf 79' lang='lat' dir='ltr'><strong>Labeonem</strong></span> <span class='ocrx_word' id='word_1_50' title='bbox 1070 824 1235 915; x_wconf 71' lang='lat' dir='ltr'><strong>Praetdd]</strong></span> 
     </span>
     <span class='ocr_line' id='line_1_7' title="bbox 98 917 1235 1010; baseline -0.003 -25"><span class='ocrx_word' id='word_1_51' title='bbox 98 919 355 1004; x_wconf 77' lang='lat' dir='ltr'><strong>ingeniosissime</strong></span> <span class='ocrx_word' id='word_1_52' title='bbox 368 923 461 1010; x_wconf 82' lang='lat' dir='ltr'><strong>po‘e‘ta</strong></span> <span class='ocrx_word' id='word_1_53' title='bbox 477 923 554 988; x_wconf 90' lang='lat' dir='ltr'><strong>duos</strong></span> <span class='ocrx_word' id='word_1_54' title='bbox 567 946 674 990; x_wconf 76' lang='lat' dir='ltr'><strong>versus</strong></span> <span class='ocrx_word' id='word_1_55' title='bbox 686 917 791 989; x_wconf 79' lang='grc' dir='ltr'><strong><em>Ἰλιαδ.</em></strong></span> <span class='ocrx_word' id='word_1_56' title='bbox 806 947 835 1008; x_wconf 81' lang='grc' dir='ltr'><strong>χ.</strong></span> <span class='ocrx_word' id='word_1_57' title='bbox 851 925 925 1003; x_wconf 90' lang='lat'>[100</span> <span class='ocrx_word' id='word_1_58' title='bbox 933 935 964 987; x_wconf 89' lang='lat' dir='ltr'><strong>et</strong></span> <span class='ocrx_word' id='word_1_59' title='bbox 980 922 1052 1003; x_wconf 85' lang='lat'>105]</span> <span class='ocrx_word' id='word_1_60' title='bbox 1071 920 1170 1000; x_wconf 88' lang='lat' dir='ltr'><strong>(erant</strong></span> <span class='ocrx_word' id='word_1_61' title='bbox 1183 922 1235 1006; x_wconf 91' lang='lat' dir='ltr'><strong>qui</strong></span> 
     </span>
     <span class='ocr_line' id='line_1_8' title="bbox 98 1000 1236 1096; baseline -0.001 -25"><span class='ocrx_word' id='word_1_62' title='bbox 98 1009 232 1073; x_wconf 82' lang='lat' dir='ltr'><strong>alterum</strong></span> <span class='ocrx_word' id='word_1_63' title='bbox 242 1011 356 1072; x_wconf 92' lang='lat' dir='ltr'><strong>horum</strong></span> <span class='ocrx_word' id='word_1_64' title='bbox 370 1009 493 1072; x_wconf 79' lang='lat' dir='ltr'><strong>aliunde</strong></span> <span class='ocrx_word' id='word_1_65' title='bbox 529 1012 626 1092; x_wconf 88' lang='lat' dir='ltr'><strong>etunt)</strong></span> <span class='ocrx_word' id='word_1_66' title='bbox 643 1013 705 1072; x_wconf 93' lang='lat' dir='ltr'><strong>hoc</strong></span> <span class='ocrx_word' id='word_1_67' title='bbox 718 1012 810 1073; x_wconf 90' lang='lat' dir='ltr'><strong>unico</strong></span> <span class='ocrx_word' id='word_1_68' title='bbox 822 1010 985 1096; x_wconf 83' lang='lat' dir='ltr'><strong>expressit:</strong></span> <span class='ocrx_word' id='word_1_69' title='bbox 1007 1000 1236 1090; x_wconf 75' lang='grc' dir='ltr'><em>Πουλυδάμας</em></span> 
     </span>
    </p>

    <p class='ocr_par' dir='ltr' id='par_1_4' title="bbox 96 1089 1335 1696">
     <span class='ocr_line' id='line_1_9' title="bbox 98 1089 1251 1178; baseline -0.001 -21"><span class='ocrx_word' id='word_1_70' title='bbox 98 1115 157 1177; x_wconf 83' lang='grc' dir='ltr'><strong>μοι</strong></span> <span class='ocrx_word' id='word_1_71' title='bbox 171 1096 306 1176; x_wconf 74' lang='grc' dir='ltr'><strong><em>πρῶτος</em></strong></span> <span class='ocrx_word' id='word_1_72' title='bbox 317 1091 478 1178; x_wconf 75' lang='grc' dir='ltr'><strong><em>ἐλεγχείην</em></strong></span> <span class='ocrx_word' id='word_1_73' title='bbox 491 1093 670 1178; x_wconf 62' lang='lat' dir='ltr'><strong>acediosi:</strong></span> <span class='ocrx_word' id='word_1_74' title='bbox 691 1108 722 1158; x_wconf 91' lang='lat' dir='ltr'><strong>et</strong></span> <span class='ocrx_word' id='word_1_75' title='bbox 732 1097 850 1160; x_wconf 76' lang='lat' dir='ltr'><strong>statimc</strong></span> <span class='ocrx_word' id='word_1_76' title='bbox 871 1091 1033 1176; x_wconf 79' lang='grc' dir='ltr'><strong>Α1δέομαι</strong></span> <span class='ocrx_word' id='word_1_77' title='bbox 1049 1094 1166 1174; x_wconf 75' lang='grc' dir='ltr'><strong><em>Τρῶας</em></strong></span> <span class='ocrx_word' id='word_1_78' title='bbox 1179 1089 1251 1157; x_wconf 73' lang='grc' dir='ltr'><strong>ανδ</strong></span> 
     </span>
     <span class='ocr_line' id='line_1_10' title="bbox 102 1174 1236 1267; baseline -0.003 -23"><span class='ocrx_word' id='word_1_79' title='bbox 102 1174 266 1263; x_wconf 76' lang='grc' dir='ltr'><strong><em>Τρωάδας</em></strong></span> <span class='ocrx_word' id='word_1_80' title='bbox 280 1175 541 1258; x_wconf 71' lang='grc' dir='ltr'><strong>ἑλκεσιπέπλους.</strong></span> <span class='ocrx_word' id='word_1_81' title='bbox 585 1183 636 1247; x_wconf 87' lang='lat' dir='ltr'><strong>Sic</strong></span> <span class='ocrx_word' id='word_1_82' title='bbox 651 1182 696 1247; x_wconf 85' lang='lat' dir='ltr'><strong>M.</strong></span> <span class='ocrx_word' id='word_1_83' title='bbox 706 1181 735 1245; x_wconf 85' lang='grc' dir='ltr'><strong><em>Τ</em></strong></span> <span class='ocrx_word' id='word_1_84' title='bbox 736 1183 827 1244; x_wconf 90' lang='lat' dir='ltr'><strong>ullius</strong></span> <span class='ocrx_word' id='word_1_85' title='bbox 839 1192 1002 1267; x_wconf 88' lang='lat' dir='ltr'><strong>utrumque</strong></span> <span class='ocrx_word' id='word_1_86' title='bbox 1015 1180 1145 1259; x_wconf 79' lang='lat' dir='ltr'><strong>Homeri</strong></span> <span class='ocrx_word' id='word_1_87' title='bbox 1164 1200 1236 1244; x_wconf 85' lang='lat' dir='ltr'><strong>rer·</strong></span> 
     </span>
     <span class='ocr_line' id='line_1_11' title="bbox 97 1264 1236 1417; baseline -0.002 -2"><span class='ocrx_word' id='word_1_88' title='bbox 97 1287 178 1415; x_wconf 64' lang='lat' dir='ltr'><strong>inm·</strong></span> <span class='ocrx_word' id='word_1_89' title='bbox 190 1278 321 1417; x_wconf 70' lang='grc' dir='ltr'><strong>11111ἒὶ</strong></span> <span class='ocrx_word' id='word_1_90' title='bbox 335 1267 896 1417; x_wconf 58' lang='lat' dir='ltr'><strong>{ttetttttttlttmltt</strong></span> <span class='ocrx_word' id='word_1_91' title='bbox 911 1265 1147 1415; x_wconf 59' lang='lat' dir='ltr'><strong>grpmetmrgpa</strong></span> <span class='ocrx_word' id='word_1_92' title='bbox 1166 1264 1236 1413; x_wconf 69' lang='lat' dir='ltr'><strong>tl</strong></span> 
     </span>
     <span class='ocr_line' id='line_1_12' title="bbox 99 1375 1335 1544; baseline -0.002 -43"><span class='ocrx_word' id='word_1_93' title='bbox 99 1397 220 1544; x_wconf 74' lang='lat' dir='ltr'><strong>Tp&#39;oius</strong></span> <span class='ocrx_word' id='word_1_94' title='bbox 235 1434 293 1502; x_wconf 75' lang='lat' dir='ltr'><strong>ecl</strong></span> <span class='ocrx_word' id='word_1_95' title='bbox 310 1404 490 1520; x_wconf 53' lang='lat' dir='ltr'><strong>Tanites?</strong></span> <span class='ocrx_word' id='word_1_96' title='bbox 511 1377 737 1523; x_wconf 78' lang='grc' dir='ltr'><strong><em>Πουλάδάμας</em></strong></span> <span class='ocrx_word' id='word_1_97' title='bbox 757 1460 815 1520; x_wconf 86' lang='grc' dir='ltr'><strong>μοι</strong></span> <span class='ocrx_word' id='word_1_98' title='bbox 830 1375 961 1520; x_wconf 57' lang='lat' dir='ltr'><strong>negtiis</strong></span> <span class='ocrx_word' id='word_1_99' title='bbox 974 1397 1234 1521; x_wconf 73' lang='grc' dir='ltr'><strong><em>ἐλεγχτδηάάνα-</em></strong></span> <span class='ocrx_word' id='word_1_100' title='bbox 1273 1493 1275 1497; x_wconf 81' lang='grc'>,</span> <span class='ocrx_word' id='word_1_101' title='bbox 1332 1482 1335 1491; x_wconf 85' lang='grc'><strong>.</strong></span> 
     </span>
     <span class='ocr_line' id='line_1_13' title="bbox 96 1516 1235 1611; baseline -0.002 -24"><span class='ocrx_word' id='word_1_102' title='bbox 96 1526 218 1607; x_wconf 64' lang='lat' dir='ltr'><strong>deust:</strong></span> <span class='ocrx_word' id='word_1_103' title='bbox 239 1520 339 1610; x_wconf 80' lang='lat' dir='ltr'><strong>quis?</strong></span> <span class='ocrx_word' id='word_1_104' title='bbox 360 1535 397 1587; x_wconf 84' lang='lat' dir='ltr'><strong>tu</strong></span> <span class='ocrx_word' id='word_1_105' title='bbox 410 1524 484 1611; x_wconf 80' lang='lat' dir='ltr'><strong>ipse</strong></span> <span class='ocrx_word' id='word_1_106' title='bbox 503 1525 645 1600; x_wconf 83' lang='lat' dir='ltr'><strong>scilicet,</strong></span> <span class='ocrx_word' id='word_1_107' title='bbox 670 1523 830 1588; x_wconf 85' lang='lat' dir='ltr'><strong>laudator</strong></span> <span class='ocrx_word' id='word_1_108' title='bbox 853 1535 886 1588; x_wconf 85' lang='lat' dir='ltr'><strong>et</strong></span> <span class='ocrx_word' id='word_1_109' title='bbox 907 1521 1113 1608; x_wconf 81' lang='lat' dir='ltr'><strong>scriptorum</strong></span> <span class='ocrx_word' id='word_1_110' title='bbox 1128 1531 1162 1587; x_wconf 84' lang='lat' dir='ltr'><strong>et</strong></span> <span class='ocrx_word' id='word_1_111' title='bbox 1171 1516 1235 1609; x_wconf 71' lang='lat' dir='ltr'><strong>fa-</strong></span> 
     </span>
     <span class='ocr_line' id='line_1_14' title="bbox 96 1602 1235 1696; baseline -0.002 -25"><span class='ocrx_word' id='word_1_112' title='bbox 96 1602 233 1691; x_wconf 64' lang='lat' dir='ltr'><strong>ctorrim</strong></span> <span class='ocrx_word' id='word_1_113' title='bbox 247 1631 408 1683; x_wconf 84' lang='lat' dir='ltr'><strong>meorum.</strong></span> <span class='ocrx_word' id='word_1_114' title='bbox 450 1611 534 1674; x_wconf 87' lang='lat' dir='ltr'><strong>Vide</strong></span> <span class='ocrx_word' id='word_1_115' title='bbox 556 1623 587 1674; x_wconf 93' lang='lat' dir='ltr'><strong>et</strong></span> <span class='ocrx_word' id='word_1_116' title='bbox 609 1611 770 1696; x_wconf 89' lang='lat' dir='ltr'><strong>epistolam</strong></span> <span class='ocrx_word' id='word_1_117' title='bbox 785 1608 870 1673; x_wconf 81' lang='lat' dir='ltr'><strong>XVI</strong></span> <span class='ocrx_word' id='word_1_118' title='bbox 884 1610 953 1672; x_wconf 91' lang='lat' dir='ltr'><strong>libri</strong></span> <span class='ocrx_word' id='word_1_119' title='bbox 966 1607 1064 1673; x_wconf 76' lang='lat' dir='ltr'><strong>Vlll.</strong></span> <span class='ocrx_word' id='word_1_120' title='bbox 1099 1607 1235 1689; x_wconf 86' lang='lat' dir='ltr'><strong>Polyda-</strong></span> 
     </span>
    </p>

    <p class='ocr_par' dir='ltr' id='par_1_5' title="bbox 50 1689 1328 2377">
     <span class='ocr_line' id='line_1_15' title="bbox 50 1689 1240 1781; baseline -0.005 -18"><span class='ocrx_word' id='word_1_121' title='bbox 50 1751 57 1763; x_wconf 95' lang='lat'><strong>.</strong></span> <span class='ocrx_word' id='word_1_122' title='bbox 97 1716 166 1758; x_wconf 87' lang='lat' dir='ltr'><strong>mas</strong></span> <span class='ocrx_word' id='word_1_123' title='bbox 185 1706 218 1757; x_wconf 87' lang='lat' dir='ltr'><strong>et</strong></span> <span class='ocrx_word' id='word_1_124' title='bbox 236 1694 377 1781; x_wconf 74' lang='lat' dir='ltr'><strong>Ciceroni</strong></span> <span class='ocrx_word' id='word_1_125' title='bbox 397 1708 428 1758; x_wconf 90' lang='lat' dir='ltr'><strong>ct</strong></span> <span class='ocrx_word' id='word_1_126' title='bbox 446 1695 551 1760; x_wconf 86' lang='lat' dir='ltr'><strong>Persio</strong></span> <span class='ocrx_word' id='word_1_127' title='bbox 573 1708 619 1759; x_wconf 90' lang='lat' dir='ltr'><strong>est</strong></span> <span class='ocrx_word' id='word_1_128' title='bbox 637 1697 758 1758; x_wconf 87' lang='lat' dir='ltr'><strong>alterius</strong></span> <span class='ocrx_word' id='word_1_129' title='bbox 780 1689 904 1759; x_wconf 86' lang='lat' dir='ltr'><strong>Catonis</strong></span> <span class='ocrx_word' id='word_1_130' title='bbox 933 1707 984 1757; x_wconf 86' lang='lat' dir='ltr'><strong>aut</strong></span> <span class='ocrx_word' id='word_1_131' title='bbox 1004 1694 1099 1780; x_wconf 91' lang='lat' dir='ltr'><strong>ipsius</strong></span> <span class='ocrx_word' id='word_1_132' title='bbox 1115 1692 1240 1757; x_wconf 76' lang='lat' dir='ltr'><strong>virtutis</strong></span> 
     </span>
     <span class='ocr_line' id='line_1_16' title="bbox 96 1777 1318 1868; baseline -0.005 -25"><span class='ocrx_word' id='word_1_133' title='bbox 96 1801 234 1861; x_wconf 87' lang='lat' dir='ltr'><strong>nomen;</strong></span> <span class='ocrx_word' id='word_1_134' title='bbox 250 1781 390 1866; x_wconf 90' lang='lat' dir='ltr'><strong>ineptum</strong></span> <span class='ocrx_word' id='word_1_135' title='bbox 402 1782 494 1845; x_wconf 89' lang='lat' dir='ltr'><strong>nimis</strong></span> <span class='ocrx_word' id='word_1_136' title='bbox 508 1781 592 1868; x_wconf 91' lang='lat' dir='ltr'><strong>quod</strong></span> <span class='ocrx_word' id='word_1_137' title='bbox 607 1792 759 1865; x_wconf 82' lang='lat' dir='ltr'><strong>argutatur</strong></span> <span class='ocrx_word' id='word_1_138' title='bbox 782 1780 820 1842; x_wconf 90' lang='lat' dir='ltr'><strong>de</strong></span> <span class='ocrx_word' id='word_1_139' title='bbox 834 1803 871 1842; x_wconf 87' lang='lat' dir='ltr'><strong>ea</strong></span> <span class='ocrx_word' id='word_1_140' title='bbox 883 1802 962 1843; x_wconf 82' lang='lat' dir='ltr'><strong>voce</strong></span> <span class='ocrx_word' id='word_1_141' title='bbox 977 1779 1116 1865; x_wconf 86' lang='lat' dir='ltr'><strong>antiquus</strong></span> <span class='ocrx_word' id='word_1_142' title='bbox 1131 1777 1234 1840; x_wconf 87' lang='lat' dir='ltr'><strong>Scho-</strong></span> <span class='ocrx_word' id='word_1_143' title='bbox 1316 1830 1318 1837; x_wconf 81' lang='grc'>,</span> 
     </span>
     <span class='ocr_line' id='line_1_17' title="bbox 95 1857 1235 1954; baseline -0.002 -25"><span class='ocrx_word' id='word_1_144' title='bbox 95 1867 201 1931; x_wconf 87' lang='lat' dir='ltr'><strong>liastes</strong></span> <span class='ocrx_word' id='word_1_145' title='bbox 220 1867 326 1928; x_wconf 78' lang='lat' dir='ltr'><strong>nescio</strong></span> <span class='ocrx_word' id='word_1_146' title='bbox 349 1868 417 1954; x_wconf 89' lang='lat' dir='ltr'><strong>qui:</strong></span> <span class='ocrx_word' id='word_1_147' title='bbox 438 1867 585 1931; x_wconf 88' lang='lat' dir='ltr'><strong>isLatina</strong></span> <span class='ocrx_word' id='word_1_148' title='bbox 602 1889 681 1930; x_wconf 82' lang='lat' dir='ltr'><strong>voce</strong></span> <span class='ocrx_word' id='word_1_149' title='bbox 701 1866 843 1953; x_wconf 84' lang='lat' dir='ltr'><strong>exprimit</strong></span> <span class='ocrx_word' id='word_1_150' title='bbox 864 1863 1069 1943; x_wconf 83' lang='lat' dir='ltr'><strong>multinuba,</strong></span> <span class='ocrx_word' id='word_1_151' title='bbox 1092 1864 1162 1951; x_wconf 90' lang='lat' dir='ltr'><strong>quia</strong></span> <span class='ocrx_word' id='word_1_152' title='bbox 1179 1857 1235 1927; x_wconf 69' lang='grc' dir='ltr'><strong>δάὲ</strong></span> 
     </span>
     <span class='ocr_line' id='line_1_18' title="bbox 96 1948 1235 2037; baseline -0.004 -22"><span class='ocrx_word' id='word_1_153' title='bbox 96 1973 165 2035; x_wconf 76' lang='grc' dir='ltr'><strong>μαο</strong></span> <span class='ocrx_word' id='word_1_154' title='bbox 188 1964 237 2015; x_wconf 85' lang='lat' dir='ltr'><strong>est</strong></span> <span class='ocrx_word' id='word_1_155' title='bbox 257 1955 386 2032; x_wconf 75' lang='lat' dir='ltr'><strong>conjux,</strong></span> <span class='ocrx_word' id='word_1_156' title='bbox 416 1964 447 2015; x_wconf 89' lang='lat' dir='ltr'><strong>et</strong></span> <span class='ocrx_word' id='word_1_157' title='bbox 467 1952 695 2015; x_wconf 83' lang='lat' dir='ltr'><strong>multitudinem</strong></span> <span class='ocrx_word' id='word_1_158' title='bbox 715 1973 848 2014; x_wconf 84' lang='lat' dir='ltr'><strong>uxorum</strong></span> <span class='ocrx_word' id='word_1_159' title='bbox 868 1962 955 2037; x_wconf 87' lang='lat' dir='ltr'><strong>putat</strong></span> <span class='ocrx_word' id='word_1_160' title='bbox 976 1950 1092 2013; x_wconf 87' lang='lat' dir='ltr'><strong>Neroni</strong></span> <span class='ocrx_word' id='word_1_161' title='bbox 1121 1948 1235 2037; x_wconf 57' lang='lat' dir='ltr'><strong>exprol</strong></span> 
     </span>
     <span class='ocr_line' id='line_1_19' title="bbox 96 2036 1235 2124; baseline -0.005 -22"><span class='ocrx_word' id='word_1_162' title='bbox 96 2038 192 2102; x_wconf 80' lang='lat' dir='ltr'><strong>brari:</strong></span> <span class='ocrx_word' id='word_1_163' title='bbox 217 2037 290 2123; x_wconf 88' lang='lat' dir='ltr'><strong>quid</strong></span> <span class='ocrx_word' id='word_1_164' title='bbox 306 2037 440 2124; x_wconf 87' lang='lat' dir='ltr'><strong>putidius</strong></span> <span class='ocrx_word' id='word_1_165' title='bbox 456 2040 518 2101; x_wconf 89' lang='lat' dir='ltr'><strong>hoc</strong></span> <span class='ocrx_word' id='word_1_166' title='bbox 529 2040 730 2103; x_wconf 79' lang='lat' dir='ltr'><strong>commento?</strong></span> <span class='ocrx_word' id='word_1_167' title='bbox 755 2038 811 2100; x_wconf 86' lang='lat' dir='ltr'><strong>etsi</strong></span> <span class='ocrx_word' id='word_1_168' title='bbox 830 2059 895 2099; x_wconf 90' lang='lat' dir='ltr'><strong>non</strong></span> <span class='ocrx_word' id='word_1_169' title='bbox 913 2036 1074 2099; x_wconf 90' lang='lat' dir='ltr'><strong>defuerunt</strong></span> <span class='ocrx_word' id='word_1_170' title='bbox 1096 2036 1148 2120; x_wconf 91' lang='lat' dir='ltr'><strong>qui</strong></span> <span class='ocrx_word' id='word_1_171' title='bbox 1161 2056 1235 2121; x_wconf 93' lang='lat' dir='ltr'><strong>pro-</strong></span> 
     </span>
     <span class='ocr_line' id='line_1_20' title="bbox 95 2119 1234 2211; baseline -0.005 -23"><span class='ocrx_word' id='word_1_172' title='bbox 95 2127 223 2211; x_wconf 75' lang='lat' dir='ltr'><strong>barentc</strong></span> <span class='ocrx_word' id='word_1_173' title='bbox 244 2135 401 2209; x_wconf 88' lang='lat' dir='ltr'><strong>praeterea</strong></span> <span class='ocrx_word' id='word_1_174' title='bbox 421 2125 619 2188; x_wconf 88' lang='lat' dir='ltr'><strong>falsissimum</strong></span> <span class='ocrx_word' id='word_1_175' title='bbox 670 2136 683 2185; x_wconf 90' lang='lat' dir='ltr'><strong>t</strong></span> <span class='ocrx_word' id='word_1_176' title='bbox 697 2122 952 2205; x_wconf 84' lang='lat' dir='ltr'><strong>Polydamantem</strong></span> <span class='ocrx_word' id='word_1_177' title='bbox 967 2120 1098 2184; x_wconf 91' lang='lat' dir='ltr'><strong>describi</strong></span> <span class='ocrx_word' id='word_1_178' title='bbox 1109 2142 1127 2182; x_wconf 92' lang='lat' dir='ltr'><strong>a</strong></span> <span class='ocrx_word' id='word_1_179' title='bbox 1140 2119 1234 2207; x_wconf 70' lang='lat' dir='ltr'><strong>polita</strong></span> 
     </span>
     <span class='ocr_line' id='line_1_21' title="bbox 95 2196 1328 2295; baseline -0.004 -23"><span class='ocrx_word' id='word_1_180' title='bbox 95 2211 253 2290; x_wconf 84' lang='lat' dir='ltr'><strong>garmlum</strong></span> <span class='ocrx_word' id='word_1_181' title='bbox 273 2220 304 2271; x_wconf 90' lang='lat' dir='ltr'><strong>et</strong></span> <span class='ocrx_word' id='word_1_182' title='bbox 314 2210 470 2295; x_wconf 84' lang='lat' dir='ltr'><strong>ineptum:</strong></span> <span class='ocrx_word' id='word_1_183' title='bbox 492 2222 524 2272; x_wconf 87' lang='lat' dir='ltr'><strong>at</strong></span> <span class='ocrx_word' id='word_1_184' title='bbox 537 2220 611 2295; x_wconf 88' lang='lat' dir='ltr'><strong>quot</strong></span> <span class='ocrx_word' id='word_1_185' title='bbox 656 2210 699 2272; x_wconf 92' lang='lat' dir='ltr'><strong>cis</strong></span> <span class='ocrx_word' id='word_1_186' title='bbox 714 2213 778 2289; x_wconf 84' lang='lat' dir='ltr'><strong>ejus</strong></span> <span class='ocrx_word' id='word_1_187' title='bbox 790 2210 934 2274; x_wconf 78' lang='lat' dir='ltr'><strong>virtutem</strong></span> <span class='ocrx_word' id='word_1_188' title='bbox 947 2206 1102 2294; x_wconf 89' lang='lat' dir='ltr'><strong>praedicat</strong></span> <span class='ocrx_word' id='word_1_189' title='bbox 1112 2207 1234 2268; x_wconf 92' lang='lat' dir='ltr'><strong>Home-</strong></span> <span class='ocrx_word' id='word_1_190' title='bbox 1323 2196 1328 2207; x_wconf 62' lang='grc'>’</span> 
     </span>
     <span class='ocr_line' id='line_1_22' title="bbox 94 2286 1156 2377; baseline 0.001 -18"><span class='ocrx_word' id='word_1_191' title='bbox 94 2297 169 2362; x_wconf 80' lang='lat' dir='ltr'><strong>ms?</strong></span> <span class='ocrx_word' id='word_1_192' title='bbox 197 2296 285 2359; x_wconf 82' lang='lat' dir='ltr'><strong>velut</strong></span> <span class='ocrx_word' id='word_1_193' title='bbox 310 2286 417 2359; x_wconf 81' lang='grc' dir='ltr'><strong><em>Ἷλιαδ.</em></strong></span> <span class='ocrx_word' id='word_1_194' title='bbox 426 2317 458 2376; x_wconf 85' lang='grc' dir='ltr'><strong>μ,</strong></span> <span class='ocrx_word' id='word_1_195' title='bbox 482 2295 565 2377; x_wconf 63' lang='grc'><strong>[88])</strong></span> <span class='ocrx_word' id='word_1_196' title='bbox 691 2304 696 2312; x_wconf 94' lang='grc'><em>’</em></span> <span class='ocrx_word' id='word_1_197' title='bbox 1153 2313 1156 2319; x_wconf 90' lang='grc'><strong><em>·</em></strong></span> 
     </span>
    </p>

    <p class='ocr_par' dir='ltr' id='par_1_6' title="bbox 62 2370 1337 2463">
     <span class='ocr_line' id='line_1_23' title="bbox 62 2370 1337 2463; baseline -0.006 -17"><span class='ocrx_word' id='word_1_198' title='bbox 62 2414 65 2419; x_wconf 46' lang='grc'>’</span> <span class='ocrx_word' id='word_1_199' title='bbox 132 2382 135 2401; x_wconf 74' lang='lat'><em>²</em></span> <span class='ocrx_word' id='word_1_200' title='bbox 183 2375 533 2463; x_wconf 76' lang='grc' dir='ltr'><strong><em>01μὲνάμ’Ἓκτοο’</em></strong></span> <span class='ocrx_word' id='word_1_201' title='bbox 554 2379 633 2444; x_wconf 78' lang='grc' dir='ltr'><strong><em>ἴσον</em></strong></span> <span class='ocrx_word' id='word_1_202' title='bbox 653 2375 709 2444; x_wconf 80' lang='grc' dir='ltr'><strong>καὶ</strong></span> <span class='ocrx_word' id='word_1_203' title='bbox 729 2373 876 2462; x_wconf 85' lang='grc' dir='ltr'><strong><em>άμάμονι</em></strong></span> <span class='ocrx_word' id='word_1_204' title='bbox 899 2370 1170 2460; x_wconf 78' lang='grc' dir='ltr'><strong><em>Πουλυδάμαντι,</em></strong></span> <span class='ocrx_word' id='word_1_205' title='bbox 1209 2375 1211 2382; x_wconf 85' lang='grc'><strong>’</strong></span> <span class='ocrx_word' id='word_1_206' title='bbox 1332 2374 1337 2381; x_wconf 81' lang='grc'>’</span> 
     </span>
    </p>

    <p class='ocr_par' dir='ltr' id='par_1_7' title="bbox 96 2458 1270 2554">
     <span class='ocr_line' id='line_1_24' title="bbox 96 2458 1270 2554; baseline -0.007 -23"><span class='ocrx_word' id='word_1_207' title='bbox 96 2468 259 2554; x_wconf 78' lang='lat' dir='ltr'><strong>componit</strong></span> <span class='ocrx_word' id='word_1_208' title='bbox 275 2489 348 2528; x_wconf 90' lang='lat' dir='ltr'><strong>eum</strong></span> <span class='ocrx_word' id='word_1_209' title='bbox 374 2489 445 2529; x_wconf 90' lang='lat' dir='ltr'><strong>cum</strong></span> <span class='ocrx_word' id='word_1_210' title='bbox 463 2468 596 2530; x_wconf 83' lang='lat' dir='ltr'><strong>Hectore</strong></span> <span class='ocrx_word' id='word_1_211' title='bbox 618 2477 648 2529; x_wconf 92' lang='lat' dir='ltr'><strong>et</strong></span> <span class='ocrx_word' id='word_1_212' title='bbox 667 2465 792 2551; x_wconf 89' lang='lat' dir='ltr'><strong>quidem</strong></span> <span class='ocrx_word' id='word_1_213' title='bbox 814 2464 1032 2535; x_wconf 86' lang='lat' dir='ltr'><strong>honestissimo</strong></span> <span class='ocrx_word' id='word_1_214' title='bbox 1052 2464 1154 2543; x_wconf 84' lang='lat' dir='ltr'><strong>elogio</strong></span> <span class='ocrx_word' id='word_1_215' title='bbox 1176 2458 1233 2524; x_wconf 88' lang='lat' dir='ltr'><strong>ad-</strong></span> <span class='ocrx_word' id='word_1_216' title='bbox 1263 2464 1270 2476; x_wconf 75' lang='lat'><em>⁴</em></span> 
     </span>
    </p>

    <p class='ocr_par' dir='ltr' id='par_1_8' title="bbox 94 2546 1325 2639">
     <span class='ocr_line' id='line_1_25' title="bbox 94 2546 1325 2639; baseline -0.001 -24"><span class='ocrx_word' id='word_1_217' title='bbox 94 2554 195 2639; x_wconf 79' lang='lat' dir='ltr'><strong>jecto,</strong></span> <span class='ocrx_word' id='word_1_218' title='bbox 214 2560 290 2615; x_wconf 77' lang='lat' dir='ltr'><strong>‘cum</strong></span> <span class='ocrx_word' id='word_1_219' title='bbox 305 2554 446 2616; x_wconf 84' lang='lat' dir='ltr'><strong>Hectoris</strong></span> <span class='ocrx_word' id='word_1_220' title='bbox 466 2550 585 2615; x_wconf 88' lang='lat' dir='ltr'><strong>nudum</strong></span> <span class='ocrx_word' id='word_1_221' title='bbox 598 2552 898 2637; x_wconf 72' lang='lat' dir='ltr'><strong>nomenposuisse13</strong></span> <span class='ocrx_word' id='word_1_222' title='bbox 916 2562 959 2630; x_wconf 86' lang='lat' dir='ltr'><strong>ut,</strong></span> <span class='ocrx_word' id='word_1_223' title='bbox 982 2571 1075 2635; x_wconf 88' lang='lat' dir='ltr'><strong>quem</strong></span> <span class='ocrx_word' id='word_1_224' title='bbox 1093 2552 1162 2611; x_wconf 92' lang='lat' dir='ltr'><strong>loco</strong></span> <span class='ocrx_word' id='word_1_225' title='bbox 1176 2546 1233 2610; x_wconf 91' lang='lat' dir='ltr'><strong>de-</strong></span> <span class='ocrx_word' id='word_1_226' title='bbox 1248 2557 1284 2614; x_wconf 78' lang='lat' dir='ltr'><strong>te</strong></span> <span class='ocrx_word' id='word_1_227' title='bbox 1322 2620 1325 2627; x_wconf 91' lang='lat'><strong>.</strong></span> 
     </span>
    </p>

    <p class='ocr_par' dir='ltr' id='par_1_9' title="bbox 93 2636 1234 2726">
     <span class='ocr_line' id='line_1_26' title="bbox 93 2636 1234 2726; baseline -0.007 -23"><span class='ocrx_word' id='word_1_228' title='bbox 93 2650 247 2726; x_wconf 88' lang='lat' dir='ltr'><strong>presserat</strong></span> <span class='ocrx_word' id='word_1_229' title='bbox 264 2638 610 2724; x_wconf 60' lang='lat' dir='ltr'><strong>posteriustnominans‚</strong></span> <span class='ocrx_word' id='word_1_230' title='bbox 631 2639 750 2701; x_wconf 84' lang='lat' dir='ltr'><strong>virtutis</strong></span> <span class='ocrx_word' id='word_1_231' title='bbox 765 2636 941 2700; x_wconf 86' lang='lat' dir='ltr'><strong>testimonio</strong></span> <span class='ocrx_word' id='word_1_232' title='bbox 960 2637 1126 2715; x_wconf 81' lang='lat' dir='ltr'><strong>attolleret3</strong></span> <span class='ocrx_word' id='word_1_233' title='bbox 1146 2642 1234 2719; x_wconf 89' lang='lat' dir='ltr'><strong>post-</strong></span> 
     </span>
    </p>

    <p class='ocr_par' dir='ltr' id='par_1_10' title="bbox 95 2718 1235 2831">
     <span class='ocr_line' id='line_1_27' title="bbox 95 2718 1235 2831; baseline -0.005 -43"><span class='ocrx_word' id='word_1_234' title='bbox 95 2746 134 2788; x_wconf 83' lang='lat' dir='ltr'><strong>ea</strong></span> <span class='ocrx_word' id='word_1_235' title='bbox 146 2722 235 2804; x_wconf 84' lang='lat'><strong>[109]</strong></span> <span class='ocrx_word' id='word_1_236' title='bbox 249 2737 341 2787; x_wconf 83' lang='lat' dir='ltr'><strong>vocat</strong></span> <span class='ocrx_word' id='word_1_237' title='bbox 357 2718 537 2831; x_wconf 79' lang='grc' dir='ltr'><strong><em>άμτάμητου</em></strong></span> <span class='ocrx_word' id='word_1_238' title='bbox 550 2736 580 2787; x_wconf 87' lang='lat' dir='ltr'><strong>et</strong></span> <span class='ocrx_word' id='word_1_239' title='bbox 596 2724 757 2786; x_wconf 86' lang='lat' dir='ltr'><strong>consilium</strong></span> <span class='ocrx_word' id='word_1_240' title='bbox 769 2723 849 2785; x_wconf 90' lang='lat' dir='ltr'><strong>illius</strong></span> <span class='ocrx_word' id='word_1_241' title='bbox 870 2720 989 2784; x_wconf 81' lang='lat' dir='ltr'><strong>laudat:</strong></span> <span class='ocrx_word' id='word_1_242' title='bbox 1013 2720 1129 2802; x_wconf 78' lang='grc' dir='ltr'><strong><em>Βουλῇ</em></strong></span> <span class='ocrx_word' id='word_1_243' title='bbox 1144 2720 1235 2782; x_wconf 89' lang='grc' dir='ltr'><strong><em>Που·</em></strong></span> 
     </span>
    </p>

    <p class='ocr_par' dir='ltr' id='par_1_11' title="bbox 94 2801 1312 2893">
     <span class='ocr_line' id='line_1_28' title="bbox 94 2801 1312 2893; baseline -0.006 -18"><span class='ocrx_word' id='word_1_244' title='bbox 94 2801 309 2893; x_wconf 79' lang='grc' dir='ltr'><strong><em>λυδάμαντος</em></strong></span> <span class='ocrx_word' id='word_1_245' title='bbox 323 2805 515 2893; x_wconf 79' lang='grc' dir='ltr'><strong><em>άμωμητοιο</em></strong></span> <span class='ocrx_word' id='word_1_246' title='bbox 530 2809 690 2875; x_wconf 62' lang='grc' dir='ltr'><strong><em>πίθοντο)</em></strong></span> <span class='ocrx_word' id='word_1_247' title='bbox 712 2810 785 2871; x_wconf 94' lang='lat' dir='ltr'><strong>alibi</strong></span> <span class='ocrx_word' id='word_1_248' title='bbox 801 2803 1015 2889; x_wconf 79' lang='grc' dir='ltr'><strong><em>πεπνυμένον</em></strong></span> <span class='ocrx_word' id='word_1_249' title='bbox 1034 2804 1232 2892; x_wconf 84' lang='lat' dir='ltr'><strong>prudentem:</strong></span> <span class='ocrx_word' id='word_1_250' title='bbox 1304 2828 1312 2845; x_wconf 85' lang='lat'><strong>.</strong></span> 
     </span>
    </p>

    <p class='ocr_par' dir='ltr' id='par_1_12' title="bbox 93 2878 1332 2977">
     <span class='ocr_line' id='line_1_29' title="bbox 93 2878 1332 2977; baseline -0.007 -16"><span class='ocrx_word' id='word_1_251' title='bbox 93 2890 202 2962; x_wconf 74' lang='grc' dir='ltr'><strong><em>Ἠιαδ.</em></strong></span> <span class='ocrx_word' id='word_1_252' title='bbox 226 2907 258 2977; x_wconf 83' lang='lat' dir='ltr'><strong>tt,</strong></span> <span class='ocrx_word' id='word_1_253' title='bbox 280 2895 386 2976; x_wconf 71' lang='lat' dir='ltr'><strong>[249lz</strong></span> <span class='ocrx_word' id='word_1_254' title='bbox 419 2899 514 2961; x_wconf 81' lang='grc' dir='ltr'><strong><em>Τοῖσι</em></strong></span> <span class='ocrx_word' id='word_1_255' title='bbox 532 2891 812 2975; x_wconf 74' lang='grc' dir='ltr'><strong><em>δὲ’Πουλυδάμας</em></strong></span> <span class='ocrx_word' id='word_1_256' title='bbox 832 2887 1039 2975; x_wconf 77' lang='grc' dir='ltr'><strong><em>πεπνυμένος</em></strong></span> <span class='ocrx_word' id='word_1_257' title='bbox 1056 2878 1132 2974; x_wconf 65' lang='lat' dir='ltr'><strong>&#39;iet&#39;&#39;</strong></span> <span class='ocrx_word' id='word_1_258' title='bbox 1156 2883 1234 2973; x_wconf 79' lang='grc' dir='ltr'><strong><em>άγο·</em></strong></span> <span class='ocrx_word' id='word_1_259' title='bbox 1291 2962 1294 2967; x_wconf 48' lang='grc'><em>,</em></span> <span class='ocrx_word' id='word_1_260' title='bbox 1329 2898 1332 2903; x_wconf 87' lang='grc'><strong>“</strong></span> 
     </span>
    </p>

    <p class='ocr_par' dir='ltr' id='par_1_13' title="bbox 95 2977 1232 3066">
     <span class='ocr_line' id='line_1_30' title="bbox 95 2977 1232 3066; baseline -0.01 -18"><span class='ocrx_word' id='word_1_261' title='bbox 95 2978 216 3066; x_wconf 74' lang='lat' dir='ltr'><strong>ortissu.</strong></span> <span class='ocrx_word' id='word_1_262' title='bbox 250 2981 368 3063; x_wconf 90' lang='lat' dir='ltr'><strong>[Verba</strong></span> <span class='ocrx_word' id='word_1_263' title='bbox 388 2977 444 3061; x_wconf 79' lang='lat' dir='ltr'><strong>Ne</strong></span> <span class='ocrx_word' id='word_1_264' title='bbox 465 2981 552 3046; x_wconf 79' lang='lat' dir='ltr'><strong>mibi</strong></span> <span class='ocrx_word' id='word_1_265' title='bbox 563 3016 605 3029; x_wconf 90' lang='lat'>-</span> <span class='ocrx_word' id='word_1_266' title='bbox 614 2977 845 3066; x_wconf 77' lang='lat' dir='ltr'><strong>praetulerint</strong></span> <span class='ocrx_word' id='word_1_267' title='bbox 871 3001 941 3042; x_wconf 92' lang='lat' dir='ltr'><strong>cum</strong></span> <span class='ocrx_word' id='word_1_268' title='bbox 958 2977 1164 3062; x_wconf 87' lang='lat' dir='ltr'><strong>superioribus</strong></span> <span class='ocrx_word' id='word_1_269' title='bbox 1187 2977 1232 3038; x_wconf 89' lang='lat' dir='ltr'><strong>ita</strong></span> 
     </span>
    </p>

    <p class='ocr_par' dir='ltr' id='par_1_14' title="bbox 95 3050 1232 3153">
     <span class='ocr_line' id='line_1_31' title="bbox 95 3050 1232 3153; baseline -0.01 -21"><span class='ocrx_word' id='word_1_270' title='bbox 95 3073 205 3150; x_wconf 80' lang='lat' dir='ltr'><strong>junge:</strong></span> <span class='ocrx_word' id='word_1_271' title='bbox 233 3063 374 3151; x_wconf 81' lang='lat' dir='ltr'><strong>Quare?</strong></span> <span class='ocrx_word' id='word_1_272' title='bbox 394 3089 433 3130; x_wconf 88' lang='lat' dir='ltr'><strong>an</strong></span> <span class='ocrx_word' id='word_1_273' title='bbox 445 3067 527 3153; x_wconf 89' lang='lat' dir='ltr'><strong>quod</strong></span> <span class='ocrx_word' id='word_1_274' title='bbox 543 3089 600 3148; x_wconf 86' lang='lat' dir='ltr'><strong>ego</strong></span> <span class='ocrx_word' id='word_1_275' title='bbox 614 3068 770 3147; x_wconf 85' lang='lat' dir='ltr'><strong>timerem,</strong></span> <span class='ocrx_word' id='word_1_276' title='bbox 795 3088 839 3130; x_wconf 82' lang='lat' dir='ltr'><strong>rte</strong></span> <span class='ocrx_word' id='word_1_277' title='bbox 860 3063 946 3129; x_wconf 79' lang='lat' dir='ltr'><strong>midi</strong></span> <span class='ocrx_word' id='word_1_278' title='bbox 957 3075 1025 3126; x_wconf 86' lang='lat' dir='ltr'><strong>cett.</strong></span> <span class='ocrx_word' id='word_1_279' title='bbox 1047 3062 1089 3125; x_wconf 91' lang='lat' dir='ltr'><strong>V.</strong></span> <span class='ocrx_word' id='word_1_280' title='bbox 1101 3050 1186 3125; x_wconf 79' lang='lat' dir='ltr'><strong>Pass.</strong></span> <span class='ocrx_word' id='word_1_281' title='bbox 1201 3082 1232 3149; x_wconf 92' lang='lat' dir='ltr'><strong>p.</strong></span> 
     </span>
    </p>

    <p class='ocr_par' dir='ltr' id='par_1_15' title="bbox 96 3144 991 3239">
     <span class='ocr_line' id='line_1_32' title="bbox 96 3144 991 3239; baseline -0.015 -16"><span class='ocrx_word' id='word_1_282' title='bbox 96 3153 228 3235; x_wconf 77' lang='lat' dir='ltr'><strong>247‚Pr</strong></span> <span class='ocrx_word' id='word_1_283' title='bbox 250 3152 334 3216; x_wconf 85' lang='lat' dir='ltr'><strong>Male</strong></span> <span class='ocrx_word' id='word_1_284' title='bbox 349 3153 475 3239; x_wconf 84' lang='lat' dir='ltr'><strong>quidam</strong></span> <span class='ocrx_word' id='word_1_285' title='bbox 488 3149 565 3217; x_wconf 77' lang='lat' dir='ltr'><strong>Nae</strong></span> <span class='ocrx_word' id='word_1_286' title='bbox 580 3154 705 3231; x_wconf 81' lang='lat' dir='ltr'><strong>legunt]</strong></span> <span class='ocrx_word' id='word_1_287' title='bbox 987 3144 991 3154; x_wconf 82' lang='lat'><em>&#39;</em></span> 
     </span>
    </p>

    <p class='ocr_par' dir='ltr' id='par_1_16' title="bbox 113 3231 1232 3322">
     <span class='ocr_line' id='line_1_33' title="bbox 113 3231 1232 3322; baseline -0.007 -19"><span class='ocrx_word' id='word_1_288' title='bbox 113 3236 117 3253; x_wconf 88' lang='lat'>&#39;</span> <span class='ocrx_word' id='word_1_289' title='bbox 179 3237 231 3304; x_wconf 85' lang='lat' dir='ltr'><strong>Et</strong></span> <span class='ocrx_word' id='word_1_290' title='bbox 255 3237 444 3321; x_wconf 81' lang='lat' dir='ltr'><strong>Troiades]</strong></span> <span class='ocrx_word' id='word_1_291' title='bbox 472 3238 590 3302; x_wconf 86' lang='lat' dir='ltr'><strong>satirice</strong></span> <span class='ocrx_word' id='word_1_292' title='bbox 616 3235 826 3322; x_wconf 88' lang='lat' dir='ltr'><strong>proTrojani:</strong></span> <span class='ocrx_word' id='word_1_293' title='bbox 855 3234 1011 3296; x_wconf 86' lang='lat' dir='ltr'><strong>Homerus</strong></span> <span class='ocrx_word' id='word_1_294' title='bbox 1040 3231 1232 3317; x_wconf 84' lang='lat' dir='ltr'><strong>simpliciter:</strong></span> 
     </span>
    </p>

    <p class='ocr_par' dir='ltr' id='par_1_17' title="bbox 99 3316 1234 3408">
     <span class='ocr_line' id='line_1_34' title="bbox 99 3316 1234 3408; baseline -0.01 -19"><span class='ocrx_word' id='word_1_295' title='bbox 99 3324 215 3407; x_wconf 74' lang='grc' dir='ltr'><strong><em>Τρῶες</em></strong></span> <span class='ocrx_word' id='word_1_296' title='bbox 228 3319 287 3389; x_wconf 79' lang='grc' dir='ltr'><strong>καὶ</strong></span> <span class='ocrx_word' id='word_1_297' title='bbox 300 3320 471 3405; x_wconf 72' lang='grc' dir='ltr'><strong><em>Τρωάδος,</em></strong></span> <span class='ocrx_word' id='word_1_298' title='bbox 493 3346 586 3388; x_wconf 82' lang='lat' dir='ltr'><strong>sexus</strong></span> <span class='ocrx_word' id='word_1_299' title='bbox 604 3335 748 3408; x_wconf 85' lang='lat' dir='ltr'><strong>uterque:</strong></span> <span class='ocrx_word' id='word_1_300' title='bbox 771 3321 827 3385; x_wconf 90' lang='lat' dir='ltr'><strong>sed</strong></span> <span class='ocrx_word' id='word_1_301' title='bbox 843 3319 1005 3383; x_wconf 88' lang='lat' dir='ltr'><strong>mollitiem</strong></span> <span class='ocrx_word' id='word_1_302' title='bbox 1018 3316 1234 3399; x_wconf 82' lang='lat' dir='ltr'><strong>Romanorum</strong></span> 
     </span>
    </p>

    <p class='ocr_par' dir='ltr' id='par_1_18' title="bbox 95 3403 1330 3507">
     <span class='ocr_line' id='line_1_35' title="bbox 95 3403 1330 3507; baseline -0.011 -31"><span class='ocrx_word' id='word_1_303' title='bbox 95 3413 196 3476; x_wconf 88' lang='lat' dir='ltr'><strong>obiter</strong></span> <span class='ocrx_word' id='word_1_304' title='bbox 217 3411 311 3496; x_wconf 84' lang='lat' dir='ltr'><strong>carpit</strong></span> <span class='ocrx_word' id='word_1_305' title='bbox 330 3411 461 3487; x_wconf 54' lang='lat' dir='ltr'><strong>Penius.</strong></span> <span class='ocrx_word' id='word_1_306' title='bbox 490 3409 551 3490; x_wconf 84' lang='lat' dir='ltr'><strong>[Gf.</strong></span> <span class='ocrx_word' id='word_1_307' title='bbox 565 3408 650 3471; x_wconf 86' lang='lat' dir='ltr'><strong>Pass.</strong></span> <span class='ocrx_word' id='word_1_308' title='bbox 665 3431 700 3507; x_wconf 86' lang='lat' dir='ltr'><strong>p.</strong></span> <span class='ocrx_word' id='word_1_309' title='bbox 719 3405 783 3471; x_wconf 75' lang='lat'><strong>244</strong></span> <span class='ocrx_word' id='word_1_310' title='bbox 805 3407 863 3492; x_wconf 87' lang='lat' dir='ltr'><strong>sq.]</strong></span> <span class='ocrx_word' id='word_1_311' title='bbox 915 3403 971 3468; x_wconf 81' lang='lat' dir='ltr'><strong>lua</strong></span> <span class='ocrx_word' id='word_1_312' title='bbox 996 3415 1094 3466; x_wconf 87' lang='lat' dir='ltr'><strong>aetate</strong></span> <span class='ocrx_word' id='word_1_313' title='bbox 1115 3405 1168 3489; x_wconf 90' lang='lat' dir='ltr'><strong>qui</strong></span> <span class='ocrx_word' id='word_1_314' title='bbox 1190 3404 1268 3465; x_wconf 88' lang='lat' dir='ltr'><strong>ab</strong></span> <span class='ocrx_word' id='word_1_315' title='bbox 1328 3489 1330 3493; x_wconf 18' lang='grc' dir='ltr'>Ι</span> 
     </span>
    </p>

    <p class='ocr_par' dir='ltr' id='par_1_19' title="bbox 95 3488 1231 3584">
     <span class='ocr_line' id='line_1_36' title="bbox 95 3488 1231 3584; baseline -0.011 -21"><span class='ocrx_word' id='word_1_316' title='bbox 95 3498 221 3584; x_wconf 87' lang='lat' dir='ltr'><strong>antiquo</strong></span> <span class='ocrx_word' id='word_1_317' title='bbox 247 3508 332 3560; x_wconf 88' lang='lat' dir='ltr'><strong>erant</strong></span> <span class='ocrx_word' id='word_1_318' title='bbox 353 3497 436 3560; x_wconf 82' lang='lat' dir='ltr'><strong>cives</strong></span> <span class='ocrx_word' id='word_1_319' title='bbox 449 3496 585 3560; x_wconf 84' lang='lat' dir='ltr'><strong>Romani</strong></span> <span class='ocrx_word' id='word_1_320' title='bbox 603 3506 634 3557; x_wconf 86' lang='lat' dir='ltr'><strong>et</strong></span> <span class='ocrx_word' id='word_1_321' title='bbox 656 3488 869 3576; x_wconf 75' lang='grc' dir='ltr'><strong><em>αὐτόχθονες,</em></strong></span> <span class='ocrx_word' id='word_1_322' title='bbox 891 3490 1058 3569; x_wconf 80' lang='lat' dir='ltr'><strong>Troianam</strong></span> <span class='ocrx_word' id='word_1_323' title='bbox 1080 3491 1231 3569; x_wconf 84' lang='lat' dir='ltr'><strong>originem</strong></span> 
     </span>
    </p>

    <p class='ocr_par' dir='ltr' id='par_1_20' title="bbox 95 3576 1233 3758">
     <span class='ocr_line' id='line_1_37' title="bbox 95 3576 1233 3665; baseline -0.015 -14"><span class='ocrx_word' id='word_1_324' title='bbox 95 3584 297 3663; x_wconf 81' lang='lat' dir='ltr'><strong>affectabant,</strong></span> <span class='ocrx_word' id='word_1_325' title='bbox 319 3593 384 3644; x_wconf 92' lang='lat' dir='ltr'><strong>uta</strong></span> <span class='ocrx_word' id='word_1_326' title='bbox 399 3586 485 3645; x_wconf 86' lang='lat' dir='ltr'><strong>faece</strong></span> <span class='ocrx_word' id='word_1_327' title='bbox 500 3584 655 3645; x_wconf 79' lang='lat' dir='ltr'><strong>novorum</strong></span> <span class='ocrx_word' id='word_1_328' title='bbox 667 3581 781 3643; x_wconf 89' lang='lat' dir='ltr'><strong>civium</strong></span> <span class='ocrx_word' id='word_1_329' title='bbox 797 3587 1020 3665; x_wconf 81' lang='lat' dir='ltr'><strong>separarentur,</strong></span> <span class='ocrx_word' id='word_1_330' title='bbox 1043 3576 1096 3660; x_wconf 93' lang='lat' dir='ltr'><strong>qui</strong></span> <span class='ocrx_word' id='word_1_331' title='bbox 1111 3596 1134 3656; x_wconf 55' lang='lat' dir='ltr'><strong>xa</strong></span> <span class='ocrx_word' id='word_1_332' title='bbox 1152 3586 1233 3636; x_wconf 89' lang='lat' dir='ltr'><strong>tem-</strong></span> 
     </span>
     <span class='ocr_line' id='line_1_38' title="bbox 95 3659 1232 3758; baseline -0.011 -24"><span class='ocrx_word' id='word_1_333' title='bbox 95 3671 220 3758; x_wconf 89' lang='lat' dir='ltr'><strong>poribus</strong></span> <span class='ocrx_word' id='word_1_334' title='bbox 240 3668 314 3733; x_wconf 87' lang='lat' dir='ltr'><strong>Julii</strong></span> <span class='ocrx_word' id='word_1_335' title='bbox 336 3667 473 3733; x_wconf 81' lang='lat' dir='ltr'><strong>Caesaris</strong></span> <span class='ocrx_word' id='word_1_336' title='bbox 487 3668 641 3732; x_wconf 81' lang='lat' dir='ltr'><strong>civitatem</strong></span> <span class='ocrx_word' id='word_1_337' title='bbox 660 3687 695 3728; x_wconf 84' lang='lat' dir='ltr'><strong>ac</strong></span> <span class='ocrx_word' id='word_1_338' title='bbox 714 3667 828 3730; x_wconf 84' lang='lat' dir='ltr'><strong>tnbum</strong></span> <span class='ocrx_word' id='word_1_339' title='bbox 841 3668 962 3726; x_wconf 84' lang='lat' dir='ltr'><strong>fuerant</strong></span> <span class='ocrx_word' id='word_1_340' title='bbox 981 3659 1093 3746; x_wconf 89' lang='lat' dir='ltr'><strong>adepti.</strong></span> <span class='ocrx_word' id='word_1_341' title='bbox 1134 3659 1232 3725; x_wconf 76' lang='lat' dir='ltr'><strong>Juve-</strong></span> 
     </span>
    </p>

    <p class='ocr_par' dir='ltr' id='par_1_21' title="bbox 96 3752 1174 3842">
     <span class='ocr_line' id='line_1_39' title="bbox 96 3752 1174 3842; baseline -0.007 -21"><span class='ocrx_word' id='word_1_342' title='bbox 96 3754 172 3821; x_wconf 79' lang='lat' dir='ltr'><strong>n&#39;alis&#39;</strong></span> <span class='ocrx_word' id='word_1_343' title='bbox 187 3754 400 3842; x_wconf 84' lang='lat' dir='ltr'><strong>Satiraprima</strong></span> <span class='ocrx_word' id='word_1_344' title='bbox 430 3752 597 3840; x_wconf 87' lang='lat' dir='ltr'><strong>[100sq.]:</strong></span> <span class='ocrx_word' id='word_1_345' title='bbox 1171 3770 1174 3777; x_wconf 84' lang='grc'><strong>’</strong></span> 
     </span>
    </p>

    <p class='ocr_par' dir='ltr' id='par_1_22' title="bbox 388 3829 1173 3924">
     <span class='ocr_line' id='line_1_40' title="bbox 388 3829 1173 3924; baseline -0.013 -22"><span class='ocrx_word' id='word_1_346' title='bbox 388 3856 395 3867; x_wconf 80' lang='grc'><em>“</em></span> <span class='ocrx_word' id='word_1_347' title='bbox 607 3832 736 3924; x_wconf 77' lang='lat' dir='ltr'><strong>jubeto</strong></span> <span class='ocrx_word' id='word_1_348' title='bbox 741 3855 920 3921; x_wconf 80' lang='lat' dir='ltr'><strong>praecone</strong></span> <span class='ocrx_word' id='word_1_349' title='bbox 938 3829 1078 3909; x_wconf 81' lang='lat' dir='ltr'><strong>vocari</strong></span> <span class='ocrx_word' id='word_1_350' title='bbox 1168 3884 1173 3901; x_wconf 75' lang='grc'><strong>.,</strong></span> 
     </span>
    </p>

    <p class='ocr_par' dir='ltr' id='par_1_23' title="bbox 97 3915 1324 4270">
     <span class='ocr_line' id='line_1_41' title="bbox 180 3915 1068 4079; baseline -0.009 -90"><span class='ocrx_word' id='word_1_351' title='bbox 180 3922 283 4079; x_wconf 53' lang='lat' dir='ltr'><strong>{pros</strong></span> <span class='ocrx_word' id='word_1_352' title='bbox 304 3923 542 4014; x_wconf 77' lang='lat' dir='ltr'><strong>Trojngerceos</strong></span> <span class='ocrx_word' id='word_1_353' title='bbox 565 3945 649 3987; x_wconf 81' lang='lat' dir='ltr'><strong>num</strong></span> <span class='ocrx_word' id='word_1_354' title='bbox 670 3928 798 3985; x_wconf 81' lang='lat' dir='ltr'><strong>vexant</strong></span> <span class='ocrx_word' id='word_1_355' title='bbox 816 3918 922 3984; x_wconf 84' lang='lat' dir='ltr'><strong>limen</strong></span> <span class='ocrx_word' id='word_1_356' title='bbox 945 3926 978 3984; x_wconf 84' lang='lat' dir='ltr'><strong>et</strong></span> <span class='ocrx_word' id='word_1_357' title='bbox 999 3915 1068 4004; x_wconf 83' lang='lat' dir='ltr'><strong>ipsi</strong></span> 
     </span>
     <span class='ocr_line' id='line_1_42' title="bbox 135 4010 516 4089; baseline -0.01 -12"><span class='ocrx_word' id='word_1_358' title='bbox 135 4026 142 4047; x_wconf 68' lang='lat'>⁸</span> <span class='ocrx_word' id='word_1_359' title='bbox 218 4010 408 4089; x_wconf 59' lang='lat' dir='ltr'><strong>obiccnms</strong></span> <span class='ocrx_word' id='word_1_360' title='bbox 511 4048 516 4061; x_wconf 83' lang='lat'><strong>.</strong></span> 
     </span>
     <span class='ocr_line' id='line_1_43' title="bbox 97 4095 783 4176; baseline -0.006 -14"><span class='ocrx_word' id='word_1_361' title='bbox 97 4096 195 4163; x_wconf 86' lang='lat' dir='ltr'><strong>Satira</strong></span> <span class='ocrx_word' id='word_1_362' title='bbox 208 4110 318 4161; x_wconf 78' lang='lat' dir='ltr'><strong>octava</strong></span> <span class='ocrx_word' id='word_1_363' title='bbox 334 4095 437 4176; x_wconf 86' lang='lat'>[181]:</span> <span class='ocrx_word' id='word_1_364' title='bbox 780 4138 783 4145; x_wconf 38' lang='grc' dir='ltr'><strong><em>ι</em></strong></span> 
     </span>
     <span class='ocr_line' id='line_1_44' title="bbox 180 4175 1324 4270; baseline -0.016 -19"><span class='ocrx_word' id='word_1_365' title='bbox 180 4183 231 4251; x_wconf 87' lang='lat' dir='ltr'><strong>At</strong></span> <span class='ocrx_word' id='word_1_366' title='bbox 245 4206 308 4248; x_wconf 81' lang='lat' dir='ltr'><strong>vos</strong></span> <span class='ocrx_word' id='word_1_367' title='bbox 331 4181 548 4270; x_wconf 66' lang='lat' dir='ltr'><strong>[trojugenae</strong></span> <span class='ocrx_word' id='word_1_368' title='bbox 559 4177 687 4244; x_wconf 79' lang='lat' dir='ltr'><strong>vodisi</strong></span> <span class='ocrx_word' id='word_1_369' title='bbox 711 4175 866 4256; x_wconf 81' lang='lat' dir='ltr'><strong>noscitis,</strong></span> <span class='ocrx_word' id='word_1_370' title='bbox 890 4185 922 4240; x_wconf 91' lang='lat' dir='ltr'><strong>et</strong></span> <span class='ocrx_word' id='word_1_371' title='bbox 938 4195 1025 4263; x_wconf 83' lang='lat' dir='ltr'><strong>quae</strong></span> <span class='ocrx_word' id='word_1_372' title='bbox 1203 4248 1206 4253; x_wconf 23' lang='lat'><strong><em>¹</em></strong></span> <span class='ocrx_word' id='word_1_373' title='bbox 1272 4202 1277 4215; x_wconf 45' lang='lat' dir='ltr'><strong>r</strong></span> <span class='ocrx_word' id='word_1_374' title='bbox 1319 4202 1324 4211; x_wconf 76' lang='lat'><strong>·</strong></span> 
     </span>
    </p>

    <p class='ocr_par' dir='ltr' id='par_1_24' title="bbox 187 4258 1081 4357">
     <span class='ocr_line' id='line_1_45' title="bbox 187 4258 1081 4357; baseline -0.015 -21"><span class='ocrx_word' id='word_1_375' title='bbox 187 4270 323 4357; x_wconf 80' lang='lat' dir='ltr'><strong>Turpia</strong></span> <span class='ocrx_word' id='word_1_376' title='bbox 337 4267 497 4345; x_wconf 79' lang='lat' dir='ltr'><strong>cerdooi,</strong></span> <span class='ocrx_word' id='word_1_377' title='bbox 524 4264 561 4330; x_wconf 88' lang='lat' dir='ltr'><em>V</em></span> <span class='ocrx_word' id='word_1_378' title='bbox 563 4264 650 4330; x_wconf 76' lang='lat' dir='ltr'><strong>oleos</strong></span> <span class='ocrx_word' id='word_1_379' title='bbox 699 4274 877 4353; x_wconf 79' lang='lat' dir='ltr'><strong>ruta-mque</strong></span> <span class='ocrx_word' id='word_1_380' title='bbox 898 4258 1060 4326; x_wconf 79' lang='lat' dir='ltr'><strong>decedunt</strong></span> <span class='ocrx_word' id='word_1_381' title='bbox 1067 4280 1081 4331; x_wconf 86' lang='lat'><strong>,·</strong></span> 
     </span>
    </p>

    <p class='ocr_par' dir='ltr' id='par_1_25' title="bbox 97 4356 1318 4528">
     <span class='ocr_line' id='line_1_46' title="bbox 97 4357 1318 4420; baseline -0.004 0"><span class='ocrx_word' id='word_1_382' title='bbox 97 4358 126 4420; x_wconf 90' lang='lat' dir='ltr'><strong>in</strong></span> <span class='ocrx_word' id='word_1_383' title='bbox 276 4357 326 4420; x_wconf 84' lang='lat'><strong>5:</strong></span> <span class='ocrx_word' id='word_1_384' title='bbox 819 4408 822 4415; x_wconf 93' lang='lat'><strong>.</strong></span> <span class='ocrx_word' id='word_1_385' title='bbox 1199 4404 1202 4409; x_wconf 95' lang='lat'><strong>.</strong></span> <span class='ocrx_word' id='word_1_386' title='bbox 1315 4378 1318 4385; x_wconf 58' lang='lat'>²</span> 
     </span>
     <span class='ocr_line' id='line_1_47' title="bbox 114 4356 1296 4528; baseline -0.018 -18"><span class='ocrx_word' id='word_1_387' title='bbox 114 4356 328 4509; x_wconf 59' lang='grc' dir='ltr'><strong>Χδδάδνδτ</strong></span> <span class='ocrx_word' id='word_1_388' title='bbox 348 4420 553 4528; x_wconf 69' lang='lat' dir='ltr'><strong>Troiugenis</strong></span> <span class='ocrx_word' id='word_1_389' title='bbox 559 4431 716 4525; x_wconf 75' lang='lat' dir='ltr'><strong>factura.</strong></span> <span class='ocrx_word' id='word_1_390' title='bbox 729 4444 763 4501; x_wconf 83' lang='lat' dir='ltr'><strong>et</strong></span> <span class='ocrx_word' id='word_1_391' title='bbox 782 4430 895 4500; x_wconf 82' lang='lat' dir='ltr'><strong>nobile</strong></span> <span class='ocrx_word' id='word_1_392' title='bbox 902 4429 1066 4514; x_wconf 81' lang='lat' dir='ltr'><strong>fulcrum.</strong></span> <span class='ocrx_word' id='word_1_393' title='bbox 1148 4496 1152 4502; x_wconf 60' lang='grc'><strong>,</strong></span> <span class='ocrx_word' id='word_1_394' title='bbox 1289 4494 1296 4507; x_wconf 75' lang='lat'><strong>.</strong></span> 
     </span>
    </p>
   </div>
   <div class='ocr_carea' id='block_1_3' title="bbox 0 0 1354 4972">
    <p class='ocr_par' dir='ltr' id='par_1_26' title="bbox 0 0 1354 4972">
     <span class='ocr_line' id='line_1_48' title="bbox 0 0 1354 4972; baseline 0 0"><span class='ocrx_word' id='word_1_395' title='bbox 0 0 1354 4972; x_wconf 95' lang='lat' dir='ltr'><strong> </strong></span> 
     </span>
    </p>
   </div>
  </div>
 </body>
</html>
