2700 4972
208 354 970 429 :tsrrororsruuout
1124 392 1200 457 nn

61 543 201 622 spectus,
231 552 341 597 verum
359 530 453 599 etiam
474 531 622 612 cogitatus
640 526 790 607 emendes
806 548 843 591 ac
861 549 1020 625 censuram
1041 555 1199 621 exerceas3

61 652 162 723 neque
186 634 347 719 quisquam
366 630 466 697 adhuc
486 644 551 696 tam
572 635 744 697 malevolus
763 640 817 694 aut
838 630 963 725 invidus
984 648 1032 723 est
1053 654 1198 727 repertus,

41 736 44 741 ’
60 736 111 827 qni
124 736 251 803 Curiam
262 734 519 817 ingredientibus,
544 740 627 817 cujus
640 747 686 799 tot
700 738 764 814 jam
776 752 875 797 annos
891 735 1032 826 princeps
1046 763 1096 823 es,
1116 744 1201 811 aliud

62 840 231 931 optandum
244 839 412 914 existimet,
440 839 501 901 nisi
513 850 548 907 ut
561 837 601 901 ad
613 849 702 900 tuum
712 859 746 900 se
761 835 887 899 ductum
902 840 1069 924 applicent,
1094 855 1125 907 te
1139 848 1200 909 mi.

39 1028 42 1033 ·
60 956 162 1009 rentur
173 953 382 1031 praesentem,
392 939 445 1008 ,de
458 952 489 1003 te
504 941 637 1022 cogitent
646 943 783 1006 absente.
825 940 866 1004 Et
880 952 983 1007 tamen
994 949 1201 1015 venerationis

37 1046 45 1099 ’·-
60 1050 158 1129 hujus,
181 1066 276 1132 quam
289 1064 397 1107 omnes
413 1040 535 1106 ordines
548 1042 661 1106 debere
672 1065 706 1107 se
719 1044 775 1108 tibi
788 1056 820 1107 et
828 1044 961 1109 fatentur
974 1058 1005 1109 et
1015 1050 1133 1133 prolixe
1145 1074 1201 1115 ex-

35 1180 38 1187 ·
59 1146 183 1225 hibent,
204 1147 281 1211 nihil
298 1154 404 1233 potest
418 1147 495 1208 haec
517 1145 657 1224 canities,
685 1147 820 1232 alioquin
837 1149 1035 1229 venerabilis,
1063 1152 1120 1215 tibi
1139 1154 1201 1217 im-

60 1265 180 1342 putare:
213 1248 391 1336 quasenim
408 1241 559 1311 rarissima
576 1250 643 1311 laus
659 1259 719 1328 est,
749 1250 781 1311 in
795 1250 865 1336 ipso
881 1250 1104 1317 adolescentiae
1123 1256 1201 1321 flore

60 1378 113 1444 pro
127 1353 214 1418 canis
225 1353 272 1414 tui
285 1372 388 1415 mores
399 1351 456 1413 tibi
472 1353 608 1429 fuerunt,
632 1353 696 1430 jam
715 1362 803 1430 tunc,
835 1374 906 1414 cum
928 1354 983 1418 vix
1000 1367 1132 1445 aetatem
1150 1360 1201 1425 in.-

61 1479 179 1541 gressus
198 1455 321 1551 virilem
331 1453 516 1535 Augustoriti
534 1451 696 1515 Pictonum
718 1453 955 1519 extraordinario
977 1478 1049 1520 cum
1068 1460 1200 1548 imperio

60 1566 104 1642 jus
116 1559 226 1623 dicens
239 1558 402 1637 severitate
419 1553 721 1619 animadversionum
735 1557 767 1619 in
781 1560 1009 1645 potentissimos
1023 1584 1093 1626 reos
1107 1576 1137 1627 et
1150 1565 1201 1629 in-

60 1662 208 1730 exorabili
231 1682 364 1747 vereque
378 1654 515 1724 Achilleo
536 1657 632 1721 animi
649 1662 882 1725 robore‘contra
898 1663 1024 1743 gratiam
1038 1666 1200 1732 autminus
1244 1662 1247 1667 ¹

60 1768 202 1849 omnium
215 1762 409 1827 oculosinte
423 1759 609 1827 convertisti.
650 1756 758 1841 Quare
784 1786 854 1826 cum
872 1776 944 1882 post
968 1767 1082 1850 aliquot
1101 1784 1200 1835 annos

42 1850 45 1855 ¹
60 1868 296 1957 christophorus
306 1864 473 1944 Thuanus,
499 1862 607 1925 illustri
619 1860 759 1926 laude
727 1886 776 1929 vrr
788 1867 985 1953 conspicuus,
1014 1871 1122 1933 orbam
1137 1870 1200 1935 Cu-

60 1974 134 2037 riam
147 1982 180 2035 et
193 1992 241 2034 sm
231 1966 407 2031 'desiderio
421 1956 579 2047 lugentem
599 1964 684 2029 diem
701 1986 881 2053 supremum
899 1971 1007 2034 obiens
1020 1973 1199 2058 reliquisset,

59 2098 120 2140 non
142 2073 264 2162 putavit
279 2071 429 2134 Henricus
447 2068 503 2133 ΠΙ.
524 2090 593 2132 esse
613 2069 823 2155 quaerendum
841 2071 916 2151 sihi,
944 2094 1074 2159 ecquem
1092 2077 1126 2138 in
1144 2077 1199 2142 illo
1220 2106 1223 2111 ·
1286 2138 1289 2147 ,

60 2179 185 2245 sublimi
206 2174 359 2257 dignitatis
382 2173 504 2263 fastigio
531 2173 708 2237 collocaret:
746 2195 825 2237 unus
848 2175 933 2237 enim
960 2188 994 2238 tu
1020 2182 1200 2247 occurrebas

60 2282 170 2366 dignus
189 2281 244 2366 qui
263 2279 350 2357 viro,
377 2274 623 2363 incomparabili,
652 2276 768 2361 absque
794 2287 825 2338 te
851 2275 974 2355 fuisset,
1005 2278 1199 2346 succederes:

59 2409 117 2474 qua
129 2388 164 2449 in
176 2383 308 2449 statione
322 2402 401 2466 quae
422 2392 453 2443 et
472 2389 584 2465 quanta
597 2378 780 2465 sapientiae,
807 2377 987 2466 prudentiae
1002 2392 1033 2443 et
1046 2383 1200 2447 fortitudi-

57 2492 106 2554 nis
121 2488 211 2565 (nam
226 2497 257 2550 et
270 2487 329 2547 hac
343 2505 399 2569 per
416 2481 624 2555 conditionem
642 2482 836 2569 superiorum
852 2492 1035 2569 temporum·
1045 2506 1125 2571 opus
1143 2487 1200 2551 tibi

57 2590 129 2676 fuit)
145 2591 289 2676 exempla
309 2584 458 2664 edideris,
486 2583 577 2649 unius
595 2584 744 2671 epistolae
764 2586 910 2667 angustiis
926 2589 1007 2651 velle
1028 2591 1199 2676 complecti,

56 2719 107 2759 res
125 2698 238 2773 longae
255 2689 417 2767 historiae,
445 2689 508 2749 hoc
527 2708 613 2753 vero
622 2688 663 2751 sit
676 2686 797 2773 togedlp
819 2683 948 2773 neptae
969 2684 1053 2773 μέγα
1080 2694 1202 2791 λαῖτμιι

55 2791 264 2878 θαλάσσηςυ
259 2793 409 2857 ·lllaneat
423 2790 599 2859 Annalium
606 2788 780 2855 conditores
800 2792 877 2853 haec
901 2813 986 2855 cura:
1015 2814 1147 2878 quotum
1166 2808 1202 2859 ut

56 2902 192 2989 quisque
211 2897 268 2961 errt
279 2894 415 2961 veritatis
432 2893 674 2973 amantissimus,
703 2894 819 2980 patriae
843 2894 987 2958 charitate
1011 2897 1201 2961 ferventissi-
1311 2878 1314 2883 ¹

10 2980 24 3085 f
83 3006 87 3015 '
112 3003 210 3079 svel,
231 2998 345 3061 utaliis
360 2995 462 3065 verbis
476 2994 561 3058 idem
572 2995 690 3075 dicam,
722 2996 979 3060 Christianissimo
996 2996 1076 3079 Regi
1093 3013 1199 3065 nostro

10 3070 24 3200 ἱ
55 3022 331 3181 diiofinnnur,
320 3099 354 3161 in
372 3109 492 3160 tuarum
516 3098 643 3161 laudum
663 3099 957 3162 commemoratione
979 3101 1128 3185 plurimus
1155 3114 1202 3167 est
1264 3150 1267 3157 -

10 3207 14 3279 l
56 3214 188 3273 loturus.
220 3202 311 3269 Nos
301 3214 431 3280 interea,
452 3201 536 3287 quod
551 3200 672 3273 assidue
683 3201 829 3280 facimus,
857 3200 963 3265 Deum
976 3202 1072 3268 OPT.
1091 3204 1200 3270 MAX.

10 3330 12 3341 ·
10 3308 289 3385 venerabimur,
311 3306 501 3393 amplissimo
514 3304 633 3367 senatui
649 3315 680 3366 et
692 3304 834 3369 universo
853 3324 948 3385 regno
962 3305 1150 3373 incolumem
1168 3321 1200 3374 te

57 3436 152 3501 quam
166 3409 337 3473 diutissime
347 3420 502 3495 praestet,
522 3407 749 3483 nobilissimum
763 3408 876 3476 Frbum
885 3421 988 3487 tuum
1013 3432 1070 3496 per
1080 3410 1200 3477 rnedras

55 3517 165 3583 laudes
178 3516 211 3577 in
223 3515 282 3575 hat
294 3514 453 3600 juventute
465 3532 522 3575 sua
543 3532 629 3596 quast
619 3508 800 3596 quadrigis
813 3515 997 3592 vehentem,
1025 3536 1064 3577 ex
1074 3514 1200 3597 Anglica

58 3621 215 3702 legatione
227 3616 313 3681 sistat
324 3614 381 3677 tibi
390 3612 552 3693 reducem,
573 3625 667 3699 utque
680 3624 713 3675 tu
725 3615 789 3694 illo,
799 3615 851 3680 ille
860 3627 891 3679 te
903 3619 1032 3697 longum
1044 3618 1198 3680 fruamini.

57 3724 156 3801 Vale,
178 3717 274 3785 seculi
289 3718 383 3781 decus
398 3717 582 3781 immortale.
625 3716 763 3785 Lutetiae
776 3702 975 3799 Parisiorum,
994 3718 1092 3804 pridie
1104 3717 1199 3791 Eidua

10 3922 12 3933 Ι
51 3818 429 3905 Ἑείιιιιιιὶί,,()10106ῐ7.
