2700 4972
211 316 216 323 '
316 288 319 293 ¹
447 288 870 427 sa'rrrtttnr..¹
1119 366 1193 410 xxv
1306 394 1310 401 .

45 512 86 577 Et
104 516 193 579 bona
214 510 262 577 dis
284 534 324 577 ex
343 513 402 575 hac
421 514 567 577 scelerata
589 509 699 575 ducere
718 514 836 597 pulpa?

44 624 137 687 Haec
156 623 218 687 sibi
240 631 381 707 conupto
401 620 515 683 casiam
534 618 676 683 dissolvit
695 619 796 697 olivo,

44 732 137 797 Haec
157 728 326 811 Calabram
348 727 431 789 coxit
450 726 556 790 vitiato
577 727 693 791 murice
712 728 828 809 vellus3

22 848 25 853 '
45 838 137 901 Haec
156 838 286 901 baccam
307 836 443 899 conchae
462 837 572 899 rasisse
593 847 625 899 et
643 836 788 916 stringere
808 856 906 900 renas

45 942 213 1035 Ferventis
233 964 353 1007 massae
375 940 470 1006 crudo
493 940 533 1007 de
554 944 680 1030 pulvere
700 942 795 1023 jussit.

47 1030 164 1118 Pectat
184 1064 216 1115 et
236 1054 329 1130 haec,
357 1063 479 1137 peccat3
505 1051 580 1116 vitio
600 1062 704 1114 tamen
726 1054 835 1114 utitur:
878 1064 909 1115 at
928 1073 985 1117 vos

48 1158 174 1237 Dicite,
193 1161 371 1247 pontifices,
392 1160 426 1221 in
445 1180 532 1222 sacro
552 1157 625 1244 quid
645 1159 718 1221 lacit
737 1161 870 1224 numm?

48 1266 176 1355 Nempe
197 1270 274 1347 hoc,
296 1265 380 1351 quod
399 1266 513 1329 Veneri
535 1266 667 1329 donatae
688 1288 707 1328 a
727 1266 845 1347 virgine
864 1288 994 1353 puppae.
1152 1274 1195 1335 70

51 1370 140 1454 Quin
162 1372 273 1437 damus
293 1373 326 1436 id
346 1375 480 1460 superis,
511 1373 550 1436 de
571 1396 683 1455 magna
704 1371 789 1459 quod
810 1371 883 1437 dare
903 1377 989 1439 lance

49 1482 126 1547 Non
146 1483 247 1568 possit
265 1482 370 1562 magni
389 1481 542 1545 Messalae
561 1483 645 1569 lippa
666 1460 830 1570 propagat

51 1589 273 1676 compositum
293 1593 341 1669 jus
360 1592 469 1675 fasque
489 1591 601 1670 animi,
632 1603 814 1675 sanctosque
835 1610 972 1653 recessus

50 1698 171 1763 Mentis
192 1709 224 1760 et
243 1698 397 1761 incoctum
418 1718 567 1777 generoso
588 1710 693 1783 pectus
714 1700 857 1761 honesto.

52 1806 141 1869 Haec
166 1803 266 1885 cedo,
292 1816 327 1867 ut
346 1803 533 1871 admoveam
553 1804 694 1889 templis,
726 1816 757 1868 et
775 1807 855 1869 farre
876 1806 979 1869 litabo.
1154 1808 1197 1871 75
1295 1864 1298 1873 .

522 2090 732 2102 --ι--ι--ιοι

383 2372 743 2440 SATIRA
806 2376 862 2444 ΠΙ.

148 2540 288 2631 Nempe
308 2542 375 2609 ltoc
397 2543 563 2611 assidue?
605 2542 689 2609 Jom
711 2544 848 2613 clarum
869 2569 972 2614 mane
987 2547 1166 2638 fenestras

60 2652 186 2721 Intrat
207 2662 242 2716 et
261 2660 431 2740 angustas
453 2651 611 2718 extendit
632 2644 763 2719 lumin'e
787 2655 906 2720 rimas.

59 2758 267 2839 Sterlimus,
293 2758 497 2824 indomitum
519 2760 613 2846 quod
632 2760 836 2849 despumare
860 2764 1054 2833 Falernum

60 2866 243 2959 Sufficiat,
273 2864 393 2955 quinta
415 2865 498 2930 dum
519 2867 616 2934 lineo
638 2870 797 2959 tangitur
817 2870 952 2938 umbra.

61 2976 120 3043 En
146 2973 231 3065 quid
252 2974 360 3063 agia?
403 2974 517 3039 siccae
537 2976 664 3043 insana
687 2978 851 3044 canicula
873 3002 1003 3045 menaea
1089 3024 1092 3031 -
1183 2986 1204 3051 6

63 3081 282 3152 Iamdudum
308 3080 424 3169 coquit
445 3092 476 3147 ct
496 3081 625 3167 patula
638 3106 748 3172 pecus
770 3108 871 3153 omne
891 3086 953 3152 aul>
975 3086 1072 3152 ulmo
1093 3097 1155 3157 cat.

66 3194 151 3259 Unus
173 3193 215 3254 ait
237 3192 394 3254 comitum·
442 3184 484 3255 V
479 3189 650 3255 erumna?
692 3190 811 3259 ilaue?
856 3194 953 3258 ocius
975 3195 1069 3261 adsit
1135 3264 1138 3269 ,

63 3296 145 3365 Huc
162 3297 314 3385 aliquia!
356 3298 519 3395 nqmoo’?
561 3299 702 3381 turgescit
722 3301 818 3365 duaa
839 3302 925 3369 bilis:

64 3406 219 3475 Itlndor:
260 3419 295 3470 ut
314 3404 462 3477 Arcadiae,
479 3407 621 3493 pecuaria
641 3405 750 3471 rudere
771 3406 884 3473 aedas.

150 3517 223 3583 Jam
242 3516 321 3579 liber
341 3525 372 3577 et
392 3515 510 3579 bicolor
529 3514 637 3602 positis
657 3519 837 3580 membrana
857 3516 988 3603 capillis,
1168 3531 1209 3590 10

65 3626 164 3713 lnque
186 3645 298 3688 manus
320 3626 440 3686 chartae
460 3620 640 3709 nodosaque
662 3625 747 3688 venit
767 3622 893 3688 artando.

65 3732 158 3799 Tunc
180 3732 328 3819 queritur,
352 3752 468 3793 crassus
491 3732 608 3819 calerno
631 3729 716 3815 quod
735 3731 868 3817 pendeat
887 3735 1014 3814 humor,

67 3840 162 3923 Nigra
183 3839 267 3926 quod
287 3840 388 3902 infusa
408 3850 553 3904 vanescat
575 3840 661 3925 sepia
682 3840 826 3925 lympha3

68 3946 192 4013 Dilutas
210 3947 345 4035 queritur
364 3946 500 4028 geminet
521 3946 604 4031 quod
624 3947 724 4010 fistula
748 3957 856 4029 guttas.

156 4054 189 4120 Ο
210 4055 320 4133 miser,
347 4054 441 4140 inque
462 4051 528 4117 dies
549 4057 626 4117 ultra
647 4054 756 4119 miser!
796 4057 926 4119 huccine
946 4079 1048 4121 renam
1172 4062 1212 4125 15

70 4162 250 4229 Venimus?
283 4174 314 4226 at
336 4183 389 4224 cur
409 4184 473 4224 non
494 4161 613 4247 potius,
638 4173 804 4250 teneroque
826 4166 973 4251 palumbo

143 4385 180 4438 V.
194 4384 240 4440 65.
259 4384 294 4439 Et
311 4386 460 4439 Calabram.
477 4412 513 4425 -
530 4384 563 4437 V.
581 4386 625 4441 69.
643 4392 741 4439 sancta
758 4415 792 4424 -
811 4386 844 4441 V.
861 4386 905 4444 73.
922 4387 1018 4442 aum.

144 4454 206 4508 Sat
222 4452 270 4507 Ill.
287 4455 320 4509 V.
339 4459 364 4511 l.
382 4455 447 4509 laco
463 4453 578 4509 assidue.
598 4483 631 4494 -
650 4456 683 4511 V.
702 4457 745 4513 16.
761 4456 884 4511 colando.
