2700 4972
339 332 401 398 AD
429 332 603 417 PERSII
629 333 857 401 SATIR'AM
884 334 946 402 Vl.
1155 345 1222 411 alt

168 511 221 572 10.Ι
239 504 438 592 Postquam
455 502 639 571 destertuit
658 525 732 570 esse
747 502 978 589 Maeonides]
1008 508 1218 589 Hellenismus
1327 541 1331 547 ·

70 611 132 676 pro
147 590 304 654 destertuit
319 614 355 655 se
372 615 441 657 asse
455 592 661 671 Maeoniden,
682 603 717 654 ut
741 590 824 678 apud
840 591 966 677 poiitam
984 596 1093 661 sensit
1111 595 1216 663 deta-

68 689 209 759 psuset
231 678 343 741 similia
364 679 497 764 passim:
526 675 712 743 destertuit
732 699 788 765 pro
816 689 941 743 stertere
968 681 1036 744 sire
1061 686 1216 750 somniare

71 761 175 829 desiit.
217 761 309 825 Ennii
330 764 487 827 somnium
500 767 564 845 jann
577 764 722 828 omnibus
737 760 847 825 notum
862 765 971 851 exiis,
993 769 1216 850 quae-Hadria-

72 870 133 911 nus
142 847 305 911 Turnebus
320 848 411 929 [Λᾶν.
423 850 541 929 ΧΧΧ,
557 873 583 914 c.
600 852 631 930 7]
652 861 683 912 et
696 848 853 935 Josephus
868 849 1004 931 Scaliger
1024 852 1215 934 [Gonjeotan.

69 955 103 1018 p.
120 937 176 1014 27]
191 936 478 1022 observanmuqui
490 937 584 1000 etiam
594 937 667 999 huie
688 938 759 999 loco
778 937 881 999 facem
899 938 1012 999 claram
1033 939 1123 1023 primi
1137 945 1215 1005 allu-

68 1031 199 1084 xerunt:
227 1018 267 1083 ad
288 1042 344 1084 eos
362 1021 498 1085 studiosi
519 1021 639 1085 adeant.
690 1020 742 1100 [V.
762 1022 870 1085 scholl.
889 1019 954 1085 Res
973 1026 1074 1087 omnis
1095 1041 1215 1091 narrata

70 1116 103 1167 et
119 1105 183 1255 Ipsi
199 1116 284 1185 vett,
305 1105 400 1171 etiam
414 1106 453 1171 de
468 1106 588 1172 diversa
607 1106 755 1193 scriptura
767 1102 865 1186 hujus.
879 1108 954 1189 loci,
975 1108 1089 1173 laudati
1103 1133 1153 1199 ap.
1166 1113 1213 1178 Pl.

68 1211 92 1341 li
147 1190 385 1356 lllfiiiinm
396 1296 530 1364 pavone
545 1294 590 1341 ex
603 1272 854 1364 Pythagoreo]
876 1276 1043 1364 Postquam
1057 1301 1076 1343 e
1091 1302 1216 1368 pavone

66 1359 263 1443 Pythagoreo
284 1365 383 1426 famus
409 1374 492 1427 esset
514 1361 555 1442 Q.
577 1360 704 1426 Ennius.
759 1363 863 1426 Aniles
881 1362 1073 1446 Pythagorae
1094 1389 1213 1449 nugae:

89 1468 145 1511 uas
157 1451 263 1597 tsatmen
287 1447 426 1512 Julianus
445 1447 589 1526 emdidit,
610 1450 663 1535 qui
687 1471 724 1515 se
742 1449 916 1513 nominarat
934 1450 1156 1534 Alexandrum,
1185 1455 1213 1517 si

111 1554 147 1597 es
186 1554 350 1597 ozomeno.

156 1641 207 1701 12.
228 1634 301 1703 Hie
317 1656 382 1723 ego
398 1656 543 1699 securus
558 1632 681 1724 vulgi]
701 1634 772 1700 Jsm
785 1636 894 1722 qtribus
909 1637 1016 1703 studita
1033 1639 1067 1702 in
1081 1641 1211 1707 horse

64 1738 155 1785 cassu
168 1722 342 1801 incumbat,
365 1722 516 1787 ostendit:
536 1722 673 1784 itaenim
685 1725 779 1787 rerba
798 1727 863 1802 ejus
884 1725 947 1786 aeci
969 1725 1070 1789 ienda.
1120 1728 1209 1809 Heio,

64 1806 183 1892 inquit,
205 1808 325 1888 egimus
340 1830 399 1871 nos
412 1807 511 1871 securi
531 1808 631 1889 vulgi,
658 1807 692 1868 id
718 1819 765 1871 est
783 1828 893 1894 parum
909 1748 1047 1889 solliciti,
1076 1812 1148 1897 quid
1168 1814 1209 1878 de

63 1894 157 1958 nobis
171 1895 281 1974 vulgus
296 1892 427 1973 judicet:
448 1894 644 1977 nequeenim
656 1915 674 1956 e
687 1892 801 1973 judicio
813 1894 898 1974 vulgi
913 1894 1100 1980 pendemus,
1123 1900 1208 1984 quod

62 1979 223 2065 proprium
240 1991 287 2042 eet
303 1979 459 2045 ambitiosi
473 1991 504 2041 et
519 1978 632 2060 gloriae
650 1978 768 2064 cupidi,
790 1990 825 2041 ut
842 1977 1020 2045 dicebamus
1035 1983 1123 2045 initio
1143 1987 1207 2071 pri-

62 2086 145 2127 mae.
190 2063 342 2129 Securitas
353 2067 447 2142 haec,
463 2063 510 2126 de
528 2085 587 2148 qua
600 2063 722 2127 Persius
733 2065 841 2139 sentit,
862 2064 916 2127 illa
931 2078 993 2145 est,
1021 2089 1114 2152 quam
1131 2092 1207 2134 con-

63 2150 146 2212 ciliat
157 2150 205 2213 sui
219 2149 364 2213 studiosis
377 2152 444 2213 sola
456 2151 565 2214 virtus:
587 2152 671 2229 cujus
683 2150 740 2212 ista
755 2161 801 2212 est
810 2152 876 2213 laus
888 2152 1027 2237 propria,
1043 2154 1126 2238 quod
1140 2156 1207 2218 ani-

61 2257 134 2299 mos
148 2236 235 2298 omni
248 2237 475 2323 perturbatione
490 2236 654 2297 affectuum
669 2236 813 2298 liberatos
824 2236 857 2297 in
867 2256 975 2298 securo
984 2240 1205 2324 tranquillitatis

61 2333 152 2409 portu
179 2315 360 2405 ἄννμαντῳ
383 2324 526 2383 collocat:
555 2323 651 2383 multa
670 2319 789 2383 Seneca
811 2332 841 2383 et
859 2321 910 2382 alii
925 2322 1114 2410 philosophi,
1141 2327 1255 2404 sed481

61 2430 78 2471 a
124 2407 288 2470 ositissime
303 2406 436 2469 adhunc
450 2409 553 2468 locum
565 2405 804 2487 chrysostomus
818 2406 1050 2471 inlllatthaeum
1063 2411 1200 2476 Homilia

60 2431 101 2556 ll)
133 2491 181 2558 V:
202 2491 253 2570 τίς
267 2488 372 2564 ἐστιν,
395 2491 455 2566 ait,
476 2485 676 2575 ἡίσχῦςτῆς
698 2486 836 2573 deseviat
864 2486 903 2555 τὰ
924 2488 1006 2577 parri
1022 2489 1205 2577 ἀσφαλείας

61 2580 141 2664 ζῇν,
163 2573 202 2642 τὸ
216 2575 333 2663 μηδενὶ
346 2580 417 2643 τῶν
429 2576 550 2642 δεινοῖν
564 2571 763 2661 εὐχείρωτον
782 2570 886 2659 εἶναι,
906 2589 939 2641 et
957 2582 1045 2666 plura
1069 2582 1101 2644 in
1124 2585 1204 2646 hanc

10 2676 18 2685 ’
59 2665 255 2730 sententiam.
342 2702 344 2707 ·
849 2692 854 2699 ·

149 2773 201 2833 13.
222 2763 272 2830 Et
292 2763 378 2853 quid
393 2770 585 2851 praeparet
605 2759 739 2826 Auster
757 2758 893 2847 Infelix
910 2764 1062 2867 pecori]
1095 2770 1227 2836 Narrat'
1313 2825 1317 2834 ,

59 2862 179 2915 tantum
191 2873 227 2915 se
238 2852 272 2914 in
282 2851 384 2916 studio
398 2852 515 2915 virtutis
529 2849 751 2936 profecissent
783 2860 882 2913 aratus
896 2850 988 2914 suad
1003 2856 1205 2936 congredien-

61 2936 137 3001 dum
152 2959 223 3001 cum
235 2941 376 3017 fortuna,
397 2937 438 2999 ad
453 2957 528 3023 opes
541 2933 667 3020 quidem
682 2871 782 3019 quodP
779 2935 892 2997 attinet
934 2935 1032 3023 Atque
1044 2940 1085 3002 ita
1099 2954 1205 3005 osten.

60 3022 122 3103 dit,
150 3024 295 3109 quamsit
308 3023 425 3087 alienus
446 3044 465 3085 a
485 3020 658 3085 divitiarum
680 3018 844 3105 cupiditate
865 3032 897 3083 et
916 3024 1053 3087 avaritia.
1095 3027 1204 3092 Auster

59 3111 166 3195 pecori
179 3110 287 3172 infelix
303 3107 425 3186 dicitur,
448 3108 519 3193 quia
532 3115 657 3192 propter
674 3118 775 3168 aestus
792 3107 973 3185 gravissime
992 3108 1093 3173 solent
1110 3115 1203 3177 labo-

57 3216 127 3258 rare
144 3194 296 3281 pecudes:
316 3194 400 3257 unde
414 3194 517 3257 morbi
529 3214 623 3277 saepe
634 3202 665 3254 et
676 3191 826 3278 pernicies
841 3212 972 3274 magnae
987 3206 1018 3257 et
1032 3216 1159 3278 gregum
1172 3211 1203 3264 et

59 3288 278 3344 armentorum}
301 3279 363 3361 [Cf.
376 3280 437 3359 Pl,
461 3279 515 3342 ubi
535 3277 620 3359 loci]

146 3384 197 3450 14.
219 3378 369 3446 Securus
391 3391 441 3461 et,
471 3370 623 3467 angulus
651 3376 713 3442 ille
728 3373 852 3443 Vicini
877 3376 995 3467 nostro
1016 3382 1097 3469 quio
1118 3388 1203 3474 pin-

54 3466 189 3557 guium]
211 3468 281 3532 Jarn
297 3468 379 3533 aliud
391 3469 500 3533 vitium
514 3488 532 3530 a
546 3487 581 3530 se
595 3466 752 3544 amolitur,
775 3465 942 3547 invidiam,
985 3490 1043 3532 uae
1064 3474 1129 3536 fere
1148 3495 1202 3536 co-

56 3576 126 3619 mes
140 3558 221 3619 solet
240 3577 309 3619 esse
321 3554 466 3619 avaritiae
482 3562 513 3616 et
527 3550 723 3631 πλεονεξίας.
767 3551 900 3616 Lucilius
915 3553 962 3634 [X
999 3554 1078 3636 VH,
1098 3560 1134 3619 fr.
1152 3561 1201 3639 8]:

22 3645 28 3667 ¹
57 3636 169 3706 Nulli
188 3660 243 3703 me
266 3637 437 3717 invidere,
459 3656 568 3726 neque
590 3632 789 3701 strabonem
801 3632 885 3724 fieri
901 3638 1042 3726 saepius
1061 3639 1202 3707 deliciis

57 3746 114 3790 me
127 3724 284 3791 istorum.

76 3832 105 3865 “’·
146 3828 195 3896 15.
218 3826 301 3892 Eut
310 3824 399 3891 adeo
412 3818 531 3891 omues
545 3820 733 3889 Diteseant
750 3822 820 3888 orti
832 3822 1040 3911 pejoribus]
1064 3829 1135 3894 Non
1150 3831 1200 3895 in-

55 3914 423 3994 suessionensem,
444 3912 558 3998 inquit,
585 3909 642 3975 sed
659 3932 700 3973 ne
719 3915 816 3991 justae
838 3910 962 3999 quidem
983 3912 1201 3997 indignationis

56 4022 92 4064 ac
122 3996 283 4083 νεμέσεως
303 4022 429 4065 sensum
451 4000 621 4061 habemus:
654 3996 711 4059 etsi
731 3995 874 4062 ridemus
896 3997 1038 4062 mandari
1063 4004 1200 4068 honores

57 4100 88 4151 et
104 4087 212 4151 donari
226 4091 300 4150 altas
315 4108 391 4173 opes
407 4078 595 4166 ignobilibus
616 4093 706 4167 atque
719 4081 863 4163 indignis.
906 4083 1080 4171 Menander
1091 4089 1111 4170 .[
1121 4090 1199 4153 Θεο-

56 4170 254 4259 φορουμένῃ
268 4195 300 4260 p.
313 4176 366 4237 79.
380 4169 493 4253 Mein]
514 4167 636 4231 homini
650 4163 811 4252 κακοήθει
823 4171 1004 4235 contrariam
1017 4175 1199 4260 sententiam

55 4260 254 4327 adhibuerat:

175 4358 283 4426 Ὄνον
294 4352 452 4443 γενέσθαι
467 4359 618 4438 κρεῖττον
635 4350 660 4440 ἦ
672 4347 752 4431 τούς
764 4354 916 4441 χείρονας

182 4444 291 4534 Ὀοᾷν
305 4439 429 4511 ἑαυτοῦ
441 4445 568 4525 ζῶντας
579 4436 849 4527 ἐπιφανέστερον.
