2700 4972
338 81 600 175 anabusn
631 106 926 211 serrarum
1023 184 1026 197 ¹
1136 113 1200 179 raa

591 587 669 660 AD

57 786 524 923 sauream
635 742 1295 897 snouuoau.s

58 1100 170 1207 Haec
182 1130 281 1197 Satira
299 1130 513 1213 gravissimum
527 1112 660 1194 continet
674 1143 896 1212 argumentum,
919 1127 962 1194 de
970 1131 1136 1219 precibus
1153 1157 1196 1199 ae
1202 1150 1253 1206 169

58 1218 169 1294 votis,
191 1241 211 1282 e
229 1219 434 1305 penetralibus
457 1222 522 1297 ejus
547 1219 764 1304 philosophiae
785 1217 1017 1305 depromptum,
1047 1242 1126 1306 quae
1145 1223 1222 1285 luit‘

58 1307 217 1373 ueteribus
229 1306 417 1391 sapientibus
437 1324 492 1389 pro
514 1305 685 1383 theologia:
707 1326 782 1366 nam
794 1302 987 1368 Deusesset
1008 1327 1048 1368 an
1070 1328 1150 1387 non,
1173 1319 1204 1371 et

59 1402 180 1457 curaret
198 1391 339 1453 mortalia
361 1410 473 1469 necne,
498 1392 532 1451 in
555 1390 690 1475 physicis
714 1391 778 1453 suis
795 1391 931 1474 plerique
946 1388 1204 1478 philosopherum

59 1479 278 1563 quaeeiverunt
288 1501 297 1558 3
309 1497 430 1543 ,eorum
443 1496 528 1552 vero,
542 1497 620 1561 quae
637 1474 677 1537 ad
692 1469 849 1556 ὁσιότητα
863 1479 1040 1560 spectabant
1055 1491 1086 1540 et
1100 1480 1204 1541 homi-

60 1584 137 1627 num
161 1560 308 1635 adversus
331 1560 407 1624 deos
433 1562 552 1639 officia,
575 1572 691 1647 partem
710 1582 855 1640 magnam
872 1567 905 1622 in
927 1563 1026 1624 ethica
1045 1562 1204 1675 disciplina

60 1661 133 1714 sunt
145 1649 309 1733 compleuit
351 1646 426 1725 Ejus
442 1647 561 1727 generis
584 1658 631 1708 est
650 1645 748 1709 Satira
768 1649 859 1708 haec:
882 1647 931 1707 cui
947 1647 973 1709 si
992 1660 1126 1711 metrum
1148 1649 1205 1713 de-
1272 1724 1274 1729 ¹

59 1737 183 1814 traham
195 1735 273 1797 nihil
287 1734 333 1796 illi
344 1732 384 1795 ad
396 1732 643 1817 philosophicam
657 1733 836 1812 gravitatem
855 1730 1000 1812 defuerit,
1021 1754 1087 1795 non
1105 1736 1214 1816 magis,
1309 1730 1312 1735 ⁴

60 1842 157 1907 quern
177 1819 269 1883 alicui
290 1819 455 1883 ePlatonis
470 1818 554 1882 libris
567 1817 759 1882 Plutarchive
780 1829 832 1879 aut
848 1820 981 1898 cujusvis
1002 1821 1133 1883 aliorum
1152 1823 1206 1884 vel

60 1907 183 1995 primae
206 1900 299 1967 notae
323 1905 590 1989 philosophorum.
639 1901 723 1966 Inter
744 1905 844 1968 varias
870 1916 974 1967 autem
1001 1907 1205 1990 quaestiones,

61 1989 269 2079 quae-cadunt
289 1991 322 2052 in
343 1992 553 2081 tractationem
571 1985 647 2068 περὶ
661 1982 832 2071 ὁσιότητος
853 2000 883 2051 et
899 1988 939 2052 de
960 2012 1035 2055 vero
1059 1993 1206 2078 superum

62 2080 165 2157 ctdtu,
186 2098 251 2141 non
263 2077 391 2139 minima
411 2087 457 2138 est
469 2077 538 2154 illa,
560 2097 638 2160 quae
656 2074 696 2137 de
714 2087 797 2143 recte
819 2073 935 2137 orando
958 2078 1085 2151 numine
1106 2076 1206 2162 deque

10 2228 12 2233 ,
62 2163 148 2231 votis
159 2161 308 2226 faciendis
321 2163 398 2241 agit:
418 2161 579 2247 multiplex
599 2162 684 2223 enim
704 2163 982 2225 mortaliumerror
995 2162 1028 2223 in
1042 2165 1100 2225 hac
1118 2175 1205 2249 parte
1242 2234 1245 2239 ,
1308 2184 1311 2191 ’

62 2253 146 2315 rotet
164 2249 297 2326 versari,
320 2259 355 2309 ut
374 2271 438 2310 non
455 2248 521 2310 sine
540 2246 649 2311 baussa
668 2245 765 2309 Stoici
786 2246 1007 2331 pronuntiarint
1028 2251 1130 2311 solum
1146 2264 1256 2318 sar-170

85 2334 95 2351 “
114 2345 204 2405 ntem
214 2334 291 2398 scire
309 2354 395 2395 orare
414 2346 512 2412 recte,
533 2334 635 2395 solum
653 2354 721 2397 esse
737 2330 936 2397 sacerdotem.
981 2334 1140 2399 Hierocles
1156 2334 1208 2412 [ad

63 2356 158 2504 dyas
177 2418 218 2485 V.
238 2424 266 2483 1.
285 2441 316 2505 p.
332 2421 382 2484 25.
407 2417 456 2482 ed.
477 2418 598 2498 Paris.]:
610 2486 615 2493 ⁸
628 2413 710 2483 ὅθεν
726 2415 784 2483 καὶ
802 2414 907 2500 μόνος
927 2416 1036 2499 lapella
1057 2414 1076 2484 ό
1097 2416 1208 2501 σοφός

10 2560 15 2569 .
64 2505 206 2589 λέγεται,
227 2503 354 2584 (Stoicis
369 2526 500 2591 nempe,
522 2503 665 2584 Diogene
686 2517 763 2568 teste
777 2526 812 2567 ac
825 2504 961 2568 Stobaeo
970 2501 995 2587 ε)
1015 2498 1119 2589 μόνος
1128 2511 1208 2573 θεο-
1254 2560 1257 2567 .

65 2586 187 2677 priris,
214 2585 318 2672 μόνος
343 2586 438 2664 aldeis
459 2585 641 2665 οὔξοοθαιε
667 2612 769 2675 neque
792 2592 870 2653 haee
889 2602 1009 2654 tantum
1031 2591 1208 2655 Stoicorum
1279 2640 1289 2669 ,

11 2724 16 2731 -
34 2728 37 2733 -
64 2679 125 2755 tuit
141 2676 302 2754 sententia,
323 2676 380 2738 sed
400 2688 431 2738 et
444 2678 701 2762 philosophorum
718 2678 863 2754 aliorum,
886 2677 939 2760 qui
952 2677 985 2738 in
999 2678 1061 2739 hoo
1077 2699 1209 2741 consen-

19 2798 22 2805 ·
65 2765 162 2843 tium,
201 2763 335 2844 ropriarn
368 2763 524 2848 hilosophi
543 2760 668 2824 laudem
688 2782 756 2825 esse
776 2763 856 2824 bene
870 2759 977 2823 Deum
993 2783 1089 2825 orare.
1132 2764 1259 2837 tta-(91)

64 2784 296 2930 ximusbyrius
313 2847 348 2911 X
385 2847 428 2911 X.
451 2847 677 2911 dissertatione:
701 2841 743 2913 όν
765 2840 874 2930 ἐξέλῃς
892 2850 954 2911 τοῦ
972 2847 1050 2931 βίον
1069 2850 1209 2930 φιλοοο-
1303 2910 1305 2915 ,

66 2932 170 3017 «μίαν,
193 2930 310 3010 ἐξεῖλες
324 2928 430 2998 αὐτοῦ
447 2928 486 2997 τό
501 2929 671 3011 ζόπνρον,
693 2928 731 2996 τό
747 2926 913 3014 ἔμπνουν,
935 2928 973 2996 τὸ
992 2928 1147 3012 ζωτικὸν,
1168 2930 1207 3001 τό

66 3017 174 3105 μόνον
190 3015 351 3097 εὔξασθαι
362 3014 587 3101 ἐνιστάμενον.
630 3016 694 3081 Sed
707 3041 771 3081 non
789 3017 952 3081 defuerunt
965 3019 1041 3083 olim
1062 3020 1114 3104 qui
1131 3019 1208 3085 deos

66 3118 216 3189 negarent
230 3128 299 3169 esse
319 3105 466 3169 orandos:
489 3126 568 3190 quae
590 3105 648 3166 fuit
669 3105 819 3167 sententia
842 3102 1081 3185 Cyrenaicorum
1105 3108 1210 3191 philo-

67 3192 258 3281 sophorum,
275 3204 309 3253 ut
322 3193 425 3257 scribit
445 3190 606 3270 Clemens,
628 3202 718 3275 atque
741 3191 881 3252 omnium
901 3192 1040 3269 illorum,
1062 3193 1114 3276 qni
1129 3192 1212 3257 diui-

67 3300 144 3343 nnnt
161 3275 387 3364 providentiam
405 3280 572 3356 negabant,
594 3297 725 3361 quorum
745 3277 898 3360 praecipui
917 3276 1210 3362 fueruntEpicurei:

67 3366 131 3429 hoe
148 3364 235 3429 enirn
256 3365 355 3427 semel
380 3364 499 3448 posito,
528 3384 654 3447 superos
676 3364 811 3426 humana
833 3384 897 3423 non
923 3382 1043 3440 curare,
1076 3362 1211 3449 sequitur

69 3449 247 3515 necessario
256 3452 365 3512 frustra
379 3471 446 3512 esse
467 3449 519 3533 qui
538 3470 633 3534 opem
654 3449 724 3511 illos
736 3459 871 3533 poscant.
914 3446 1011 3532 Atque
1028 3449 1118 3528 hujus
1138 3471 1211 3512 sen-

68 3536 186 3601 tentiae
204 3535 503 3615 etinthristotelem
521 3536 616 3599 fuisse
640 3533 723 3620 apud
744 3532 873 3595 Sextum
889 3531 1078 3617 Empiricum
1095 3537 1210 3599 scimus

69 3622 147 3703 legi:
169 3619 227 3685 sed
241 3642 300 3684 nos
316 3642 438 3683 summo
458 3621 527 3684 viro
550 3620 692 3699 injuriam
712 3620 778 3681 fieri
800 3640 864 3680 non
882 3617 1065 3684 dubitamus.
1108 3620 1212 3683 Maxi-

70 3728 142 3778 mus
154 3729 231 3771 vero
247 3706 368 3788 Tyrius,
390 3706 573 3787 cognomine
586 3705 777 3783 Platonicus,
800 3702 873 3789 quid
891 3725 983 3789 super
997 3726 1036 3767 eo
1054 3708 1211 3785 censuerit,

71 3796 194 3879 exejus
209 3791 336 3855 diatriba
353 3793 414 3870 illa,
437 3795 521 3871 cujus
533 3790 630 3853 modo
647 3790 856 3869 meminimus,
872 3791 941 3853 sciri
956 3802 1066 3876 potest.
1102 3791 1212 3855 Enim-

72 3901 147 3944 vero
167 3879 220 3965 qui
232 3890 377 3959 negarent
395 3900 463 3941 esse
475 3875 642 3955 orandum,
664 3876 839 3963 paucissimi
852 3886 970 3938 tantum
987 3878 1095 3941 furiosi
1109 3880 1212 3963 philo-
1277 3892 1279 3899 '

72 3965 179 4052 sophi,
201 3976 309 4051 postea
324 3963 489 4027 deteriores
505 3965 553 4026 his
575 3974 605 4025 et
625 3963 784 4049 pauciores
803 3963 947 4025 haeretici
968 3965 1007 4027 ab
1028 3966 1115 4027 omni
1131 3984 1211 4029 aevo

73 4052 255 4115 extitenmt:
277 4060 308 4112 at
325 4052 407 4114 male
423 4071 508 4113 orare
520 4072 584 4112 non
600 4070 784 4134 paucorum,
802 4047 859 4111 sed
880 4048 1020 4112 omnium
1037 4049 1214 4113 mortalium

75 4138 250 4203 communis
263 4158 347 4201 error
355 4158 477 4220 semper
488 4136 560 4213 fuit,
583 4136 622 4197 iis
639 4135 712 4197 solis
726 4136 876 4220 exceptis,
918 4136 980 4197 uia
995 4154 1070 4198 vero
1088 4134 1215 4219 sapien·

74 4225 133 4287 tiae
149 4222 278 4287 doctore
299 4221 429 4287 luissent
453 4220 577 4285 eruditi:
606 4221 787 4295 beueeniru
806 4240 894 4283 orara
940 4241 1027 4300 eum,
1048 4231 1082 4301 ut
1096 4220 1214 4285 alieubi
