2700 4972
152 298 202 395 aa
365 260 457 397 ’.,·
527 256 933 399 connumeratus
1019 282 1022 289 '

152 490 377 579 ἀπειροκάλου
395 490 483 578 πρὸς
502 490 642 569 ἔπαινον
663 489 719 563 καί
740 487 805 567 ὅσα
825 494 965 583 τοιαῦτα
978 494 1108 578 μᾶλλον
1123 489 1291 585 βαροωρί,

152 576 305 665 uocclp’
327 576 448 663 ἓτόρυν
469 574 661 667 ἢλίγονσιν
682 574 739 664 ἐφ’
762 576 892 645 ἑαυτῶν
906 581 1154 665 καταφαίνεται.
1194 580 1292 651 Gras-

153 671 181 743 ci
201 664 342 757 πτόησιν
362 670 414 735 τοί
433 666 555 737 πτοίαν
575 677 667 741 recto
681 663 812 753 judicio
833 678 1009 753 opponunt,
1037 679 1073 735 ut
1090 668 1129 737 in-
1143 666 1293 753 Pruna

71 780 75 789 ’
177 754 220 823 tis
237 753 387 841 politicis
408 753 548 836 ejusdcm
567 753 720 841 scriptoris
742 753 786 840 [p.
802 756 864 820 836
882 751 947 827 G.]:
970 750 1295 841 προαίρεσιςόρχίην

147 778 275 947 {pocus
298 840 412 921 κρίσιν
433 836 490 911 καί
510 833 630 946 λόηιον,
657 835 740 903 ἄλλα
763 832 808 921 μή
837 838 957 903 πτοίαν
978 833 1046 905 daci
1075 834 1175 924 όόξης
1195 845 1294 926 κενῆς

152 946 174 1011 η
197 924 403 1011 φιλονεικίας
423 921 513 1002 τινὸς
539 949 560 1010 η
584 919 735 1008 πράξεων
764 919 1064 1007 ἓτέροονμοίπορίας.
1119 924 1202 991 Vox
1223 949 1293 997 non

152 1035 276 1085 cereno
297 1025 345 1079 cst
361 1006 625 1097 κροτοθόρνβος,
646 1016 773 1081 confusa
795 1012 1027 1081 acclamantium
1047 1013 1140 1079 situul
1162 1015 1294 1099 ctplau-

153 1097 293 1165 dentium
318 1121 384 1169 uox
404 1111 494 1186 atque
536 1101 658 1171 lassoss
678 1097 826 1183 Epicurus
848 1098 883 1159 in
903 1097 1031 1184 epistola
1058 1097 1097 1161 ad
1119 1098 1296 1169 Leonteum

152 1185 398 1273 Lampsacenum
420 1185 479 1271 [ap.
501 1120 597 1266 liiog,
617 1185 717 1257 baert.
739 1181 784 1263 X,
807 1180 834 1265 §.
878 1179 1047 1263 βεΠαιόν
1068 1178 1170 1262 ἄναξ,
1192 1183 1295 1269 φίλον

152 1266 381 1354 Αεοντόριονί
414 1270 501 1337 olon·
514 1264 772 1352 κροτοθορύβου
800 1265 981 1352 ἐνέπλησας
1002 1264 1212 1353 ἀναγνόντας
1233 1282 1296 1339 σου

153 1350 193 1429 τό
219 1354 417 1429 ἐπιστόλιον.
459 1355 634 1425 Screnitus
659 1355 777 1419 Latinis
805 1353 913 1417 dicitur
939 1355 1074 1419 vacuitas
1102 1357 1294 1442 passionum,

153 1435 310 1521 ἀπάθεια,
331 1437 530 1529 ναληνότης,
551 1454 586 1507 ut
606 1463 682 1513 mox
703 1440 851 1505 dicemus.
894 1439 1047 1509 Ausonius
1069 1440 1109 1504 de
1129 1453 1218 1527 patre
1237 1464 1296 1521 suo

153 1528 279 1613 [Eidyll.
301 1528 343 1610 ll,
363 1529 434 1610 431:
460 1525 691 1615 Tranquillus,
714 1525 874 1605 clemens,
896 1525 1017 1603 oculis,
1038 1549 1136 1606 voce,
1162 1550 1224 1597 ore
1244 1550 1295 1601 εσ-

154 1637 275 1692 renum
301 1627 333 1679 at
361 1615 402 1678 de
428 1612 574 1697 iracundo
596 1610 741 1693 magistro
769 1611 856 1675 idem
887 1611 974 1693 [ibid
999 1611 1058 1692 IV,
1083 1613 1153 1694 14]:
1185 1610 1295 1679 tristis

154 1700 249 1765 senio
263 1724 324 1765 uec
337 1720 578 1773 vocemmeam
601 1698 658 1763 sed
669 1698 781 1763 melius
800 1699 981 1784 expriment,
1003 1697 1076 1784 quid
1084 1698 1124 1786 sit
1141 1721 1212 1763 υοπ
1225 1710 1295 1765 uois

154 1808 297 1864 sereno,
322 1787 476 1853 Plutarchi
494 1789 589 1850 verba
609 1786 688 1856 libro
710 1783 858 1849 adversus
880 1783 1022 1849 Colotam
1043 1783 1231 1871 Epicureum
1253 1784 1294 1873 [p.

159 1877 242 1938 1117
257 1872 319 1954 A.]=
339 1873 405 1941 τίνι
419 1870 650 1955 προσείπωμεν
664 1865 763 1948 οίξίονς
778 1864 916 1951 ὀνόματι
928 1866 1008 1945 eosic
1020 1862 1204 1954 ὑμετέρους
1218 1866 1297 1955 βρό-

154 1979 222 2040 μου
236 1956 293 2027 καί
313 1953 521 2041 όλολνγμοός
542 1955 599 2023 καί
614 1951 891 2041 κροτοθορύβους
909 1952 966 2023 καί
981 1953 1128 2038 σεβάσεις
1148 1954 1207 2027 καί
1229 1952 1296 2025 ἐπι-

153 2039 315 2123 θειάσεις,
351 2036 403 2121 alc
431 2037 658 2125 προτρέπεσθε
684 2039 740 2107 καί
768 2046 971 2124 καθυμνεῖτε
999 2036 1060 2107 τόν
1086 2036 1139 2129 ἐπί
1168 2037 1299 2127 ἡδονὰς

154 2132 423 2209 παρακαλοῦντα.
465 2129 588 2193 Romae
608 2150 683 2193 vero
697 2129 886 2213 temporibus
900 2127 995 2191 Persii
1008 2128 1221 2209 ingensamor
1235 2142 1298 2194 erat
1315 2206 1319 2211 Ι

153 2224 276 2280 tenerae
286 2227 376 2302 atque
391 2216 605 2279 effoeminatae
616 2215 713 2279 vocis.
736 2213 854 2277 Seneca
864 2212 1196 2300 paterControve'rsiur·
1218 2216 1301 2305 libro

153 2301 255 2387 primo
279 2300 435 2382 [Proocm.
459 2324 491 2388 p.
511 2306 551 2367 61
573 2322 619 2385 sq.
639 2298 740 2386 Bip.]:
769 2295 950 2363 cantandi
966 2298 1125 2364 saltandi
1146 2323 1187 2367 ue
1207 2322 1300 2371 nnuc

154 2384 322 2452 obscoena
342 2386 459 2451 studio
480 2409 497 2450 e
527 2384 715 2455 seminatos
736 2393 867 2451 tenent.-
889 2395 922 2448 et
942 2383 1107 2472 capillum
1121 2323 1299 2474 drangas-s

104 2482 139 2539 68
156 2481 189 2535 et
202 2471 252 2536 od
268 2471 446 2553 muliebres
461 2470 480 2536 l>
496 2471 650 2535 ondilius
663 2492 781 2535 uocem
799 2481 998 2549 extenuare,
1021 2470 1163 2537 mollitie
1176 2495 1298 2561 corpo·

26 2564 29 2569 '
144 2556 204 2621 'ria
219 2550 355 2623 certare
369 2580 445 2623 curn
455 2556 618 2639 foeminis
633 2565 664 2621 et
676 2555 961 2620 immundissimis
976 2579 1011 2621 se
1027 2555 1176 2623 excolere
1197 2580 1299 2627 ntun-

155 2640 251 2707 diutia
275 2652 470 2707 nostrorum
493 2641 756 2709 adolescentium
776 2641 946 2726 specimen
966 2651 1023 2707 eal.
1076 2642 1173 2725 Igitur
1193 2644 1227 2707 e't
1247 2646 1299 2731 qui

152 2730 319 2793 recitabant
332 2742 384 2792 aut
399 2729 626 2807 declamabant,
646 2728 804 2791 ueletiam
818 2749 938 2791 caussas
952 2725 1103 2808 dicebant,
1126 2733 1299 2812 cantabant,

153 2826 188 2877 ut
199 2828 294 2900 saepe
306 2817 438 2900 queritur
453 2813 675 2895 Quintilianus3
697 2825 729 2878 et
744 2814 796 2898 qui
810 2816 1033 2893 acclamabant,
1053 2816 1170 2881 inflexu
1182 2817 1299 2885 modu·

153 2901 275 2965 lationis
288 2902 480 2986 turpissimae
497 2922 610 2965 vocem
628 2902 819 2984 torquebant,
839 2899 985 2985 ipsaeque
1001 2900 1236 2969 acclamationes
1249 2904 1300 2967 in-

153 2997 216 3050 star
232 2988 485 3051 mollissimorum
500 2987 685 3065 canticorum
704 2996 788 3048 erant
800 2998 985 3072 conceptae:
1008 3007 1067 3072 qua
1087 2986 1130 3057 de
1147 3010 1183 3055 re
1202 2992 1299 3052 multa

152 3072 226 3137 alibi
247 3072 435 3137 dicebamus.
477 3071 568 3135 Extat
582 3071 694 3136 Dionis
709 3070 924 3153 Chrysostomi
938 3074 1050 3152 oratio,
1074 3095 1133 3158 qua
1146 3078 1299 3160 populum

153 3157 392 3223 Alexandrinum
413 3159 590 3239 gravissime
612 3159 750 3239 objurgat
769 3169 895 3244 propter
917 3158 1033 3221 similes
1054 3162 1298 3242 acclamationes,

154 3244 263 3330 quibus
277 3248 460 3309 resonabant
473 3267 580 3307 eorum
596 3245 714 3306 theatra
735 3245 837 3306 omnis
853 3244 1068 3311 obscoenitatis
1087 3246 1277 3332 plenissima.

244 3327 330 3393 Cum
351 3328 513 3393 carmina
537 3327 689 3403 lumbum
710 3328 880 3409 Intraum]
915 3328 996 3393 Cum
1017 3333 1191 3397 obscoenus
1221 3332 1303 3407 reci-¹

120 3447 126 3459 ,
154 3425 234 3486 tator
259 3414 293 3477 in
322 3415 432 3478 animis
460 3413 649 3481 audientium
674 3415 804 3502 pruritus
827 3417 1000 3479 obscoenos
1026 3419 1186 3483 excitavita
1220 3421 1298 3483 haec

50 3561 53 3565 .
154 3501 238 3569 enirn
259 3501 308 3565 vis
336 3512 382 3564 est
403 3500 562 3563 carminis:
611 3521 684 3563 uere
705 3502 799 3564 etiam
822 3501 951 3581 medici,
980 3503 1013 3565 in
1033 3505 1083 3567 his
1103 3504 1219 3569 Paulus
1239 3504 1301 3568 de·

154 3586 274 3669 gineta,
304 3585 422 3650 disertis
446 3586 549 3650 verbis
571 3522 612 3651 ad
633 3585 826 3653 excitandam
846 3590 1044 3668 languentem
1063 3588 1224 3675 Venerem
1248 3592 1300 3657 vel

152 3673 349 3757 praecipuum
377 3671 550 3735 remedium
576 3672 783 3757 praescribunt
803 3664 1003 3759 Priapeorum
1032 3686 1063 3739 et
1088 3676 1200 3741 similis
1219 3674 1298 3763 poli·

153 3778 224 3821 scos
245 3759 368 3821 infamis
397 3757 553 3823 assiduam
578 3758 752 3821 lectionem.
796 3756 926 3823 Lumbi
949 3783 1067 3825 nomen
1093 3760 1255 3849 dupliciter
1280 3784 1299 3827 a

154 3842 270 3907 Latinis
292 3844 449 3930 accipitur:
477 3844 633 3925 angustius
659 3866 715 3931 pro
738 3865 776 3909 oa
796 3857 881 3930 parte
907 3849 1056 3932 corporis,
1090 3870 1171 3935 quae
1191 3850 1298 3935 spinae

24 3940 28 3951 ¹
152 3928 312 3993 inferiores
333 3931 467 4016 quinque
486 3933 641 3995 vertebras
666 3932 893 4016 complectitur,
920 3935 1000 3997 hauc
1021 3945 1142 3999 veteres
1162 3934 1300 3999 libidinis

153 4012 262 4077 sedem
283 4027 490 4097 agnoverunt,
519 4016 666 4102 ipsosque
695 4016 774 4080 adeo
795 4019 919 4080 lumbos
949 4041 966 4081 a
995 4019 1122 4082 libidine
1151 4043 1222 4086 esse
1245 4021 1298 4085 dc-

128 4131 131 4139 ·
153 4100 329 4165 nominatos
348 4124 414 4165 non
438 4114 484 4166 est
504 4122 585 4167 vana
605 4102 782 4183 hariolatio,
810 4125 884 4166 nam
906 4116 936 4167 ct
958 4101 1067 4169 Graeci
1088 4120 1296 4193 campartem

155 4181 261 4264 ίψόαν
281 4186 455 4270 nominant)
479 4189 523 4251 ita
543 4187 730 4251 describunt:
758 4184 856 4269 ψόαι,
889 4185 934 4255 δι’
959 4181 1008 4254 aiv
1039 4190 1075 4256 ui
1097 4185 1221 4275 ὀρέξεις
1249 4216 1295 4258 κι-

153 4275 288 4337 νεῖσθαι
308 4267 518 4354 cablaam.-
547 4295 587 4337 ox
614 4294 654 4336 eo
674 4271 782 4339 ίαιηόό
808 4274 891 4362 apud
912 4277 1072 4364 scriptores
1093 4279 1229 4345 Veneris
1249 4301 1295 4344 se-

154 4355 220 4423 des
242 4357 398 4424 luvenalis
431 4357 505 4440 [Vl,
526 4358 625 4443 314]:

573 4465 649 4515 cum
677 4443 765 4512 aihta
790 4444 920 4512 lumbos

241 4525 380 4596 Excitat
408 4529 510 4611 [edd.:
534 4528 688 4615 Imitutl.
