2700 4972
34 446 37 453 ,
159 377 223 440 ιιο
291 382 296 389 ·
543 332 950 443 communiamus

108 552 160 611 1⁵8
167 558 303 611 extremo
317 548 418 635 operis
430 559 532 610 contra
546 528 689 614 Celsmni
709 549 772 612 τοῦ
790 541 1049 631 ἐνταμχοίνοντός
1063 542 1133 613 ἐστι
1151 550 1204 655 aqi
1220 544 1298 615 ἐκεί-

38 664 41 677 ·
158 655 222 698 νον
243 627 478 716 ’συγγράμματι
504 631 560 698 καί
584 626 634 709 οἷς
661 629 754 716 ἡμεῖς
773 627 849 697 κατ’
875 628 984 698 αὐτοῦ
1011 627 1297 717 depressusque,

156 719 285 800 κρίναι,
307 713 450 800 ὁπότερα
469 721 595 801 μᾶλλον
615 723 693 782 πνεῖ
712 721 773 783 τοῦ
787 714 954 801 ἀληθινοῦ
973 722 1058 783 θεοῦ
1065 724 1088 780 .·’
1108 720 1195 807 quod
1217 722 1295 785 aliter

156 805 368 891 accipiendum
384 826 475 890 quam
495 804 577 890 apud
599 804 788 886 Dionysium
812 807 926 883 Halia,
957 827 1027 867 cum
1049 800 1295 893 Xenophontem
1329 864 1332 873 .

157 893 199 953 ait
209 894 304 955 πνεῖν
324 891 391 955 sive
413 886 566 973 ἐμπνεῖν,
588 893 648 952 hoc
669 902 715 952 est
734 889 774 952 ad
790 892 1000 953 sublimiorem
1021 892 1128 955 stilum
1142 894 1294 978 paululum
1325 890 1332 941 i

61 982 64 1003 '
156 977 316 1040 accedere:
344 969 407 1060 κᾷν
420 974 512 1055 nora,
537 977 633 1060 inquit
653 976 750 1061 [epist.
765 975 803 1037 ad
817 976 926 1060 Pomp.
942 998 971 1061 p.
990 981 1060 1054 131,
1086 979 1159 1056 10],
1185 974 1294 1059 dreyri·
1324 944 1332 1019 i

157 1061 411 1145 μαιβουληθείῃ
424 1058 484 1143 τὴν
499 1059 640 1142 φράσιν,
663 1055 778 1142 ὀλίγον
794 1056 993 1141 ἐμπνεύσας,
1016 1056 1128 1142 ὥσπερ
1143 1058 1293 1145 ἀπόγειος
1327 1030 1332 1085 ¹

157 1142 262 1231 αὔρα,
284 1142 405 1230 ταχέως
418 1144 622 1230 οβίννντοιιο
634 1146 689 1210 sed
707 1146 792 1231 quod
810 1149 879 1208 heic
896 1151 993 1210 verbo
1010 1144 1135 1252 afflari
1148 1148 1293 1230 significa-
1317 1186 1325 1195 ·

154 1246 219 1312 tur,
240 1233 273 1296 id
293 1231 403 1296 Graeci
416 1236 517 1295 solent
531 1234 700 1318 exprimere
713 1254 791 1295 voce
809 1237 1203 1315 προσαναχρωνννσθαι,
1244 1256 1292 1297 ua-

155 1321 182 1383 si
203 1322 337 1381 colorem
353 1320 486 1404 aliquem
506 1318 663 1380 induceret
682 1317 803 1380 assidua
825 1330 856 1381 et
875 1330 989 1380 attenta
1008 1320 1117 1383 lectio:
1132 1258 1291 1383 'ut'inqu

32 1450 36 1487 ,
68 1432 71 1442 ¹
97 1442 106 1455 ,
155 1404 428 1490 Symposiacorum
442 1403 592 1465 Plutarchi
607 1405 716 1488 [probl.
734 1403 763 1466 5.
786 1425 816 1487 p.
834 1403 908 1469 740.
926 1402 997 1484 E.]:
1019 1402 1076 1469 atri
1096 1401 1186 1484 πρὸς
1199 1406 1291 1471 τοῦτο

154 1490 281 1569 παίζειν
301 1486 383 1571 [τὸν]
411 1483 576 1553 Πλάτωνα
604 1491 644 1573 νῇ
660 1483 823 1581 Ὁμηρικῇ
850 1489 968 1574 νεανίᾳ
991 1485 1290 1575 προσαναχρωννύ-

127 1620 133 1633 ,
179 1597 264 1640 ενον.
394 1622 397 1635 .
1258 1632 1261 1645 .

84 1726 87 1743 ,
154 1599 178 1659 μ
243 1662 311 1727 124.
334 1660 473 1724 Ιναίιιαι
499 1656 739 1744 Eupolidem]
775 1659 994 1741 cogitandum,
1028 1683 1082 1723 cur
1109 1650 1315 1748 Eupolidem·

68 1808 70 1817 ,
153 1760 246 1813 vocet
260 1744 407 1826 irarum,
431 1769 523 1831 quem
539 1758 685 1809 testantur
701 1758 820 1809 veteres
841 1747 933 1808 critici
946 1747 1158 1811 remissiorem
1175 1758 1208 1811 et
1225 1744 1288 1813 Gur·

57 1870 60 1875 ·
153 1835 219 1896 tino
239 1834 334 1896 fuisse
356 1844 386 1895 et
405 1833 620 1918 Aristophane:
642 1832 718 1910 jocis
739 1833 823 1894 enim
843 1853 879 1893 ac
900 1833 1014 1895 salibus
1032 1830 1287 1919 abundassesqui
1328 1890 1332 1903 ,

154 1942 218 1982 non
233 1920 418 1981 conveniunt
433 1920 533 1997 iratis3
555 1916 611 2003 sed
624 1919 759 1980 scribunt
774 1919 825 1978 alii
845 1919 948 1981 aliter:
972 1918 1108 2002 primum
1119 1916 1287 2007 Aristoph-
1328 1908 1332 1963 f

153 2026 226 2067 nem
239 2003 410 2066 modestiae
419 2003 531 2088 aliquid
546 2015 580 2087 et
588 2003 740 2083 gravitatis
752 2003 848 2066 veteri
858 2003 1039 2066 comoediae
1046 2005 1197 2083 attulisse,
1208 2022 1287 2091 quum
1327 1996 1332 2049 ⁷·

154 2102 224 2152 ante
238 2091 248 2150 i
268 2094 271 2113 ²
287 2111 340 2151 um
354 2100 385 2151 et
398 2089 535 2152 Cratinus
550 2100 582 2152 et
594 2088 721 2173 Eupolis
737 2089 929 2151 contumeliis
942 2089 975 2149 in
989 2110 1100 2152 omnes
1112 2089 1287 2176 implessent,

153 2172 416 2255 πικροτερονκαί
429 2168 675 2255 αίσχοότερονῆ
691 2170 765 2236 ἔδει.
793 2172 860 2252 [sic
873 2170 1141 2254 Ἀριστοφάνους
1156 2172 1244 2258 βίον,
1260 2173 1287 2237 ir
1327 2234 1332 2253 ,

154 2259 342 2325 eddcharn.
360 2259 455 2323 Diod
468 2283 500 2346 p.
516 2259 593 2338 XV,
608 2257 670 2337 19.]
695 2258 742 2320 An
758 2258 890 2322 iratum
908 2257 984 2321 dixit
996 2283 1051 2345 pro
1068 2261 1148 2324 tristi
1159 2280 1198 2324 ac
1211 2280 1287 2324 sem·
1328 2258 1332 2307 ἵ

93 2340 96 2345 ’
151 2347 210 2411 ro?
236 2345 320 2431 quod
339 2347 509 2432 epithetum
529 2366 693 2408 commune
711 2354 758 2407 est
778 2346 935 2423 omnium,
964 2347 1017 2431 qui
1035 2347 1112 2409 vitia
1135 2347 1287 2433 repreheu·
1329 2410 1332 2415 ,

153 2430 253 2497 dunt?
295 2452 335 2493 an
357 2430 397 2493 ad
421 2430 607 2516 peculiarem
631 2431 764 2514 aliquam
785 2430 866 2494 illius
888 2433 1027 2493 fabulam
1050 2431 1195 2518 respicit,
1216 2434 1287 2511 cuius
1307 2424 1332 2497 .'

153 2517 349 2602 scriptionem
366 2537 454 2579 susce
477 2516 531 2578 erit
545 2517 661 2580 iratus?
685 2514 873 2604 [Componit
891 2527 969 2578 cum'
978 2539 1033 2595 eo,
1054 2516 1140 2603 quod
1159 2520 1200 2581 ab
1216 2518 1287 2581 Auo-
1328 2494 1332 2523 ¹

152 2624 239 2683 nym.
257 2598 298 2662 de
313 2539 611 2678 comoedidictum,
632 2623 704 2662 eum
718 2603 806 2664 πολν
826 2622 862 2680 με
882 2601 1002 2665 totto
1015 2623 1093 2680 ρον
1112 2599 1171 2667 καὶ
1183 2595 1287 2667 σκαιὸν
1329 2602 1332 2617 ’

153 2684 344 2770 ἐμφαίνειν,
366 2687 499 2751 Meinek.
523 2689 542 2750 l.
566 2690 584 2748 l.
607 2710 636 2772 p.
663 2692 715 2751 39.
763 2686 813 2749 De
829 2687 982 2773 Eupolide
995 2700 1116 2774 praeter
1133 2710 1233 2774 pauca
1246 2708 1287 2836 ap
1331 2728 1332 2759 ;

152 2773 235 2837 Pass.
261 2795 290 2837 v.
311 2773 446 2837 lllcinelr.
464 2795 495 2858 p.
514 2772 670 2849 35-59,
693 2773 790 2835 Lucas
812 2775 832 2838 l.
855 2775 890 2851 l.;
912 2776 1082 2854 fragmenta
1102 2775 1257 2857 collegite
1330 2770 1332 2845 Ϊ

150 2861 253 2938 juncto
276 2856 490 2923 Pheret-rote
508 2858 551 2920 Μ.
573 2857 711 2935 Ruukel,
734 2859 817 2942 Lips.
842 2859 945 2936 tere]

243 2941 467 3032 Praegrandi
481 2964 560 3004 cum
574 2943 677 3023 aene-J
697 2943 899 3029 Aristophane
916 2943 1035 3029 [utpote
1048 2964 1098 3029 ap.
1111 2945 1220 3010 Horat.
1233 2944 1287 3009 so

151 3028 176 3109 I',
200 3028 229 3107 4,
254 3037 282 3110 1,
309 3052 401 3116 quem
421 3031 543 3093 Persius
562 3028 647 3092 haud
669 3028 761 3092 dubie
783 3030 933 3115 respexit,
956 3050 1025 3090 cum
1044 3027 1171 3111 Cratino
1187 3044 1216 3095 et
1230 3028 1287 3095 Eu·

150 3115 254 3200 polide
269 3120 447 3196 conjuncto,
469 3117 546 3178 sicut
559 3136 606 3200 ap.
621 3115 731 3194 Vellej.
753 3112 777 3193 l,
805 3121 842 3178 16
865 3127 895 3177 et
915 3112 1119 3195 Quinctilii,
1140 3124 1168 3196 1,
1182 3115 1209 3201 §.
1225 3114 1288 3197 65]:

151 3197 244 3286 q'uem
257 3223 364 3264 senem
377 3213 469 3266 vocat
483 3204 524 3264 oh
541 3199 689 3262 monendi
710 3200 947 3286 increpandique
966 3211 1084 3285 partes,
1107 3218 1185 3286 quas
1204 3202 1288 3267 susti-

150 3299 202 3348 net
214 3286 247 3347 in
260 3289 371 3350 tabulis
394 3285 461 3368 [sed
477 3310 541 3348 non
553 3286 698 3349 convenit
712 3289 772 3348 hoc
790 3309 861 3348 cum
874 3287 969 3372 ipsius
988 3288 1288 3367 fabularumindole3

151 3368 282 3450 Poss.];
304 3373 347 3434 sic
363 3392 476 3433 cenem
487 3373 631 3434 Horatius
644 3384 735 3434 vocat
750 3372 916 3450 Lucilium,
939 3393 1004 3432 non
1017 3383 1142 3457 propter
1155 3385 1289 3451 aetatem,

151 3454 205 3519 sed
220 3468 343 3541 propter
350 3458 528 3537 gravitatem
541 3459 720 3536 argumenti,
735 3458 767 3519 in
781 3480 842 3543 quo
851 3479 885 3520 se
897 3457 1047 3519 exercuit:
1062 3478 1138 3521 nam
1146 3459 1289 3523 Lucilium

101 3552 152 3606 159
161 3563 275 3603 annum
291 3543 396 3605 aetatis
413 3539 522 3604 XLVI
541 3564 603 3603 non
620 3544 787 3606 excessisse
804 3545 889 3607 testis
912 3541 1063 3606 Eusebius
1079 3544 1114 3605 'io
1133 3543 1290 3609 Chronico.

152 3627 375 3706 [irtio-multum
398 3629 543 3705 excessit,
565 3626 793 3691 demonstrante
812 3628 939 3710 Bayli03
963 3650 993 3692 v.
1010 3627 1177 3694 Heindorf.
1186 3630 1236 3694 „ad
1250 3634 1291 3695 lo·

152 3734 222 3774 cum
234 3713 320 3790 Hor„
343 3712 406 3776 Sat.
419 3712 460 3790 ll,
482 3722 508 3791 1,
527 3714 578 3791 81,
600 3714 652 3798 qui
666 3726 780 3775 senem
797 3715 841 3778 ihi
861 3714 984 3800 propria
1003 3714 1229 3793 significatione
1247 3732 1293 3781 ac-

152 3798 236 3882 cipit,
261 3809 291 3859 et
314 3799 358 3861 Pl.
383 3800 599 3884 Aristophanes
620 3820 696 3861 vero
716 3798 757 3861 ad
778 3801 1040 3886 septuagesimum
1062 3821 1181 3864 aunum
1201 3820 1291 3889 propr

150 3884 222 3945 satis
239 3885 372 3963 accessit,
394 3897 428 3946 ut
439 3895 520 3947 recte
534 3888 598 3963 jam
614 3904 718 3948 senex
730 3890 914 3971 appelletur3
934 3882 1175 3982 praegrandia
1186 3900 1291 3966 autem,

60 3990 63 3995 ’
150 3969 221 4053 quia
237 3973 335 4048 major
350 3982 478 4055 utroque
496 3973 630 4034 aemulo.
673 3969 755 4035 Pass.
777 3995 806 4058 p·
825 3975 887 4040 355
910 3968 1094 4034 Lucillum
1108 3994 1232 4058 quoque
1246 3975 1291 4036 in-

148 4054 244 4134 telligi
280 4076 349 4117 osse
363 4055 472 4142 putat]

236 4076 384 4219 lienes]
407 4140 586 4222 Eleganter:
607 4138 737 4202 iratum
752 4140 966 4225 Eupolidem
976 4141 1096 4231 pallea
1107 4165 1165 4228 pro
1179 4140 1292 4207 studio-

150 4244 184 4288 se
200 4224 279 4287 adeo
294 4248 407 4305 versas,
422 4239 455 4289 ut
469 4229 618 4313 pallorem
632 4226 704 4289 inde
719 4230 878 4290 contrahas
895 4230 1002 4309 [recte:
1020 4240 1055 4291 ut
1062 4227 1201 4308 ardere,
1216 4226 1291 4292 hor-

148 4326 225 4372 rere
242 4308 394 4395 aliquem
401 4333 412 4386 3
434 4312 551 4398 optime
570 4311 610 4374 de
634 4314 694 4373 hoc
714 4316 810 4376 verbo
834 4315 896 4395 egit
913 4316 997 4378 Pass.
1010 4336 1039 4401 p.
1056 4315 1121 4380 356
1142 4314 1222 4400 sq.];
1246 4315 1292 4379 vel

150 4395 193 4457 sic
210 4398 331 4483 accipet
353 4399 553 4461 invehentem
570 4395 714 4461 acerrime
728 4410 830 4461 contra
845 4401 1004 4488 improbos
1017 4401 1100 4463 cives
1119 4412 1150 4463 et
1165 4401 1290 4465 vitiosos

149 4481 225 4561 legis
240 4477 397 4565 ἐμπαθῶς
417 4496 446 4548 et
463 4484 608 4564 afficeris,
637 4485 724 4568 quasi
743 4497 935 4571 praesentem
955 4498 1046 4572 teque
1070 4487 1175 4570 ipsum
1194 4488 1291 4550 incre-
