2700 4972
114 319 181 389 aaa·
476 310 886 423 oouuuurlrrus
984 366 1027 391 ,,

199 482 424 637 ῗσιιιιιιίιὶιιιιι
434 482 574 573 cupias]
597 504 676 549 eum
691 480 737 547 sil
748 478 813 547 tibi
826 480 932 573 gobio
947 491 1092 551 tantum

219 595 242 637 n
270 594 335 635 ocu
350 592 398 637 ιιι
667 596 670 601 ·
1191 612 1196 623 ·

114 663 192 723 baec
206 660 364 724 luvenalis
377 655 527 737 castigans
542 657 631 737 gulae
649 655 777 733 vitium,
796 676 867 727 rum
885 668 994 720 conus
1008 656 1138 723 Persius
1158 657 1250 723 inue-

114 757 167 832 pet
188 743 347 810 sordidam
372 743 607 830 pambnoniam:
644 738 701 805 sed
726 741 841 826 ubique
863 742 937 809 huic
962 745 1072 825 generi
1092 746 1249 809 hominurn

115 853 196 918 opus
209 832 269 894 isto
285 850 394 916 praeoe
417 838 459 891 to.
487 827 575 890 Nunc
587 846 663 892 vero
677 825 798 890 Persius
810 825 850 891 de
860 831 956 892 altero
970 851 1073 918 opum
1087 852 1146 895 usu
1158 833 1248 918 lnqui-

114 929 177 996 tur,
198 937 293 1001 quem
304 937 370 997 non
406 913 491 977 elinit
505 924 656 998 proventu
671 932 790 991 annuo,
812 923 846 974 ut
862 914 1010 998 priorem,
1040 916 1099 979 sed
1122 919 1246 981 necessi-

114 1014 176 1065 tate
191 1002 283 1072 a1niri
304 1000 437 1080 egentis:
461 1002 544 1075 cujus
569 999 662 1078 gratia
683 998 776 1059 etiam
792 998 916 1084 praedia
935 1004 1003 1063 vult
1021 1000 1123 1065 vendi
1142 1014 1173 1066 et
1189 1025 1246 1066 rem

3 1100 6 1109 ’
113 1089 243 1175 patriam
259 1086 419 1166 iinminui3
448 1081 618 1171 officium,
650 1077 691 1146 sd
713 1086 885 1165 καθῆκονι
916 1085 987 1149 heic
1007 1108 1069 1173 pro
1094 1090 1246 1152 occasione

114 1176 217 1238 oblata
230 1168 456 1236 benefaciendi
466 1167 524 1234 καὶ
538 1170 600 1235 τοῦ
614 1162 803 1251 εὐεργετεῖν.

107 1298 110 1303 ·
204 1253 318 1325 Trade
330 1257 456 1340 rupta]
476 1253 665 1335 Naufragum
688 1253 830 1325 describit
842 1253 875 1316 in
892 1256 972 1318 freto
988 1254 1098 1323 Siculo
1111 1262 1244 1340 iaculum

112 1354 146 1409 el
159 1343 211 1429 qui
228 1341 269 1406 ad
281 1341 417 1424 Scyllam
428 1339 555 1404 tandem
570 1341 660 1403 fuerit
680 1342 811 1419 ejectus,
831 1339 865 1401 in
883 1344 1066 1428 exemplum
1079 1342 1185 1428 egeni,
1203 1348 1244 1409 eni

111 1428 285 1493 necessario
297 1425 369 1491 dare
381 1425 496 1511 aliquid
509 1427 641 1490 liberalis
653 1427 750 1488 homo
763 1423 889 1492 debeat:
912 1437 943 1489 et
953 1428 1015 1491 hoe
1027 1452 1155 1519 quoque
1165 1454 1244 1519 pres-

59 1525 113 1585 439
120 1526 244 1602 oepurm
255 1532 350 1598 quam
363 1511 520 1591 divinum,
541 1532 636 1596 quam
650 1511 790 1592 religioni
802 1514 923 1576 nostrae
936 1519 1203 1585 consentaneum?

197 1602 251 1665 28.
274 1595 401 1662 Brutia
413 1617 503 1659 saxa
521 1594 668 1663 Prendil
681 1594 946 1684 autemsaepe]
968 1598 1104 1667 Videtur
1124 1606 1243 1669 ebusum

110 1683 150 1749 ad
166 1683 309 1766 Ulyssem
322 1683 537 1747 Homericumz
558 1681 614 1747 sed
625 1682 748 1747 Persius
758 1693 904 1768 tanquam
913 1687 1030 1749 factum
1041 1689 1148 1773 ponit,
1170 1688 1245 1777 quod

111 1771 166 1835 vix
178 1791 272 1857 posse
286 1770 354 1832 lieri
366 1781 398 1833 et
412 1769 489 1832 ratio
509 1772 620 1856 probat
642 1780 673 1831 et
693 1770 869 1853 exemplum
888 1768 1007 1851 Ulyssis
1031 1792 1050 1835 a
1096 1772 1244 1841 dHome-

17 1856 37 1921 ι’
65 1890 68 1899 ·
110 1875 195 1919 rums
216 1876 291 1917 nam
302 1856 354 1919 ille
361 1875 436 1919 saxa
443 1853 594 1941 prendere
604 1855 730 1940 cupiens
737 1853 976 1935 malemultatur,
990 1854 1036 1937 [Ο
1084 1854 1243 1949 ‘emuli

201 1941 272 2004 Τοῦ
286 1935 350 2023 γὰρ
367 1936 451 2021 πρὸς
463 1935 602 2024 πέτρῃσι
614 1936 803 2019 θρασειάων
815 1934 883 2007 dud
896 1944 1020 2023 χειρῶν

193 2022 296 2090 ‘Persi
308 2020 544 2113 ἆιιέδρυφθεν·
565 2022 625 2090 τὸν
639 2021 675 2089 δὲ
691 2022 774 2108 μέγα
784 2024 874 2108 aspa
886 2021 1049 2105 κάλυψεν.

8 2140 11 2153 «
111 2108 153 2175 Et
167 2109 313 2193 Virgilius
326 2111 504 2175 Palinurum
517 2111 649 2196 periisse
656 2111 736 2173 canit
758 2111 843 2191 [Aen.
858 2108 914 2192 VI,
929 2112 1025 2194 3601:

239 2194 472 2262 Prensantem
487 2195 586 2260 uncis
599 2193 760 2259 monibus
773 2193 894 2281 capita
905 2217 1034 2282 (aspera
1050 2198 1189 2265 montis.

195 2288 247 2348 30.
270 2279 434 2371 Ingentes
446 2278 490 2344 de
502 2301 618 2369 puppe
633 2278 712 2362 det]
733 2280 918 2346 Notissimus
928 2305 999 2347 mos
1013 2289 1079 2365 jam
1090 2288 1241 2351 omnibns:

108 2387 182 2430 nam
199 2368 249 2429 cui
266 2368 455 2431 eruditorum
474 2390 537 2430 non
559 2367 657 2430 dictus
680 2367 731 2429 hic
751 2368 849 2449 Hylas
869 2370 907 2431 ab
928 2370 1016 2434 annis
1035 2373 1177 2459 aliquot?
1198 2373 1241 2455 [r.

107 2450 207 2515 Plum.
219 2463 285 2515 not.
299 2451 314 2484 *
335 2465 366 2516 et
381 2450 486 2516 laudd.
503 2453 616 2534 Web]
637 2452 778 2515 meminit
790 2453 884 2516 etiam
897 2454 940 2516 Hi
960 2469 1120 2540 poenales,
1138 2459 1171 2523 in
1183 2460 1241 2546 epi-

74 2606 78 2613 ,
106 2540 185 2621 stola
198 2536 239 2600 ad
250 2537 456 2619 Damagelum
469 2536 604 2625 [utraque
612 2540 651 2601 ab
663 2538 757 2619 inis];
777 2537 928 2604 alludit'et
980 2542 1106 2623 egorius
1118 2542 1242 2611 Nurim-

105 2642 201 2687 uenus
216 2620 331 2705 [Carm.
345 2622 391 2704 X,
407 2625 456 2705 51:
667 2687 671 2703 ,
1172 2704 1177 2713 Ι

235 2709 315 2793 Νῆα
329 2704 365 2773 dl
378 2702 623 2791 ιιοιιιοιιόρειιιν
637 2701 796 2794 ἐπῄνεσα,
817 2700 862 2773 οὐ
876 2703 1094 2795 παρασήμοις

225 2863 229 2871 Ἴ
280 2788 466 2873 Keil-issae,
486 2787 532 2861 od
546 2790 700 2878 πρύμνης
715 2788 834 2858 ἄνθεσι
846 2792 1077 2894 λαμπομένην.

191 2883 245 2944 81.
265 2875 373 2945 Nune
394 2876 486 2944 etde
506 2877 633 2968 cespite
655 2876 735 2945 vivo
750 2875 896 2967 Frange
918 2880 1091 2967 aliquid]
1119 2876 1244 2951 Viam

72 3010 75 3015 -
105 2961 274 3050 cespitem
295 2966 424 3053 opponit
443 2966 552 3045 messi,
580 2965 614 3029 id
637 2977 684 3030 est
701 2985 805 3028 annuo
828 2970 1009 3053 proventui,
1046 2981 1082 3033 ut
1105 2970 1242 3037 dinam

105 3048 285 3137 [Comparat
301 3050 347 3117 Pl.
368 3050 587 3119 Pelion-120:
619 3047 701 3117 Non
722 3049 812 3113 baec
836 3060 1006 3116 autumno
1030 3052 1141 3121 tallia
1162 3056 1244 3125 vitei

105 3134 251 3201 auratis
271 3133 399 3200 herbas
414 3134 585 3222 Cespite
603 3135 750 3201 laetus
767 3157 791 3199 a
828 3138 895 3217 en]

191 3226 242 3289 33.
264 3218 338 3285 Sed
357 3242 506 3286 coenam
520 3218 662 3311 funeris
685 3219 787 3286 heras
838 3216 972 3309 egliget
986 3218 1137 3311 iratus]
1165 3226 1243 3295 Tan·

84 3334 89 3351 ·-
102 3304 148 3387 git
160 3305 353 3391 quorundam
367 3330 531 3374 avarorum
543 3307 745 3388 dementiam,
767 3308 836 3394 qui,
856 3319 892 3371 ut
908 3310 962 3373 ille
975 3310 1020 3373 ait
1038 3312 1129 3399 apud
1152 3314 1243 3381 Sene·

104 3411 191 3469 mm,
213 3391 321 3455 heredi
342 3414 399 3456 suo
420 3406 582 3480 procurant
600 3396 704 3471 etsibi
719 3405 833 3474 negant
852 3395 967 3459 omnia.
1008 3392 1070 3461 Est
1081 3400 1243 3469 sanein&

103 3484 152 3538 tus
166 3476 258 3541 bonis
277 3480 422 3543 omnibus
441 3501 530 3544 amor
543 3501 618 3545 suae
629 3480 830 3569 posteritatis:
850 3478 907 3542 sed
925 3480 1067 3568 plerique
1082 3486 1241 3555 hominnm

102 3560 268 3626 heredibus
284 3564 348 3627 suis
374 3585 449 3650 opes
470 3568 652 3649 congerunt,
672 3588 736 3629 non
749 3567 888 3651 ipsorum
898 3586 1024 3648 amore,
1047 3588 1165 3637 rernm
1178 3576 1240 3661 quiin

101 3658 227 3728 aggesta
243 3650 333 3735 eopia
344 3651 500 3715 bononnn
511 3650 661 3733 gaudent,
682 3651 808 3738 quidam
825 3651 920 3714 eliam
936 3654 977 3716 ob
1000 3674 1075 3718 eam
1097 3680 1239 3739 caman,

123 3753 182 3807 uae
201 3733 272 3797 heie
291 3745 427 3817 notatur,
455 3736 541 3823 quod
559 3738 762 3801 mabilionem
782 3757 872 3800 suam
892 3738 970 3799 ultra
987 3752 1131 3807 mortem
1142 3758 1239 3811 exten-

102 3753 192 3881 iant:
213 3820 303 3881 multi
317 3822 419 3901 enim,
446 3824 499 3909 qui
514 3821 639 3889 sordide
657 3824 812 3901 vixeram,
836 3822 968 3886 efferris
990 3824 1123 3894 lendide
1142 3836 1238 3920 cupie-

45 3902 192 3988 Ιιςοῑιιιηῐ.
233 3902 279 3966 Ita
292 3916 379 3968 notat
389 3906 546 3975 luvenalis
557 3912 671 3973 multos
684 3910 780 3974 fuisse
793 3909 824 3971 in
839 3904 961 3994 oppidis
968 3845 1096 3995 italiae,
1117 3918 1171 4004 qui
1182 3916 1236 3983 n'vl

101 3997 207 4066 togam
234 4011 390 4076 nunquam
414 3992 593 4078 induerent,
628 3997 661 4058 in
687 3998 797 4059 funere
825 3991 954 4055 demum
982 4014 1023 4058 ea
1055 4016 1235 4069 ornaremus.
1278 4054 1280 4059 .

99 4068 260 4152 Ejusmodi
277 4087 323 4138 est
337 4079 478 4160 ambitio,
507 4085 591 4162 cujus
612 4082 682 4144 beic
702 4081 824 4145 Persius
842 4078 1004 4142 neminie
1037 4102 1167 4169 eorum,
1190 4086 1234 4177 qul
1278 4126 1280 4155 ι

99 4160 295 4239 verebantur,
317 4183 358 4225 ne
374 4186 484 4251 parum
496 4168 695 4249 magnificum
711 4167 770 4231 sibi
783 4170 875 4229 funus
893 4162 1071 4236 duceretur:
1100 4176 1233 4241 nomina-

98 4242 156 4305 tim
165 4263 241 4310 vero
255 4267 368 4310 coenae
383 4252 498 4317 limeris
511 4252 703 4317 mentionem
720 4253 808 4332 facit,
830 4250 901 4336 quia
919 4252 1124 4337 potissimum
1135 4262 1168 4324 in
1184 4262 1232 4325 rir-

57 4363 59 4367 ·
97 4330 533 4415 rumpotalionibusferab'bus
552 4349 584 4400 et
601 4338 701 4424 epulis
718 4335 954 4404 novendialibus
973 4340 1087 4410 laudes
1108 4344 1230 4412 defundi

98 4415 216 4481 recitari
233 4427 298 4480 erat
310 4421 422 4487 moris:
448 4422 535 4509 quod
555 4419 744 4490 Graecorum
765 4421 966 4513 proverbium
985 4435 1118 4500 testauu
1134 4433 1173 4501 de
1188 4454 1228 4513 ao,
