2700 4972
191 278 194 283 Ι
299 331 362 406 ΔΙ)
399 332 568 401 PERSII
603 334 825 403 stulttia
853 338 896 403 V·
1117 344 1182 409 Μ

130 508 202 571 186.
227 499 329 569 Tolle
344 525 461 571 reseas
473 503 611 592 primus
623 506 726 594 piper
739 527 756 568 e
770 505 911 571 sitiente
925 504 1082 593 camela]
1102 510 1180 577 Pro..

69 610 113 653 era
128 588 343 655 Alexandriam
363 595 414 656 rel
431 591 469 654 ad
486 594 543 655 alia
559 592 695 656 Orientis
714 594 867 679 emporia,
889 615 950 680 quo
968 596 1057 683 piper
1078 596 1180 662 defer-

70 677 243 739 rcameiis:
263 698 337 739 nam
353 676 490 741 Romam
510 680 588 740 mari
606 679 792 743 deferebant.
836 678 1076 764 Morem‘tangit
1096 704 1179 747 mer-

69 774 187 843 aarum,
207 760 305 846 quiin
316 785 354 825 eo
369 766 420 828 rel
434 765 630 850 praecipuam
645 764 735 843 lucri,
757 764 841 868 puod
855 766 992 845 inhiant,
1010 766 1103 855 “spem
1119 791 1178 855 po-

69 858 125 925 mt,
147 847 173 910 si
185 846 278 933 primi
297 870 393 929 genus
415 848 538 935 aliquod
561 851 670 915 mersis
688 851 1002 939 possmt'importure.
1045 854 1179 925 Lucilius
1207 855 1213 869 ¹
1264 926 1268 937 ¹

69 934 89 1013 I,
108 936 185 996 fud
208 934 391 998 exemend.
412 933 551 1015 Scalig.]=
787 962 791 969 ·

122 1014 236 1080 Sicuti
254 1040 332 1083 aum
381 1019 587 1105 casprimus
601 1019 752 1109 propola
773 1028 927 1085 recentes
972 1048 977 1059 ·

125 1100 256 1169 Attulit
277 1104 330 1189 [ed
353 1130 377 1171 .:
399 1103 568 1187 Pratul.]‚
598 1115 633 1170 et
646 1105 762 1192 pretio
784 1105 921 1197 ingenti
935 1102 999 1173 dat
1011 1104 1178 1195 primitu’

69 1256 75 1263 .
855 1213 969 1257 aucas.

69 1270 167 1338 t'tieaa
181 1271 338 1338 camelus
352 1296 416 1337 non
438 1274 615 1364 simpliciter
633 1214 855 1358 πολυδίψιοςξ
869 1278 925 1343 sed
945 1277 997 1365 qui
1016 1277 1177 1347 sitim-,diu

69 1362 160 1441 ierat,
183 1362 277 1424 etiam
297 1360 337 1422 ad
353 1362 556 1448 quatriduum.
578 1363 666 1440 [Plin.
681 1362 769 1442 VIII,
785 1364 848 1444 ta]

124 1452 197 1511 157.
228 1440 338 1511 Verte
363 1444 526 1533 aliquia]
560 1446 710 1534 Exprimit
733 1450 933 1531 satagentium
961 1459 1174 1532 mercatorum,

69 1532 143 1595 nnis
155 1550 216 1618 'spe
235 1543 265 1595 et
277 1531 421 1595 aviditate
437 1534 511 1595 lucri
531 1530 742 1599 molientium:
765 1543 899 1599 vertere
924 1556 989 1599 rox
1013 1535 1180 1615 agrestia,

69 1641 102 1700 e;
125 1630 203 1681 terra
225 1619 310 1680 enim
324 1619 450 1681 vertitm
467 1617 633 1699 fodiendo,
655 1617 783 1699 arando,
806 1619 960 1699 accendo,
981 1620 1176 1706 pastinando,

69 1706 101 1767 iis
123 1703 245 1784 modis3
267 1706 318 1767 rel
342 1702 418 1765 dixit
438 1713 533 1767 verte
553 1727 608 1807 pro
631 1718 750 1784 averte,
774 1705 808 1768 id
826 1716 874 1770 est
895 1704 1023 1791 decipe,
1045 1707 1176 1769 eircum-

69 1791 151 1854 ribe:
173 1786 259 1868 (ideo
280 1790 415 1874 sequitur
423 1788 529 1878 jara,
554 1789 587 1851 rd
604 1802 652 1853 est
693 1795 788 1870 ejera:
809 1792 941 1879 simplex
963 1812 1020 1878 pro
1044 1812 1177 1878 campa-

69 1876 106 1957 ο)
125 1886 160 1937 ut
177 1873 259 1960 apud
275 1873 454 1939 Ciceronem
471 1876 503 1937 in
518 1876 650 1938 Verrem
670 1812 808 1952 [divinat.
826 1882 865 1942 17
880 1879 983 1957 extr.]:
999 1879 1174 1962 pecuniae
1244 1896 1257 1913 ‘

69 1968 177 2024 rrtem
191 1957 240 2021 ad
256 1980 292 2021 se
305 1969 449 2023 vertere.
485 1958 732 2041 [intelligendum
746 1974 853 2048 putem
866 1961 907 2026 de
921 1962 1076 2026 vertendis
1089 1984 1175 2027 mer-

69 2068 129 2112 sus.
151 2046 248 2121 Plaut.
264 2044 383 2109 Curcui.
394 2045 450 2121 lv,
468 2052 496 2125 1,
512 2051 572 2113 23:
599 2041 635 2111 V
636 2046 671 2110 ei
687 2045 747 2132 qui
759 2045 829 2133 ipsi
842 2055 996 2126 vortant,
1018 2046 1102 2135 quod
1118 2070 1174 2111 ex-

69 2134 125 2195 iaat
139 2129 294 2198 Groneia
316 2133 368 2217 qui
380 2142 499 2196 vertant
511 2153 547 2195 ac
561 2144 681 2197 mutent
694 2155 828 2214 merces,
852 2134 1062 2199 minucuarii
1074 2155 1174 2215 nego-

69 2230 85 2281 d
106 2239 166 2281 1¹OE-

85 2240 106 2283 0
117 2220 229 2383 iuda]
250 2301 309 2366 Pro
331 2306 451 2389 pejera,
473 2315 507 2365 ut
520 2301 653 2367 diximus
674 2302 768 2383 [certe
786 2325 842 2389 pro
861 2302 950 2366 facile
972 2313 1003 2365 et
1015 2300 1082 2366 sine
1096 2304 1173 2366 hae-

69 2390 173 2453 atione
183 2389 281 2469 jurs]:
302 2410 376 2490 nam
397 2388 651 2453 minim0.minus
670 2390 795 2452 interest
812 2391 891 2451 inter
908 2409 962 2451 sae
985 2410 1003 2451 e
1022 2392 1173 2490 jurantem
1273 2396 1291 2415 ⁸·

69 2472 1225 2647 ‚iiiiiidegiffiipiiffnaiiitiiiibii‘iiiiiiiiiit„2⁴⁴³

69 2640 254 2731 diuidua:
271 2644 332 2730 qui
344 2667 448 2732 saepe
457 2645 571 2729 jurat,
582 2666 630 2733 pe
641 2646 727 2708 ‘erat
743 2653 777 2708 et
790 2642 917 2731 impias
934 2643 1171 2727 est.[Addel‘l.]

117 2729 191 2795 Sat
200 2728 340 2817 Jupiter
358 2730 497 2795 audiet:
519 2669 703 2813 eheusEn
724 2731 870 2797 miseram
887 2728 1096 2794 conditionem
1109 2732 1172 2793 ho-

69 2817 142 2898 inis,
163 2838 257 2925 ‹puem
275 2818 308 2881 in
329 2817 449 2881 diversa
470 2817 589 2903 rapiunt
611 2816 746 2918 pigritia,
767 2817 892 2881 avaritia
911 2827 941 2879 et
959 2828 1060 2879 metus
1079 2837 1173 2903 supe-

69 2924 119 2969 m:
141 2924 180 2969 το
194 2900 263 2967 heu
276 2903 528 2990 praecedentibus
539 2906 623 2984 jungr
639 2902 747 2982 debet,
769 2924 832 2969 non
845 2902 1054 2987 sequentibus.
1091 2900 1171 2979 [Ima

69 2990 191 3075 saptius
204 2988 400 3070 adjungetur,
421 3000 455 3051 ut
468 2988 619 3052 Avaritiae
635 3008 766 3073 persona
785 2988 963 3051 misereatur
980 2987 1115 3049 hominis
1131 2985 1171 3050 ad

71 3098 170 3225 ⁰pirae
193 3078 279 3177 jubet
294 3097 359 3137 nou
379 3075 484 3161 parati.
527 3074 619 3137 Multi
639 3070 738 3137 Codd.
759 3073 832 3136 Ach.
856 3085 887 3137 et
906 3074 961 3135 ab:
982 3068 1064 3135 Heu
1077 3070 1171 3175 Heu³

69 3157 887 3397 pattribuerittritta?
904 3158 1037 3331 tter
1053 3169 1172 3333 tittffl
1251 3276 1254 3281 -

118 3333 191 3485 tad.
218 3410 255 3481 V
254 3438 329 3495 aro,
352 3416 573 3503 regustatum
588 3410 701 3503 digito
716 3410 896 3495 terebrare
910 3408 1066 3477 salinum
1079 3408 1170 3477 Gon·

69 3513 144 3567 utus
159 3506 329 3591 perages]
353 3501 468 3565 Omnia
482 3502 668 3588 exemplaria
679 3500 810 3587 simplici
830 3519 846 3558 r
863 3492 902 3563 V
899 3520 990 3579 aru„
1001 3520 1105 3595 cuma
1128 3498 1171 3562 ud

69 3636 75 3653 .
104 3588 242 3655 Tullium
278 3600 308 3652 et
336 3590 414 3653 alios
441 3590 503 3655 hoc
531 3608 647 3651 nomen
678 3588 825 3650 scribatur
856 3605 968 3649 varro.
1036 3584 1084 3649 Lu
1101 3586 1171 3663 “us
1203 3654 1206 3659 ,

69 3688 147 3739 tcert·
169 3676 210 3740 43
234 3698 244 3741 ι

120 3754 162 3825 V
159 3675 326 3823 arianum
339 3780 383 3825 ac
397 3752 558 3846 rupicum
575 3776 739 3821 searrosa
762 3751 942 3831 incondita
957 3762 1083 3819 rostra.

69 3871 94 3911 rc
105 3846 196 3934 pauci
208 3847 276 3929 libri
290 3857 371 3925 sunt,
390 3847 444 3910 ubi
455 3844 593 3909 scribitur
602 3838 719 3925 Baro,
741 3863 820 3927 quae
841 3864 905 3907 vox
916 3844 1044 3906 barbara
1061 3841 1095 3902 in
1113 3861 1170 3903 an-

71 3934 120 3998 uis
133 3933 252 4014 legibus
263 3930 450 3995 Francumm
465 3942 496 3993 et
506 3930 745 3993 Alemannarum
756 3949 876 3991 marem
887 3928 1052 4008 significate
1073 3924 1170 3989 hodie

69 4015 245 4106 'Campania
270 4030 301 4081 et
320 4020 387 4081 ahts
408 4014 525 4082 Galbae
547 4018 622 4079 lucrs
646 4016 790 4077 muheres
809 4034 882 4077 suos
902 4014 986 4078 viros
1006 4012 1169 4074 nominant
1293 4066 1296 4071 .

69 4126 199 4169 tronea:
219 4101 276 4168 sed
296 4106 398 4184 legant
416 4100 547 4167 studiosi
560 4121 638 4187 quae
654 4097 694 4165 de
710 4100 760 4163 his
775 4099 903 4165 vocibus
920 4119 1025 4163 varro
1040 4109 1071 4161 et
1084 4095 1168 4160 baro

69 4194 87 4255 ‚i
106 4191 357 4278 praestantissimi
377 4186 569 4251 adnotarunt.
614 4184 674 4265 [V.
697 4182 801 4249 laudd.
820 4205 871 4270 ap.
890 4184 936 4248 ΡΙ.
957 4183 1168 4263 cotalonga

69 4278 153 4341 trimi
170 4288 201 4339 et
217 4276 388 4341 vetustissz
416 4268 527 4351 Vara,
550 4270 589 4335 de
605 4292 666 4357 quo
685 4274 722 4335 cf.
737 4269 782 4334 ΡΙ.
799 4282 864 4334 nat.
877 4266 931 4351 **.]
975 4269 1091 4333 Sensus
1104 4278 1167 4332 est:

82 4366 190 4442 stulte,
218 4362 246 4426 si
263 4362 409 4465 pietatem
430 4381 533 4439 curas,
555 4357 750 4445 permanebis
769 4355 1000 4443 adempsnper,
1028 4364 1062 4415 ut
1087 4355 1168 4416 bens

69 4472 133 4514 :um
153 4448 204 4531 agi
225 4446 530 4526 existimamus-sis,
561 4444 589 4509 si
611 4441 804 4533 pulmentarii
827 4445 897 4505 losa
917 4443 1015 4506 salem
1035 4441 1167 4505 habeas:
1253 4454 1258 4463 ’
