2700 4972
206 1226 553 1365 rsaa‘cus
629 1271 1167 1365 easaussonus
1268 1232 1314 1245 ”

480 1497 945 1563 teutolus·

568 1712 762 1723 .....-.--—-
767 1713 774 1718 -

100 1822 268 1932 Veterum
298 1870 470 1934 criticorum
497 1876 618 1936 notulas
647 1873 679 1934 in
702 1871 746 1933 A.
772 1870 911 1933 Persium
940 1892 958 1932 a
986 1869 1076 1935 Petro
1103 1870 1242 1950 l‘itboeo,

98 1959 167 2022 viro
193 1978 308 2035 magno
330 1968 362 2018 et
380 1956 485 2037 judicii
506 1958 744 2039 castigatissimi,
773 1968 928 2041 excerptas
951 1956 1026 2019 olim
1048 1977 1083 2017 ac
1106 1957 1243 2041 publica-

98 2055 145 2106 tas
167 2041 297 2103 editioni
316 2043 388 2106 huic
410 2055 532 2106 nostrae
552 2043 738 2123 adjiciendas
760 2055 812 2115 tua
835 2043 944 2122 gratia,
970 2044 1080 2104 Lector
1104 2040 1242 2122 candide,

98 2129 290 2229 curarimus:
315 2128 453 2229 primum
474 2130 545 2213 quia
563 2130 660 2193 Persii
687 2131 751 2192 vita
776 2130 836 2192 illis
864 2130 998 2214 praelixa
1027 2140 1074 2191 est
1093 2130 1172 2189 lectu
1194 2127 1243 2190 di-

98 2216 262 2296 gnissima,
303 2235 372 2278 srvc
399 2216 439 2277 sit
465 2218 531 2294 ejus
562 2228 666 2279 auctor
691 2215 832 2278 Valerius
867 2215 999 2291 Probus,
1038 2224 1071 2274 ut
1098 2216 1243 2299 pleraque

98 2299 289 2385 exemplaria
308 2302 430 2386 antiqua
451 2312 611 2381 testantur,
633 2303 699 2365 sive
713 2302 808 2378 alius3
839 2297 952 2361 deinde
965 2310 1086 2371 autem,
1111 2298 1196 2383 quod
1208 2300 1242 2360 in

96 2388 148 2449 bis
171 2386 308 2472 pauculis
335 2388 416 2449 notis
443 2387 580 2451 invenire
612 2399 657 2450 est
685 2388 829 2447 rtonnulla
858 2386 1004 2470 exquisita
1027 2397 1057 2446 et
1078 2406 1156 2469 quae
1174 2389 1242 2446 l'ru-

96 2485 160 2535 stra
180 2472 256 2535 alibi
278 2494 422 2555 quaeras,
442 2475 557 2558 absque
572 2475 679 2557 quibus
690 2485 793 2534 tamen
812 2476 906 2549 foret,
929 2472 990 2533 loci
1005 2472 1117 2554 aliquot
1129 2470 1241 2556 poe‘tac

96 2560 191 2637 hujus
210 2560 264 2622 vel
285 2558 468 2621 doctissimis
485 2561 576 2620 futuri
597 2572 667 2621 sunt
687 2559 821 2621 obscuri:
849 2571 880 2618 ut
901 2559 940 2619 de
962 2559 1137 2640 antiquitate
1158 2560 1240 2634 ejus-
1331 2630 1334 2635 Ι

97 2642 189 2706 modi
224 2639 433 2726 σημειώσεων
470 2668 564 2706 nemo
592 2647 631 2707 sit
658 2648 723 2724 jure
754 2643 958 2719 dubitaturus,
989 2644 1040 2727 qui
1065 2641 1104 2703 ad
1125 2645 1240 2703 multo-

97 2751 170 2792 rtun
188 2741 270 2791 retro
291 2734 484 2793 saeculorum
506 2732 675 2793 barbariem
690 2743 720 2791 et
738 2730 921 2813 antiquitatis
933 2731 1034 2803 ‚totius
1055 2728 1240 2812 imperitiam

96 2816 238 2877 animum
258 2815 429 2879 adverterit.
474 2818 580 2896 Longe
600 2817 665 2879 istis
686 2817 826 2877 uberiora
848 2826 918 2877 sunt
932 2814 1139 2891 Scholiailla,
1161 2835 1240 2897 quae

95 2904 154 2965 sub
181 2902 302 2964 Annaei
329 2901 454 2966 cornuti
482 2904 609 2964 nomine
636 2906 675 2964 ab
704 2901 772 2962 Elia
799 2901 915 2963 Vincto
943 2900 1080 2962 Santone
1113 2899 1240 2983 aliisque

96 2998 168 3051 sunt
188 2985 284 3065 edita,
309 2989 419 3073 quibus
440 2992 535 3049 multa
555 2991 630 3050 item
651 2989 709 3049 alia
731 3000 907 3072 poteramus
936 2986 1078 3048 adtexere
1100 3007 1140 3047 ex
1160 2986 1239 3045 anti-

97 3072 166 3157 qtnb
182 3072 281 3136 Persii
309 3072 479 3152 codicibus,
511 3096 589 3158 quos
610 3074 740 3158 reperire
762 3085 808 3134 est
828 3074 943 3157 passim
971 3074 1003 3132 in
1025 3072 1169 3132 ormribus
1190 3072 1239 3133 bi-

97 3160 259 3221 bliothecis
280 3171 315 3223 et
334 3160 575 3223 interlinearibus
601 3159 790 3238 glossematis
813 3161 892 3219 bene
913 3161 1008 3219 sartos
1034 3168 1065 3219 et
1085 3157 1239 3235 rnargina-
1295 3222 1308 3233 ,

97 3244 177 3307 th
196 3242 444 3309 adnotationibus
466 3268 561 3331 prope
583 3248 734 3329 oppletos·
778 3241 843 3305 Sed
864 3265 965 3327 neque
984 3245 1052 3321 illa,
1082 3264 1159 3326 quae
1180 3264 1238 3327 pu-

95 3332 176 3393 blica
197 3332 266 3392 luce
285 3330 399 3393 donata
417 3344 488 3393 sunt
510 3335 548 3393 ab
571 3332 654 3409 aliis,
675 3352 774 3414 neque
795 3332 863 3409 illa,
898 3351 977 3413 quae
997 3330 1030 3390 in
1051 3329 1238 3390 membranis

95 3415 282 3481 metris'aut
303 3418 460 3480 clarissimi
481 3416 734 3499 emditissimique
755 3417 813 3478 viri
826 3415 935 3478 Jacobi
949 3414 1111 3494 Burgarsii
1131 3416 1239 3476 aliisve

94 3502 288 3580 invenimus,
311 3504 391 3565 tanti
413 3516 483 3565 sunt
501 3504 586 3583 visa,
614 3516 648 3563 ut
669 3505 708 3564 ab
730 3524 838 3563 eorum
859 3504 990 3564 lectione
1010 3504 1152 3579 juventus
1173 3511 1239 3562 stu-

96 3586 186 3651 diosa
213 3589 345 3673 paratior
372 3592 471 3651 mult'o
498 3600 605 3675 posset
631 3587 787 3650 discedere
814 3586 855 3651 ad
887 3584 1082 3666 intelligenda
1112 3586 1238 3669 siquae

95 3684 166 3737 sunt
191 3675 229 3736 in
251 3676 464 3761 satimgrapbo
492 3686 597 3738 nostro
626 3674 813 3737 difficiliora:
847 3695 947 3758 neque
974 3673 1057 3734 enim
1087 3669 1237 3751 ejusmodi

96 3771 197 3839 erant,
222 3780 305 3851 quae
331 3762 479 3825 hacteuus
506 3758 611 3824 videre
635 3761 724 3822 notris
747 3760 887 3838 contigit,
918 3771 952 3819 ut
976 3758 1085 3819 ruente
1103 3756 1155 3837 ¹de
1178 3757 1238 3817 illis
1325 3750 1329 3757 '

98 3844 196 3919 dicas,
217 3840 326 3909 zolii
347 3840 408 3929 piu
426 3840 545 3924 ἐσθλοὶ,
565 3842 765 3928 μεμιγμένα.
789 3843 895 3907 πολλοὶ
915 3842 952 3909 δὲ
973 3837 1096 3925 iered:
1122 3840 1177 3905 sed
1199 3842 1236 3902 il-

97 3928 280 4015 ludpetit'rs,
304 3926 395 3995 ἅπαν
413 3926 536 4014 ῥύπος,
557 3929 657 4013 ἔργον
679 3926 731 3994 ἐπ’
755 3926 857 4018 ἔργῳ,
879 3930 1086 4017 paucissimis,
1107 3931 1135 3992 si
1148 3932 1236 4005 forte,

97 4016 243 4101 exeeptis.
294 4016 360 4081 Sibi
388 4020 480 4099 igitur
516 4018 689 4104 quisquilias
722 4014 875 4096 ejusmodi
902 4018 1036 4079 habeant
1063 4017 1114 4099 qui
1143 4016 1236 4075 libros

98 4122 173 4203 rpo-
193 4115 305 4167 neruut
329 4106 389 4169 nisi
416 4108 501 4168 mele
528 4106 704 4181 aestimare,
740 4100 809 4168 ἐπεὶ
838 4099 971 4186 φθόνος
999 4096 1125 4179 οὐδεὶς,
1159 4092 1234 4175 παρ’

98 4208 196 4269 W
214 4206 261 4269 P&
559 4201 565 4210 “

565 4368 768 4379 ----ι--
