2700 4972
337 109 400 176 to
422 110 592 179 PERSII
613 109 836 181 struttu
856 115 903 182 II.
1137 124 1201 189 145
1228 146 1230 153 ’

65 326 77 355 -,
151 280 329 373 Quicquid
340 279 531 345 calcaverit
552 279 627 357 lric,
652 302 733 345 roca
744 278 837 370 fiat]
861 286 979 351 Votum
992 312 1048 376 pro
1063 294 1202 356 absoluta

67 370 212 434 omm'bus
230 370 367 433 numeris
390 370 547 447 felicitate,
572 389 666 454 quam
682 369 802 454 politice
821 375 1087 440 circumlocutione
1103 382 1204 464 expri-
1283 390 1286 395 '

66 456 138 537 mit3
158 456 192 517 in
207 456 306 542 prima
328 452 411 534 [38]:

100 606 104 613 ,
275 535 473 603 emoritur
490 534 562 600 illie
580 533 782 605 Nascantur
796 541 930 625 violae3
1050 564 1053 569 ’

68 623 253 691 Claudianus
265 626 298 688 in
314 624 406 688 leude
421 624 554 687 Serenae
578 624 657 702 [89³
681 628 714 706 .]:

328 734 333 741 ·
362 728 559 797 quocunque
572 728 638 793 per
655 648 800 777 derbem

151 791 343 881 Reptorec.
364 793 500 883 fluxere
513 815 613 858 rocco
622 818 634 868 ,-
905 870 908 881 Ι

64 879 155 963 εἰᾶθ’,
176 880 205 943 si
225 882 323 959 lubet,
346 879 512 945 'Animadv.
541 882 573 942 in
602 880 792 945 Athenaeum
811 883 888 946 libro
909 881 965 948 lv.
990 887 1087 973 capite
1107 883 1200 961 XIII.

64 963 110 1048 [et
123 965 225 1051 aliqua
239 987 288 1052 ap.
300 966 357 1047 Pr]
378 966 448 1030 Non
464 968 546 1029 male
559 967 712 1051 scripseris
723 963 800 1031 teir
807 991 820 1046 ,·
842 958 878 1033 τὀ“
885 963 962 1054 fiat
974 994 1029 1057 pro
1053 986 1204 1049 nascatur,

63 1063 97 1113 ut
112 1051 196 1139 apud
212 1048 345 1115 Graecos
361 1049 507 1135 γενέσθω
520 1074 576 1138 pro
591 1048 811 1137 γεννηθήτωι
923 1082 926 1089 ’
1185 1066 1192 1085 “

135 1141 203 1201 -39,
224 1135 295 1201 ‘Art
307 1158 372 1225 ego
387 1136 520 1203 nutrici
537 1158 605 1198 non
624 1136 751 1200 maudo
768 1140 879 1220 vota]
908 1141 1068 1221 Nutricum
1086 1145 1204 1242 praeci-

63 1244 142 1325 puus
154 1223 187 1285 in
203 1226 346 1286 alumnos
367 1226 510 1303 affectus,
537 1222 593 1286 sed
615 1223 773 1308 prudentia
792 1237 902 1311 quanta
923 1230 1002 1289 solet
1021 1230 1204 1291 mulierculis

61 1330 180 1387 messe,
203 1309 312 1394 quibus
324 1332 366 1375 ne
380 1311 511 1372 liberalis
532 1308 657 1393 quidem
678 1309 818 1373 educatio
842 1314 983 1393 contigit3
1012 1318 1120 1375 frustra
1142 1325 1205 1376 erat

63 1390 271 1480 chrysippus,
294 1416 364 1457 cum
377 1397 524 1478 nutrices,
546 1396 572 1457 si
584 1395 650 1455 fieri
661 1407 782 1479 posset,
801 1399 953 1482 sapientes
967 1402 1107 1483 optabat:
1130 1421 1204 1461 uam

63 1480 193 1542 omnino
208 1481 274 1542 fieri
286 1479 371 1543 haud
383 1492 493 1566 potest.
537 1479 694 1565 Optabam
709 1482 779 1543 illae
798 1482 888 1561 igitur
909 1484 971 1545 suis
992 1486 1122 1547 alumnis
1139 1507 1204 1546 non

62 1586 141 1651 quae
154 1576 226 1629 sunt
239 1580 313 1631 tere
331 1569 431 1645 bona,
453 1564 509 1629 sed
525 1586 603 1649 quae
618 1563 760 1627 videntur
772 1568 847 1652 ipsis
868 1589 951 1647 esse;
973 1570 1034 1630 hoo
1050 1572 1116 1630 vult
1130 1570 1205 1631 Per-

61 1650 142 1715 sius:
169 1652 284 1713 horum
304 1659 463 1738 parentum
486 1662 559 1716 vota
580 1650 690 1712 similia
709 1673 777 1714 esse
806 1655 964 1715 stultarum
986 1656 1204 1716 nutricularum

61 1738 144 1800 votis
163 1738 247 1815 male
273 1737 364 1801 sanis.
413 1736 530 1806 Seneca
558 1735 685 1821 epistola
713 1735 866 1800 XXXII:
897 1734 929 1799 O
954 1749 1113 1801 taverunt
1139 1738 1204 1802 tibi

62 1820 139 1883 alia
154 1830 323 1906 parentes
337 1819 406 1885 toi:
426 1820 488 1885 aed
497 1842 564 1908 ego
581 1829 702 1883 contra
723 1822 877 1884 omnium
893 1759 957 1886 tiit
977 1846 1097 1888 eorum
1120 1846 1202 1887 con-

62 1915 210 1970 temtum
232 1915 330 1994 opto,
355 1927 500 1995 quorum
524 1904 582 1970 illi
602 1904 749 1990 copz'trm.
799 1906 888 1977 Idem
906 1911 939 1971 in
961 1911 1039 1973 LXz
1061 1910 1203 1972 Etiam·
1313 1988 1317 1995 .

61 2014 147 2056 num
162 2000 283 2079 optas,
328 1990 479 2057 oodribi
491 1990 625 2078 optavit
644 1991 763 2054 nutrix
786 1995 872 2075 [tuo]
890 2005 952 2056 out
971 1994 1202 2093 paedagogus
1280 2058 1284 2069 ,
1305 1996 1308 2003 ’

61 2088 124 2142 aut
144 2078 286 2142 mater?
306 2014 477 2143 ivonctom
489 2074 678 2165 intelligis,
703 2088 871 2162 quantum
883 2079 1204 2181 molioptavermt?
1312 2160 1319 2173 ἢ

59 2187 137 2235 mox
150 2174 244 2229 vocat
258 2163 493 2227 execrationes
507 2173 711 2250 parentum,
734 2187 799 2227 non
818 2178 900 2229 vota.
943 2168 1040 2252 Atque
1058 2171 1107 2230 his
1128 2180 1270 2249 rer-(102)

60 2253 107 2315 bis
121 2252 220 2331 tangit
232 2250 324 2336 polita
337 2251 489 2330 insignem
502 2253 589 2314 illum
604 2251 768 2312 hominum
780 2272 929 2330 errorem,
951 2255 1003 2338 qui
1016 2266 1121 2338 putant
1134 2276 1201 2315 rem

42 2330 45 2335 ¹
60 2358 129 2401 mee
139 2338 264 2399 facilem
277 2347 307 2398 et
322 2338 416 2399 cuivis
429 2349 549 2415 notam,
572 2337 649 2399 scire
663 2334 737 2420 quid
751 2337 825 2401 sita
844 2336 914 2399 Deo
928 2338 1104 2424 petendum.
1127 2338 1203 2401 Per·
1219 2353 1271 2408 2u5

58 2422 123 2485 sius
135 2443 221 2501 vero,
239 2444 310 2483 cum
324 2434 415 2502 negat
427 2424 536 2485 nutrici
554 2445 589 2485 se
600 2433 674 2485 vota
690 2421 854 2501 mandare,
877 2425 937 2485 hoc
952 2425 1114 2504 significat:
1137 2447 1202 2486 non

58 2508 119 2571 nisi
136 2507 379 2595 sapientissimos
394 2508 476 2571 viros
494 2507 600 2570 orandi
621 2508 779 2573 scientiam
800 2519 920 2570 tenere:
943 2531 1021 2594 quae
1036 2522 1100 2572 erat
1117 2509 1202 2572 Sto'i-

59 2615 167 2655 corum
188 2594 354 2671 sententia,
375 2605 494 2656 utente
516 2594 665 2669 diximus,
689 2603 720 2654 et
738 2592 873 2656 Platonis
891 2595 1000 2673 etiam,
1024 2599 1107 2675 cujus
1124 2597 1202 2658 liber
1271 2616 1274 2629 ·

57 2675 136 2761 περὶ
147 2676 333 2762 προσευχῆς
349 2701 387 2741 eo
402 2680 598 2764 potissimum
611 2688 743 2763 spectat,
773 2690 808 2740 ut
821 2678 1030 2743 difficultatem
1052 2683 1142 2760 hujus
1156 2683 1201 2744 rei

58 2786 115 2828 nos
137 2763 258 2827 doceat.

142 2852 198 2917 40.
222 2846 381 2935 Negato,
408 2846 589 2936 luppiter,
625 2848 711 2912 hacc
734 2846 808 2920 itt,
838 2846 995 2934 quamvis
1014 2859 1048 2911 te
1074 2846 1197 2911 albato

59 2932 220 3037 rogarit]
243 2932 281 2997 Id
294 2935 455 3014 significat:
476 2940 552 2999 haec
568 2949 641 3001 vota
658 2934 782 3015 indigna
796 2956 864 2996 csse
875 2934 1009 3018 quac'dii
1024 2935 1196 3015 exaudiant,

14 3080 17 3085 .
56 3042 172 3108 qmppe
186 3023 224 3101 ab
241 3021 390 3099 iisfacta,
412 3022 463 3105 qui
486 3025 567 3085 intus
589 3020 748 3099 sordeant,
776 3020 960 3083 extrinsecus
977 3022 1111 3106 speciem
1128 3024 1197 3107 pie-

55 3108 125 3170 tatis
137 3127 214 3192 prae
227 3127 264 3169 se
282 3108 396 3185 ferant,
419 3104 549 3187 albati,
570 3110 631 3170 hoc
647 3118 693 3169 est
709 3107 743 3168 in
759 3104 888 3168 candida
904 3117 934 3167 et
970 3106 1023 3171 ura
1037 3119 1132 3185 veste,
1156 3108 1200 3170 ad

55 3188 133 3257 deos
145 3190 292 3272 adibant,-
313 3202 348 3253 ut
360 3192 461 3255 sciunt
475 3215 594 3257 omnes.
636 3192 759 3286 Plautus
772 3189 915 3261 Rudente
932 3128 968 3270 [Ε
982 3188 1015 3266 Ι5,
1033 3198 1070 3258 11
1087 3192 1164 3278 sq.]:
1258 3248 1261 3253 ,

554 3314 557 3325 =
637 3297 854 3363 aequruevos
870 3284 950 3338 erat

142 3359 364 3435 Candidatus
377 3361 494 3437 venire
508 3361 745 3450 hootiotocque
757 3363 789 3442 [ε]
809 3362 858 3425 ad
870 3361 935 3423 lroo

139 3448 302 3515 Fanum:
326 3448 436 3528 [dole]
458 3444 637 3512 edicturm
659 3447 800 3521 modum
822 3470 891 3509 non
913 3444 1024 3509 veniri
1046 3443 1144 3507 rotet

54 3532 155 3616 [Adde
172 3535 229 3613 Pt]
252 3533 341 3597 Philo
355 3535 490 3599 iudaeus
504 3534 554 3599 De
572 3534 668 3601 Caino
685 3536 726 3621 [p.
744 3532 814 3611 124,
829 3532 886 3614 C]:
908 3535 1196 3615 λευχειμονοῦντες

54 3617 183 3701 nivale
201 3615 243 3683 τοὶ
263 3614 336 3704 ἱερὰ
353 3619 499 3704 βαδίζειν
519 3616 795 3699 σττονδάζονσιν,·
809 3610 1034 3701 ιῖκηλιδώτονς
1053 3615 1195 3700 ἐσθῆτας

55 3701 290 3789 ἀμπεχόμενοι,
326 3702 480 3770 διάνοιαν
507 3702 543 3772 δὲ
572 3699 837 3790 cenomannicae
872 3699 949 3786 ι’ἷχρι
971 3706 1039 3765 τῶν
1061 3698 1195 3767 ἀδύτων

55 3788 244 3879 εἰσάγοντες
257 3784 321 3856 ον’τι
335 3790 520 3857 αἰδοῦνται.

59 3894 61 3899 ·
94 3934 99 3943 ,
140 3874 311 3958 Quamvis
325 3884 359 3938 te
372 3875 496 3941 albata
510 3877 678 3966 rogarit]
705 3872 839 3939 Videtur
858 3869 992 3934 alludere
1015 3872 1052 3934 ad
1075 3878 1193 3934 sormu-

54 3958 125 4026 lam'
135 3985 281 4050 precum,
303 3983 382 4048 quae
399 3975 559 4052 tantopere
580 3961 719 4037 laudatur
738 3957 821 4048 apud
841 3957 1001 4020 Platonem
1027 3958 1076 4036 [in
1096 3959 1192 4022 Alcib.

55 4053 148 4114 altero
190 4054 274 4113 .9:
1278 4096 1285 4107 ε

139 4047 209 4199 zit
231 4048 385 4218 detriti,
412 4126 453 4196 τὰ
483 4132 544 4217 μὲν
573 4124 674 4197 toatt
702 4126 758 4194 τινὶ
785 4121 979 4211 εὐχομένοις
1004 4123 1061 4191 καὶ
1089 4122 1193 4195 alred
1291 4190 1294 4207 1

277 4240 282 4249 ·
337 4266 340 4273 a
574 4268 577 4273 .
848 4233 941 4289 κτοις
1087 4246 1090 4251 -
1206 4248 1210 4253 ·

96 4290 443 4361 Caecubrcomtmdl'ert.
490 4290 493 4295 ¹
556 4294 562 4305 '
775 4304 778 4309 '
879 4302 930 4377 ,lt
1060 4290 1091 4333 ''
