2700 4972
232 354 236 367 ·
330 352 927 479 'rorsrsrrsrrrrrnr
1011 432 1013 436 ,
1172 380 1215 447 ιι
1281 308 1323 349 ⁹

72 530 209 600 tissimus
227 530 309 601 odor
326 539 505 604 subsecutus
525 551 561 620 et,
581 560 637 628 per
651 539 725 606 ‘dies
751 563 816 605 non
833 541 958 610 modice
982 542 1122 612 durasse:
1148 570 1214 614 non

10 668 16 687 .
73 621 230 707 dissimilis
254 622 339 710 apud
358 624 552 689 Plutarchum
584 622 640 689 De
666 625 890 691 oraculorum
917 625 1059 713 defectu
1081 637 1212 701 namatio

72 705 111 770 de
127 708 185 771 illo
203 708 389 773 rniraurloso
413 713 556 791 homine,
586 732 626 775 ex
651 716 743 793 cujus
757 734 812 777 ore
835 716 987 801 loquentis
1013 721 1212 787 suavissimus

10 822 12 829 ·
72 792 151 855 odor
169 797 327 858 manabat.
364 794 507 874 [Versum
533 801 574 864 38
600 809 634 859 ut
658 800 796 885 spurium
819 800 1003 881 ejiciendum
1033 820 1214 870 censuerunt

72 877 202 943 Stieber.
225 892 258 944 et
276 878 429 965 Koenig.;
461 894 531 946 ante
553 883 660 945 limam
686 885 827 948 carminis
849 887 994 974 scripturn
1015 912 1083 954 esse
1099 891 1214 971 judicat

17 1028 29 1045 -.
71 962 171 1027 Plum.
194 987 226 1052 p.
240 970 282 1031 78
302 966 381 1030 duce
401 967 485 1031 Pass.
512 971 620 1055 p.135
636 991 699 1055 sq.;
722 982 820 1033 tuetur
839 973 871 1033 h.
895 974 917 1036 l.
936 975 1050 1056 Web,
1071 976 1128 1041 scd
1149 981 1210 1042 alio
1260 1024 1264 1039 .

69 1050 165 1113 velim
177 1063 359 1133 argumento
376 1054 507 1117 fecisset.
550 1052 646 1117 Recte
665 1058 729 1136 jam
744 1057 920 1121 observavit
933 1057 1001 1123 Cas.
1025 1059 1211 1127 elimacem

70 1156 138 1199 esse
157 1137 194 1199 in
216 1139 371 1218 irrisione,
422 1157 485 1202 uae·
499 1161 620 1227 quoque
639 1144 736 1205 verbo
760 1153 886 1224 augetur
906 1155 937 1207 et
958 1147 1047 1213 altius
1066 1149 1210 1232 insurgit:

12 1244 35 1283 .·
70 1220 151 1285 unde
167 1221 309 1286 ducendo
323 1236 387 1288 erat
400 1162 561 1305 defensio]
1267 1276 1269 1285 ,

10 1304 23 1353 l
153 1312 208 1373 39.
229 1307 657 1399 Fortunatoquescivilla.]
682 1307 890 1396 Κκτλχρησις
910 1316 943 1379 in
961 1337 1041 1381 voce
1054 1313 1209 1403 saville:
1271 1368 1273 1372 ,

10 1356 31 1561 ι
68 1412 124 1480 pro
161 1394 192 1457 ‘e
205 1394 359 1500 enim‘est
378 1396 453 1462 cinis
467 1397 581 1461 calidus
595 1401 707 1462 fovens
722 1397 827 1478 ignem
847 1411 894 1480 et,
915 1413 950 1464 ut
967 1402 1080 1489 po'c'tae
1096 1403 1208 1488 dicunt,
1281 1491 1284 1499 V

10 1530 14 1543 .
69 1490 112 1543 σε
178 1501 201 1544 α
219 1500 268 1546 τιν
291 1501 336 1545 ο.
385 1512 389 1527 1

25 1566 29 1575 '
128 1500 207 1639 ⁰20.
229 1501 357 1643 Bidis,
381 1563 445 1644 ait,
466 1574 502 1630 et
514 1564 618 1631 nimis
633 1563 732 1629 uncis
740 1562 898 1632 Naribus
914 1567 1095 1660 indulges]
1117 1573 1208 1640 Nona
1278 1634 1281 1642 .

65 1670 153 1736 pers,
176 1651 211 1715 in
227 1674 286 1739 qua
304 1645 537 1735 ἀνθυποφέρει
550 1654 600 1715 hic
615 1656 768 1716 malorum
782 1675 955 1739 caussarum
975 1672 1121 1744 patronus
1139 1664 1206 1726 sine
1309 1738 1312 1745 ,

65 1758 175 1801 caussa
198 1737 337 1802 Persium
356 1739 529 1804 cachinnari
549 1750 580 1803 et
599 1760 666 1801 rem
683 1758 747 1800 non
772 1739 932 1803 ridendam
950 1745 1066 1808 ridere:
1092 1749 1206 1832 quippe

65 1824 229 1886 communi
242 1823 378 1910 quodem
395 1846 546 1888 consensu
568 1845 678 1887 omnes
696 1829 841 1888 mortales
861 1838 892 1888 et
910 1829 989 1891 vivis
1005 1831 1063 1893 sibi
1079 1835 1206 1896 celebri-

62 1918 160 1977 tatem
184 1910 320 1973 nominis
339 1922 444 1996 optare
466 1923 498 1974 et
527 1909 676 1972 defunctis
698 1913 814 1972 famam
834 1934 1014 1995 perennem:
1044 1938 1096 1978 cur
1115 1919 1206 1997 igitur

62 1996 238 2057 contemnit
254 1994 376 2060 Persius
400 2017 474 2058 eum
489 1996 658 2074 honorem,
681 2017 774 2080 quem
790 1998 890 2081 poitis
903 1998 1044 2062 ⁴Romani
1064 2024 1205 2088 proceres

62 2077 233 2146 deferrmt?
276 2077 342 2144 Ait
356 2092 528 2144 constanter
539 2083 752 2144 membranae:
773 2103 837 2143 non
850 2081 917 2147 rtis.
941 2086 983 2166 [v.
997 2086 1081 2151 Pass.
1094 2110 1126 2175 p,
1139 2094 1204 2156 273

61 2187 107 2250 sq.
131 2178 165 2229 et
185 2165 232 2229 ibi
249 2164 368 2246 laudd.,
396 2167 449 2252 qui
472 2166 637 2230 ostendunt
658 2163 768 2252 iuquit
797 2165 862 2230 dici.
882 2168 922 2232 de
942 2170 1115 2251 adversario
1136 2176 1204 2240 sire

60 2272 212 2337 praespns
225 2253 265 2315 sit
281 2252 347 2317 sive
366 2255 487 2316 absens.
530 2251 581 2315 De
598 2250 740 2315 naribus
761 2251 872 2333 uncis,
895 2254 1012 2320 derisus
1037 2269 1068 2320 et
1087 2260 1203 2323 fastidii

60 2337 297 2418 signo,'v.Pl.]

10 1722 17 1767 l

644 2414 653 2440 Ι

62 2438 66 2443 ’
148 2419 432 2509 tuospoputt]
460 2415 578 2486 Tridui
594 2413 1200 2513 :tropatussivur„quoddixitEnnius;
1244 2443 1246 2447 ’
1304 2398 1307 2410 ’

62 2505 175 2574 volito
189 2505 288 2573 vivus
298 2528 365 2592 per
386 2528 447 2572 oro
468 2501 593 2572 vrrsim.

150 2592 201 2658 u:
215 2591 316 2658 cedro
338 2590 447 2682 digno
466 2590 627 2677 locutus]
648 2593 847 2658 Athanasius:
868 2586 1023 2678 ἦκέδρος
1038 2592 1200 2680 ἀναιρετι-

59 2674 129 2764 κὴν
149 2683 245 2744 sotei
261 2682 329 2745 suiv
348 2673 528 2764 σκωλήκων
545 2675 608 2764 τήν
628 2678 799 2757 uitiatae.-
828 2678 910 2766 apud
924 2681 1104 2748 Marcellum
1122 2685 1200 2750 Em·
1322 2742 1326 2749 ,

61 2766 195 2853 pitirum
220 2788 313 2854 saepe
336 2767 372 2828 fit
402 2767 517 2829 mentio
538 2764 658 2829 cedriae
686 2765 878 2828 librariorum
902 2765 1089 2853 [praesertim
1111 2774 1199 2853 0.]26

62 2854 165 2934 extr.],
180 2862 267 2938 'quae
286 2852 352 2916 aliis
379 2850 487 2915 dicitur
502 2850 656 2914 cedrium:
678 2851 774 2914 libms
793 2853 876 2914 enim
895 2872 934 2914 co
954 2854 1085 2939 liquore,
1106 2879 1199 2944 quern

61 2936 174 3003 cedrus
188 2936 333 3018 exsurdat,
354 2937 505 3017 linebant,
527 2938 597 3023 quia
615 2958 664 2999 res
680 2948 789 2998 unctae
807 2935 908 2998 cedrio
930 2941 1056 3004 atineis
1075 2954 1105 3005 et
1115 2944 1198 3006 carie
1332 3008 1339 3017 ,

60 3046 126 3087 non
146 3023 316 3088 laeduntur.
359 3022 511 3087 Lucienus
531 3022 678 3107 adversus
697 3020 856 3084 indoctum
879 3021 918 3106 [ᾗ.
936 3027 1004 3105 161:
1025 3024 1197 3112 τιὶ“βιβλία
1214 3034 1249 3088 88

60 3103 242 3186 ἀνελίττεις
262 3103 313 3175 ciel
333 3105 389 3174 uui
408 3108 585 3194 διακολλᾷς
606 3103 661 3172 καλ
678 3101 887 3186 περικόπτεις
910 3106 967 3172 καὶ
987 3106 1132 3193 ἀλείφεις
1151 3117 1199 3200 τῷ
1237 3144 1240 3158 ·

60 3191 176 3277 :rodum
194 3191 252 3275 uui
268 3191 445 3281 tristitiom.
488 3194 572 3257 Vide
584 3193 718 3256 Plinium
730 3194 808 3256 libro
824 3191 916 3257 XIII.
931 3215 996 3280 cap.
1013 3195 1096 3261 Xlll
1111 3211 1141 3261 et
1157 3222 1197 3263 eo

58 3260 706 3433 tilittltfflitrlltflstttlb
723 3275 904 3449 [illiti
919 3277 1081 3437 {lbi}
1089 3290 1198 3449 tls

58 3456 165 3517 solum
182 3390 284 3517 cedriii
298 3414 474 3534 ungi⁶soliti
487 3450 623 3514 melioris
643 3461 735 3512 notae
754 3449 838 3528 libri,
859 3448 916 3512 sed
933 3451 1025 3515 etiam
1041 3455 1073 3515 in
1088 3459 1197 3519 arculis
1328 3478 1330 3482 ·

58 3539 209 3605 materiae
222 3538 363 3602 cedrinae
377 3537 492 3605 servari
508 3557 544 3599 ac
557 3539 687 3599 fortasse
707 3535 800 3597 etiam
814 3536 923 3598 tabulis
937 3537 1066 3603 cedrinis
1081 3542 1197 3605 amiciri

59 3644 77 3687 a
97 3625 283 3711 bibliopegis
294 3628 426 3711 spropter
443 3623 665 3700 aeternitatem,
687 3632 721 3682 ut
735 3621 867 3706 loquitur
878 3620 1045 3687 Vitruvius.

146 3711 199 3777 43.
221 3706 302 3774 Nec
318 3706 493 3773 scombros
510 3705 698 3772 metuentia
719 3704 879 3769 carmina
900 3705 1079 3791 necibus]
1101 3708 1196 3774 Sido·

57 3798 129 3862 nius
146 3796 187 3859 de
201 3797 319 3876 charta,
342 3797 395 3867 ubi
406 3815 514 3860 versus
525 3803 786 3857 suostexaravcrat
801 3791 914 3872 [Carm.
925 3791 987 3872 lx,
1002 3799 1062 3861 321
1078 3799 1152 3881 sq.]:
1270 3805 1276 3813 '

146 3879 432 3964 Quaescombros
452 3877 574 3943 merito
588 3876 755 3964 piperque
767 3884 900 3960 portet:

145 3963 249 4034 Nam
285 3964 421 4030 uiarum
435 3964 518 4028 deus
529 3961 593 4026 hoc
607 3960 703 4026 dabit
718 3960 862 4026 relictae
877 3961 974 4041 [edd.:
998 3963 1175 4049 rejectael,

151 4049 200 4117 Ui
214 3989 283 4118 vei
283 4052 453 4138 suscipiat
471 4049 573 4114 bonos
591 4046 737 4111 odores?
1217 4076 1220 4086 ·

56 4140 113 4205 ubi
129 4151 261 4206 venuste
277 4138 383 4201 alludit
397 4139 438 4203 ad
449 4135 636 4202 Graecorum
655 4133 869 4222 proverbium,
889 4135 916 4198 si
936 4132 1140 4222 pereundum,
1163 4131 1201 4214 ἐξ

58 4220 157 4306 diicat
171 4226 259 4310 γοῦν
280 4221 390 4302 ξύλον.
414 4222 611 4304 [PluraPass.
627 4219 756 4309 puts]
993 4303 1000 4317 ο
1161 4302 1167 4315 ⁸

146 4311 198 4377 44.
221 4308 389 4395 Quisquis
404 4332 450 4385 es,
474 4303 609 4371 amodo
630 4326 730 4391 quem
744 4323 787 4366 ex
801 4298 946 4368 adverso
962 4299 1192 4388 ἀκινήταν]

58 4395 191 4463 Decima
205 4397 258 4460 hic
273 4418 343 4483 pars
358 4394 465 4484 incipit
483 4395 544 4459 ami
557 4389 695 4474 πρώτου
714 4387 849 4486 pii-ovo,
868 4389 901 4452 in
919 4412 978 4476 qua
990 4390 1111 4455 Persius
1130 4408 1195 4452 non
1328 4452 1330 4457 ,

59 4496 94 4547 ut
106 4486 283 4549 salebrosus
292 4480 396 4570 pnite,
417 4477 503 4570 quod
516 4479 567 4544 isti
582 4481 683 4558 ajunt,
704 4476 857 4540 saltuatim
855 4476 1035 4610 'palmitem
1056 4474 1195 4577 sed-gra.
