2700 4972
229 315 233 320 ·
325 294 941 423 'turnasrrsurrurum
1003 282 1006 287 “
1148 328 1228 421 :sq

70 490 181 579 quales
197 497 227 551 et
241 510 300 574 qua
313 488 363 553 via
377 490 485 553 solitae
500 489 612 555 fuerint
621 489 757 554 Romam
765 492 932 571 transferri,
943 490 1103 574 diligenter
1115 514 1211 583 quae·

69 574 147 640 sivit
159 574 294 637 Meister.
305 575 361 637 lib.
373 572 395 637 l.
407 597 439 661 p.
454 576 494 640 53
505 614 543 623 -
553 576 619 656 61.]
642 576 676 639 Si
690 577 737 639 cui
758 577 861 641 minus
871 580 999 663 'placeat
1019 581 1096 643 haec
1113 583 1209 647 inter.

69 661 221 746 pretatio,
242 660 319 722 nihil
332 672 430 741 vetat,
441 706 447 716 .
460 663 625 746 quominus
643 682 765 746 sapere
784 671 936 726 nostrum
955 663 1065 743 naaria
1084 686 1209 753 expers

70 766 280 831 exponamus,
310 746 472 832 sapientia,
503 767 595 832 quam
616 749 711 829 vulgo
734 746 896 827 docemur,
930 752 1144 832 tranmarina,
1175 752 1209 817 id

70 843 121 894 est
144 826 276 895 Graeca:
304 842 394 917 atque
412 833 490 895 haec
507 832 731 916 simplicissima
748 834 954 920 interpretatio
974 846 1034 899 est:
1055 858 1091 898 ac
1105 839 1208 903 mirari

69 919 161 979 soleo
177 938 278 1003 neque
289 919 380 996 hujus
397 918 596 1003 expositionis
610 941 711 1004 neque
724 919 887 1005 superioris
904 918 953 981 eui
973 941 1047 983 uam
1060 943 1080 985 e
1094 933 1139 984 tot
1158 924 1207 987 in-

68 1002 253 1089 terpretibus
276 1002 309 1065 in
329 1014 481 1082 mentem,
511 1001 594 1093 quod
612 1006 723 1083 sciam,
751 1006 885 1069 venisse.
967 1009 1131 1071 ocabulum
1147 1028 1207 1072 ex·

65 1086 206 1173 perede
217 1108 346 1153 numero
359 1089 481 1151 illorum
496 1101 550 1167 est,
572 1110 651 1176 quae
664 1090 826 1154 contrarias
839 1090 1076 1172 significationes
1092 1093 1206 1157 admit-

67 1184 155 1237 trmt:
177 1180 269 1259 quare
282 1184 317 1235 ut
330 1172 413 1260 apud
424 1175 587 1239 Horatitun
602 1173 675 1252 [Sat.
690 1173 730 1254 ll,
746 1181 774 1254 8,
798 1176 849 1256 15]
873 1174 984 1239 marie
998 1197 1123 1264 expers
1141 1202 1205 1244 non

66 1260 153 1323 male
164 1258 344 1345 interpretes
359 1260 509 1346 accipiunt
526 1281 583 1347 pro
604 1254 647 1325 oti
661 1259 970 1344 immanentem,
991 1263 1036 1326 sic
1053 1264 1114 1325 hoc
1133 1267 1204 1328 loco

67 1345 185 1431 aponi
201 1354 302 1431 potest
315 1339 482 1429 θαλάττης
496 1342 754 1427 πεπειραμένονε
774 1351 884 1433 probat
896 1350 957 1411 hoc
971 1360 1060 1413 retus
1077 1347 1218 1425 illoesa-,-

65 1451 139 1493 rum
154 1440 274 1510 auctor,
296 1430 349 1514 qui
361 1440 519 1516 utramque
531 1433 693 1496 notionem
706 1434 861 1513 agnoscit:
883 1434 927 1497 sic
944 1435 1028 1497 enim
1042 1435 1108 1507 ille:
1129 1435 1202 1499 Ex-

60 1534 168 1602 pers,
189 1510 325 1597 ἄπειρος
337 1514 395 1580 καὶ
407 1512 575 1599 terrenos:
598 1517 648 1595 [cf.
662 1517 790 1581 dubium
805 1521 863 1582 loc.
878 1518 989 1583 Catulli
1003 1519 1121 1600 LXVI,
1137 1522 1201 1602 tt]

65 1613 99 1672 et
111 1604 242 1667 fortasse
253 1623 321 1681 ¹nou
336 1604 422 1665 aliter
433 1602 554 1666 Persius
566 1604 686 1666 Horatii
695 1607 799 1666 locum
809 1605 1073 1691 interpretabatur,
1093 1617 1128 1669 ut
1141 1607 1201 1669 alio

63 1689 137 1752 loco
155 1686 303 1751 diximus:
325 1688 370 1751 sic
388 1690 485 1751 multa
501 1688 572 1751 corn
593 1682 671 1752 os'ita
684 1691 768 1753 varie
790 1702 986 1775 acceperunt,
1007 1704 1041 1752 ut
1055 1694 1203 1755 observa-

62 1775 177 1837 bamus
189 1772 230 1835 ad
245 1772 356 1835 librum
375 1772 546 1837 secundum
565 1710 715 1839 duetonii.
757 1773 866 1839 Ovidii
884 1787 976 1838 notris
995 1796 1102 1839 versus
1118 1776 1200 1863 apud

63 1857 233 1925 Senecam:
253 1854 444 1946 Egelidum
457 1855 603 1938 borean,
625 1856 869 1961 egelidumque
888 1869 1024 1936 notum,
1069 1883 1109 1923 uo
1129 1866 1201 1926 lusit

61 1944 161 2031 poeta
170 1943 313 2007 familiari
324 1944 384 2009 sibi
396 1946 520 2009 lascivia
535 1946 650 2025 ingenit
666 1946 698 2007 in
710 1945 833 2031 ancipiti
849 1948 976 2009 notione
988 1883 1127 2026 ejusdem
1140 1969 1211 2011 vo-·

63 2030 125 2109 cis:
136 2028 181 2093 sic
189 2026 297 2091 enode
309 2028 438 2092 dicimus
447 2042 478 2093 et
484 2029 574 2116 quod,
582 2030 738 2094 nodosum
745 2042 776 2095 et
785 2030 868 2115 quod
877 2031 967 2094 nodis
980 2043 1095 2112 careat:
1116 2031 1200 2094 edac-

61 2136 144 2181 rnm
151 2114 242 2178 valde
254 2114 364 2177 durum
373 2127 530 2196 etcontra3·
542 2128 861 2202 exarmaretampro
874 2136 958 2179 arma
966 2116 1200 2203 adimerequam

83 2223 119 2265 ro
131 2202 274 2287 panoplia
285 2202 432 2264 instruam
444 2202 580 2264 historici
593 2222 628 2264 ac
636 2201 747 2286 poiitae
760 2214 919 2287 usurpant;
933 2222 1104 2281 exossare,
1113 2203 1199 2287 quod

60 2223 170 2351 hnuto
186 2298 232 2349 est
242 2307 311 2349 ossa
320 2286 464 2366 adimere,
475 2289 578 2373 paullo
586 2288 789 2367 postnotio'ne
800 2289 947 2349 contraria
953 2300 1077 2372 usurpat
1085 2300 1198 2367 noster,

60 2384 96 2435 ut
111 2394 188 2435 mox
203 2370 356 2453 dicemus:
380 2370 548 2434 incertam
572 2385 602 2434 et
623 2369 662 2435 τὸ
683 2364 887 2450 donaparat
910 2368 949 2436 vd
967 2371 1198 2454 κατασκαρένε

59 2452 257 2540 infractam
273 2458 346 2521 alias
360 2456 444 2543 quod
456 2458 678 2521 comminutum
699 2469 746 2520 est
761 2456 901 2534 denotat,
917 2460 994 2522 alias
1015 2459 1098 2543 quod
1117 2462 1196 2521 inte-

59 2564 167 2625 grum:
188 2540 357 2629 impotens
372 2544 479 2607 dicitur
490 2555 520 2606 et
540 2545 593 2629 qui
606 2545 738 2605 multum
757 2553 788 2605 et
802 2544 855 2628 qui
867 2544 1082 2629 nihil¹potest,
1103 2558 1137 2607 ut
1157 2546 1248 2608 ettae

59 2628 186 2693 Servius
205 2631 360 2693 observat:
386 2631 495 2692 omitto
517 2632 608 2709 hujus
625 2630 743 2707 generis
757 2629 816 2691 alia
824 2630 1054 2714 (pramplurima'.
1069 2629 1195 2710 [„Orel-

57 2714 118 2781 tius
129 2713 327 2787 commendat
336 2715 519 2778 sententiam
527 2714 669 2792 lllarcilii,
691 2734 751 2798 qua
764 2711 913 2775 Graecam
924 2714 1107 2801 sapientiam
1119 2717 1193 2779 vino

58 2794 179 2865 Graeco
195 2802 363 2885 comparari
375 2799 447 2862 dicit
458 2811 489 2862 et
503 2800 593 2863 novis
607 2819 678 2862 eam
692 2800 877 2879 argumentis
898 2800 1027 2863 instruit.
1071 2798 1194 2863 Utrurn-

77 2908 120 2949 ue
132 2886 245 2973 pariter
253 2907 289 2948 ac
301 2884 480 2950 Meistemm
496 2884 613 2948 Censor
632 2884 701 2946 len.
719 2883 828 2959 (1823.
847 2907 879 2945 n.
895 2890 937 2948 76
950 2890 1030 2969 sqq.)
1044 2887 1125 2948 bene
1143 2909 1192 2949 re-

76 2970 177 3047 ,uria
220 2970 288 3035 sim
309 2972 446 3034 liciorem
467 2983 497 3033 et
517 2974 587 3033 loco
604 2969 884 3033 convenientiorem
903 2990 1025 3054 appono
1044 2971 1193 3055 interpre-

55 3054 205 3121 tationem
223 3057 313 3119 amici
332 3057 497 3144 philologi:
527 3056 786 3141 interpmagithoe
806 3053 919 3117 modo:
942 3049 1072 3138 Itnfit.
1092 3066 1192 3139 poet-

55 3163 163 3231 qnom
180 3162 304 3229 sapere
323 3177 367 3190 —
383 3142 496 3217 venit:
519 3150 676 3204 noctrwn
692 3138 775 3216 boc,
804 3139 916 3203 marie
935 3160 1073 3226 expers,
1096 3139 1192 3204 Foe-
1225 3206 1227 3213 ,

53 3220 191 3293 nieec'ae
213 3238 282 3303 cett.
311 3240 347 3301 et,
359 3250 483 3291 sensum
503 3227 641 3315 exponit:
667 3224 714 3287 Ita
731 3227 779 3303 stt,
811 3238 974 3311 postquam
993 3227 1195 3313 philosophia

55 3334 129 3379 cum
146 3312 312 3401 peregrinis
326 3314 477 3378 mercibus
493 3313 625 3376 admissa
645 3323 691 3375 est
711 3313 744 3373 in
759 3311 889 3375 Urbem:
915 3312 977 3397 ipsi
992 3313 1071 3375 viles
1086 3314 1190 3377 nauci

54 3400 175 3481 cibum,
196 3400 248 3485 qui
261 3401 352 3462 nobis
364 3412 413 3463 est
422 3399 606 3463 domesticus
622 3410 652 3460 et
661 3416 746 3459 mare
757 3418 913 3481 nunquam
923 3398 1051 3479 transiit,
1072 3401 1189 3483 pultem

54 3486 131 3565 scil,
152 3483 256 3571 pingui
269 3480 465 3547 condimento
479 3495 673 3568 corruperunt
687 3484 706 3544 i.
723 3504 751 3544 e.
774 3504 845 3544 cum
860 3484 1048 3545 humanitate
1070 3494 1102 3546 et
1113 3506 1188 3547 mo·
1225 3478 1229 3489 ’

51 3592 124 3635 rum
136 3571 286 3653 elegantia
300 3573 388 3635 luxus
404 3592 438 3634 se
452 3571 506 3634 ubi
526 3592 566 3633 ue
577 3569 743 3639 insinuarit
757 3579 788 3630 ct
801 3570 935 3655 primum
950 3567 1078 3647 Urbem,
1100 3568 1188 3633 dein-
1230 3592 1234 3597 ·

53 3654 94 3721 d'e
108 3678 198 3737 agros
210 3657 373 3742 pervasit.“
398 3654 454 3722 Pl.
498 3592 621 3719 licinius
637 3677 655 3718 e
677 3657 756 3733 conj.
774 3652 893 3717 Bentl:
912 3663 1084 3717 vostrum:
1101 3655 1187 3737 „sed

51 3749 211 3807 nostrum
225 3755 271 3806 est
282 3756 402 3807 nostrae
417 3742 522 3806 aetatis
537 3740 689 3805 indoles.“
711 3736 788 3820 W.]
1143 3810 1148 3823 .

138 3832 190 3894 40.
213 3827 416 3892 Foeniseeae
443 3849 560 3892 crosso
583 3825 750 3891 vitiarunt
769 3822 923 3910 negarine
937 3821 1082 3911 psaltae]
1104 3824 1185 3911 Opi-

51 3936 123 3994 cos,
152 3914 205 3999 qui
222 3916 323 3979 literas
338 3916 494 3990 nesciunt,
528 3912 643 3977 Graeci·
660 3914 763 3975 solent
781 3912 934 3996 appellare
952 3907 1110 3990 θεριστὰς
1132 3925 1186 3983 aut

51 3996 240 4076 σκαπανέας
250 4016 267 4077 ,'
281 4013 315 4062 ut
327 4002 359 4065 in
375 4003 477 4088 quinta
491 4000 586 4064 Persii
604 3997 695 4079 [122]
714 3992 835 4082 fossor
851 3995 1011 4081 accipitur:
1032 3997 1074 4058 ita
1090 3997 1183 4059 etiam

31 4148 34 4153 ,
48 4086 120 4150 heic
129 4082 326 4174 faenisecae
336 4100 460 4151 veteres·
470 4085 606 4151 Romani
619 4083 773 4160 dicuntur,
802 4094 948 4166 tanquam
961 4076 1116 4162 ἅγροῖκοί
1134 4104 1183 4145 τι-

49 4193 106 4249 νες
120 4185 151 4235 et
165 4173 268 4237 omnis
283 4173 461 4240 eruditionis
477 4182 625 4259 expertes.
667 4168 775 4232 Fuisse
784 4179 902 4231 veteres
915 4167 1075 4232 Romanos
1091 4168 1183 4253 pulti-

48 4260 169 4345 phagus
183 4280 249 4323 nou
260 4260 362 4325 minus
376 4280 467 4347 quam
475 4259 607 4333 Poenos,
621 4274 716 4319 nemo
724 4266 771 4319 est
778 4254 852 4339 quin
863 4252 938 4317 sciat
951 4253 993 4331 [v.
1010 4253 1086 4332 Pl.]:
1102 4275 1183 4317 cras·
1235 4298 1237 4305 ,
1282 4318 1286 4323 ,
1332 4290 1335 4299 -

48 4366 120 4409 sum
132 4367 258 4427 unguen
273 4368 329 4433 pro
347 4344 502 4431 exquisitis
523 4342 657 4420 deliciis,
677 4350 816 4428 utsupra
833 4358 955 4401 orosae
970 4341 1127 4417 aniame,
1149 4339 1182 4402 id

49 4444 95 4497 est
109 4431 225 4496 eximia
238 4430 291 4512 [de
301 4430 392 4519 adipe
405 4427 558 4518 pecudum
570 4450 595 4493 e.
610 4429 708 4493 schol
721 4426 870 4491 intellexit
880 4424 1017 4489 Meister.
1027 4446 1058 4511 p.
1072 4428 1111 4489 ot
1125 4446 1185 4511 sq:
