2700 4972
388 358 451 424 ro
477 357 645 443 raasrr
670 357 888 426 serrator
908 359 937 427 1.
1111 333 1114 341 “
1172 363 1236 433 11:

87 530 183 618 idque
200 530 332 610 melius:
360 552 434 595 nam
455 531 589 617 priorem
608 503 673 613 ejus
697 531 784 600 vocis
799 512 916 597 Graeci*
929 505 1088 620 Latinique
1110 534 1235 621 corripi-

87 631 153 681 unt.
197 620 356 682 Homerus
372 618 476 703 [epigr.
492 616 543 697 3]:
617 672 620 687 .
652 682 657 695 ,
819 658 822 663 «

173 722 292 802 Xerxe
308 713 478 800 πάρθένος
495 717 576 803 sipi,
599 716 718 783 Midou
736 714 770 783 δ’
785 712 975 803 &obstipuere
990 723 1110 804 κεῖμαι.

87 822 223 887 Ovidius
238 823 378 904 [Metam.
389 821 449 901 XI,
468 823 559 902 174J:
588 817 697 883 Unius
711 841 869 885 sermone
884 820 1025 900 Midae:
1045 822 1235 890 reddidimus

85 921 190 972 antem
207 908 312 985 Persio
328 929 417 972 suam
429 908 621 993 scripturam,
644 927 737 991 quam
752 929 770 968 a
786 906 921 971 Cornuto
934 910 1157 995 interpellatam
1170 911 1235 975 Ne-
1270 939 1275 949 r

86 996 168 1058 tonis
192 1006 281 1057 metu
303 1006 449 1081 perpetuo
467 995 623 1055 exularea
655 1013 710 1054 sua
734 992 809 1055 sede
832 995 973 1078 iniquum
991 1007 1064 1058 erat.
1107 994 1147 1057 Et
1172 998 1235 1059 mi-

85 1102 152 1142 rum
174 1082 318 1167 profecto
338 1080 543 1165 posteriorum
564 1078 735 1139 criticorum
757 1079 892 1142 extitisse
916 1076 1089 1159 neminem,
1120 1082 1173 1167 qui
1194 1081 1235 1144 ad

85 1167 175 1246 hujus
190 1165 238 1228 rei
261 1163 480 1229 absurditatem
497 1165 633 1226 animum
651 1163 840 1228 adverteret:
863 1166 939 1226 nihil
960 1166 1044 1229 enim
1063 1166 1235 1230 Cornutum

85 1251 222 1338 impulit,
246 1261 278 1313 ut
295 1249 460 1313 audaculus
474 1251 543 1312 heic
564 1260 644 1312 esset
659 1260 689 1310 et
709 1271 837 1312 manum
852 1249 948 1313 Persii
966 1248 1155 1332 sollicitaret,
1176 1254 1236 1317 nisi

85 1336 168 1423 qnod
182 1332 356 1400 memoriae
372 1336 452 1398 illius
469 1347 499 1398 et
515 1334 621 1396 domui
634 1335 794 1397 universae
808 1347 898 1420 atque
911 1334 990 1398 adeo
1003 1337 1062 1400 sibi
1076 1338 1152 1423 ipsi,
1194 1339 1292 1414 ui154,

85 1426 184 1487 luerat
208 1425 274 1502 ejus
292 1428 485 1507 praeceptor,
508 1421 651 1484 tImebat:
675 1423 796 1483 tolleres
818 1421 948 1483 timendi
970 1443 1126 1502 caussam,
1155 1360 1235 1488 nNril

84 1514 254 1587 mutasset:
276 1508 354 1569 nibil
377 1508 468 1587 igitur
489 1509 553 1585 jam
578 1517 749 1584 mutemus,
776 1506 829 1590 qui
852 1510 917 1586 ejus
937 1507 1071 1570 faciendi
1097 1530 1236 1573 caussam

84 1596 204 1657 nullam
219 1595 381 1673 habemus.
424 1591 519 1655 Porro
540 1591 589 1653 his
608 1592 714 1677 paucis
734 1592 837 1654 verbis
860 1613 981 1654 summa
1004 1613 1038 1655 ac
1054 1597 1236 1681 praecipuus

84 1700 200 1767 scopus
214 1679 332 1764 primae
343 1680 433 1758 hujus
448 1675 564 1740 Satirae
581 1677 765 1739 continetur:
787 1678 969 1741 brevissimo
988 1680 1071 1741 enim
1092 1682 1154 1742 hoc
1170 1683 1237 1743 elo-

86 1766 135 1847 gio
149 1785 247 1828 suum
262 1763 396 1827 ostendit
409 1761 557 1843 judicium
571 1761 610 1823 de
624 1761 755 1825 Neronis
769 1761 860 1846 poe'si
873 1772 904 1823 et
919 1763 1077 1848 omnium,
1099 1767 1153 1850 qui
1168 1768 1234 1844 ejus

86 1852 295 1937 exemplums
334 1851 498 1927 dabantur,
519 1846 577 1929 sed
590 1848 685 1909 animi
697 1848 745 1909 sui
760 1846 897 1909 mentem
910 1848 1053 1929 allegoria
1061 1853 1286 1935 pulcherri-(st)

84 1958 138 1999 ma
151 1934 280 1998 extulit:
302 1955 341 2000 το
357 1928 460 2020 ῥητὸν
473 1944 505 1996 et
516 1935 611 1998 rerba
626 1932 744 2019 tonspri
759 1930 865 1996 Midae
886 1933 1086 2016 conveniunt,
1109 1935 1149 2000 de
1172 1958 1234 2023 quo

84 2020 170 2097 Naso
188 2019 268 2105 [185
283 2019 364 2107 sq.]:

655 2118 785 2186 recedit
804 2120 1013 2209 humumque
1066 2173 1067 2177 ,
1154 2118 1156 2122 ’

132 2282 135 2297 Ι
171 2206 211 2277 Ε
241 2202 334 2271 odit:
356 2217 390 2271 et
414 2203 548 2272 domini
570 2205 691 2294 quoles
713 2206 891 2293 aspexerit
911 2228 1026 2283 aures,

117 2378 120 2383 Ι
215 2316 276 2361 oce
300 2290 410 2383 refert
426 2313 545 2381 parve
568 2302 751 2380 terraeque
782 2292 1029 2360 immurmurat
1050 2292 1215 2373 teactae,

82 2416 141 2482 sed
159 2428 234 2480 tum
258 2413 426 2479 dicendum
448 2416 561 2476 fuerat:
590 2434 609 2474 ο
635 2410 767 2493 scrobe,
796 2436 933 2502 proquo
958 2413 1036 2477 dixit
1053 2410 1234 2490 olitana,-

83 2495 283 2575 caeterumri
308 2495 442 2564 derivem
467 2509 500 2561 et
518 2498 630 2583 poe'tae
651 2520 739 2563 mens
765 2500 809 2563 sic
832 2502 988 2586 postulant
1010 2503 1104 2564 rerba
1128 2501 1234 2586 accipi,

82 2590 173 2675 quasi
188 2599 272 2651 esset
284 2587 448 2672 scriptum:
472 2586 530 2646 etsi
542 2586 645 2670 palam
660 2584 745 2670 quod
758 2588 856 2649 sentio
875 2584 976 2648 dicere
990 2587 1152 2665 nonlicet,
1174 2606 1233 2666 ego

81 2687 190 2739 tamen
204 2673 352 2760 profiteor
366 2682 455 2756 atque
467 2671 559 2750 hujus
574 2671 638 2732 mei
651 2669 756 2749 judicii
769 2680 817 2750 te,¹
835 2672 880 2733 mi
893 2672 1005 2749 libelle,
1027 2682 1137 2734 testem
1152 2670 1235 2757 apud

83 2772 228 2847 posteros
242 2780 310 2821 esse
324 2757 437 2842 cupio:
461 2756 622 2842 profiteor,
644 2756 786 2842 inquam,
809 2756 848 2819 de
860 2756 983 2820 Nerone
997 2767 1028 2818 et
1041 2754 1234 2836 Neronianis,

85 2847 134 2932 qui
150 2866 239 2908 sacra
257 2843 417 2907 Musarum
434 2842 561 2927 turpiter
578 2841 751 2926 inquinant,
772 2843 815 2905 ita
834 2841 969 2921 judicare
989 2863 1056 2920 me,
1079 2853 1112 2903 ut
1130 2864 1234 2906 meros

85 2954 155 2995 esse
175 2931 281 2994 asinos
301 2926 509 3014 pronuntiemr
558 2925 674 3004 [Codd.
697 2927 794 2991 Persii
815 2926 855 2989 ad
875 2949 973 2988 unum
990 2948 1118 2991 omnes:
1140 2925 1232 2990 Arar.

86 3039 139 3079 aa.
161 3014 264 3102 quis
287 3034 375 3077 raon¹
390 3009 521 3075 babet?
542 3011 627 3097 quod
650 3013 767 3098 primus
787 3013 917 3075 mutarit
933 3012 1001 3076 Cas.
1024 3014 1065 3074 ob
1083 3013 1232 3074 narratio-

85 3124 161 3165 nem
181 3099 217 3164 in
239 3101 361 3185 antiqua
381 3097 455 3162 Vita
475 3097 529 3177 P.;
552 3118 589 3160 ea
610 3110 714 3165 autem
741 3099 917 3160 auctoritate
938 3099 1057 3159 elevata
1074 3095 1158 3160 Pass.
1184 3100 1250 3168 ob¹

86 3186 329 3265 sententiam
347 3187 497 3271 praefert:
519 3179 623 3245 Mida
637 3203 709 3245 rex.
737 3183 886 3255 Orellius:
907 3181 994 3265 „Ego
1007 3183 1096 3245 facile
1107 3181 1234 3267 quidem
1256 3188 1259 3193 ’

88 3272 276 3351 concedam,
297 3269 438 3334 Suetonii
452 3270 533 3332 ritae
549 3269 625 3330 haec
644 3268 770 3331 ridicule
784 3268 856 3333 satis
880 3317 888 3334 .
911 3312 920 3330 .
943 3314 950 3330 .
973 3270 1025 3330 vel
1039 3267 1233 3341 exkl’seudo-

88 3358 228 3424 Cornuto
244 3358 297 3422 rel
309 3378 349 3420 ex
375 3355 578 3440 antiquiorum
595 3350 872 3416 Grammaticorum
890 3353 1115 3416 commentariis
1131 3366 1233 3418 assuta
1305 3376 1307 3380 ·

86 3446 184 3509 fuisse
275 3486 285 3505 .
306 3440 362 3505 sed
372 3441 473 3527 ipsam
494 3440 712 3518 narrationem,
736 3438 902 3525 pndpunde
920 3438 960 3500 ad
976 3439 1231 3522 nosperrenerit,

86 3543 284 3617 nequaquam
297 3528 448 3607 rejiciam,
470 3525 622 3611 siquidem
635 3528 725 3606 hujus
737 3527 856 3606 generis
868 3528 964 3587 multa
975 3526 1031 3587 sub
1046 3525 1142 3587 nostri
1154 3547 1234 3609 quo·
1321 3582 1323 3587 .

87 3622 147 3703 q'ue
171 3613 322 3700 temporis
342 3611 516 3697 Neronibus
529 3609 667 3707 quotidie
689 3612 756 3697 lieri
771 3610 864 3675 rideo
872 3655 881 3686 ‚
904 3621 939 3672 ut
952 3621 1149 3691 tyrannorum
1164 3632 1233 3673 rne-

86 3713 119 3764 tu
133 3702 266 3779 insulsa,
289 3701 378 3784 quale
390 3709 461 3784 post
474 3693 550 3760 vide
570 3696 675 3782 utique
694 3708 741 3760 est
755 3696 833 3759 illud
858 3692 934 3782 quis
957 3716 1023 3756 non
1039 3690 1160 3770 habet,
1182 3717 1233 3759 re-
1292 3734 1296 3743 =

87 3788 159 3866 ctis,
181 3784 241 3849 sed
256 3785 461 3873 asperioribus
479 3780 597 3868 trepide
611 3783 835 3845 substituantur.
880 3777 944 3860 Qui
959 3781 1079 3844 alterius
1093 3782 1232 3844 lectionis

80 3872 158 3935 ‘cum
172 3870 314 3935 Stiebero
334 3868 538 3957 patrocinium
555 3879 748 3953 suscepturus
771 3879 832 3944 est,
849 3867 875 3930 is
898 3887 968 3928 eam
982 3887 1038 3951 pro
1059 3869 1232 3931 necessario

86 3960 303 4045 supplemento
325 3977 357 4020 r.
376 3959 414 4021 8:
443 3942 545 4017 Nam
564 3950 705 4014 Romae
721 3951 796 4039 quie
814 3950 906 4014 non?
930 3989 969 3999 -
991 3953 1115 4014 habeto.
1125 3954 1143 3986 “
1185 3951 1232 4015 Ita

87 4045 169 4131 cepit
182 4042 300 4107 Censor
313 4038 378 4103 Ien.
397 4037 436 4103 G.
450 4038 497 4114 P,
519 4039 570 4125 qui
590 4059 608 4100 e
629 4041 812 4120 glossemate
830 4038 923 4122 petita
942 4057 1010 4101 esse
1030 4037 1144 4115 judicat
1161 4059 1233 4101 ver·
1341 4048 1344 4053 ’

85 4134 124 4192 ba
139 4125 243 4192 Mida
262 4130 344 4199 rex:
372 4122 517 4210 ceperunt
535 4126 628 4187 Web.
652 4146 684 4209 p.
705 4129 746 4189 33
769 4145 815 4208 sq.
840 4134 871 4185 et
887 4121 950 4199 ΡΙ.,
971 4122 1004 4183 in
1030 4124 1124 4186 tribus
1142 4144 1232 4202 argu-

84 4215 197 4279 mentis
210 4213 294 4277 nixi:
316 4215 564 4275 membranarum
576 4209 738 4295 scriptura,
760 4209 853 4272 Vitae
866 4208 1099 4293 interpolatione
1114 4220 1144 4270 et
1157 4208 1232 4270 Per-

84 4302 120 4364 sii
142 4303 201 4364 illo
223 4320 328 4378 more,
357 4307 417 4377 „ut
431 4294 472 4363 ad
493 4316 545 4375 ea,
573 4294 657 4373 unde
680 4315 818 4376 egressus
838 4293 892 4372 sit,
926 4291 967 4354 ad
991 4306 1162 4379 extremum
1182 4314 1242 4357 re·-

84 4387 190 4452 deat.“
265 4394 269 4399 “
313 4422 318 4431 ,
884 4436 887 4440 .
1143 4425 1146 4431 ·
1283 4386 1287 4395 '

169 4388 244 4538 liz.
267 4462 433 4554 Hoeego
456 4474 632 4552 opertum,
662 4458 740 4530 Hoc
763 4459 878 4527 ridere
898 4482 1031 4538 meum,
1055 4468 1129 4523 tam
1150 4457 1235 4550 trid]

126 4554 355 4609 Carrucam.
370 4552 407 4604 ud
421 4550 495 4606 Pers.
1012 4551 1041 4611 g
