2700 4972
141 656 218 724 'sint
242 657 412 736 consecuti;
440 653 497 718 sed
522 652 643 740 quando
671 676 771 740 neque
795 656 829 716 hi
848 677 888 716 ne

159 320 181 382 2
259 332 262 338 ’
535 307 924 391 tssoutoottttta

182 507 329 553 onamus:
357 483 401 548 sic
424 482 508 547 enim
536 481 760 562 existimamus,
789 505 899 547 onmes
923 503 993 545 esse
1012 477 1159 558 eximios,
1182 500 1325 544 omnes‘

156 512 239 637 iictu
261 568 457 654 dignissimos
476 579 507 631 et
526 569 578 653 qui
593 567 722 633 diversis
744 569 905 633 virtutibus
920 567 1046 630 laudem
1066 584 1162 652 prope
1186 587 1310 651 parem,

909 676 948 716 ue
976 652 1103 715 omnino
1131 652 1294 738 quisquam

158 746 345 808 mortalium·
360 735 469 807 πάντα
493 735 871 823 κατορθοῦνπεφυκώς
890 676 1034 823 dyiveco,
1063 739 1183 800 munire
1208 737 1294 801 viam

157 829 307 912 juventuti
324 830 468 893 volumus
480 825 519 888 ad
537 826 741 890 aestimandas
762 828 900 912 ipsorum
913 827 1039 890 virtutes
1059 814 1174 904 judicio
1197 835 1292 903 recto,

159 928 190 981 et
206 911 404 997 ἀποτυχίαιςἸ
417 913 523 997 siquae
539 913 609 974 illae
621 924 700 991 sunt,
722 910 1021 1003 animadvertendas:
1043 909 1147 996 quain
1159 930 1202 988 re,
1224 929 1295 971 cum

158 1005 210 1067 vel
226 1000 425 1079 suauissimus
440 996 612 1083 studiorum
628 992 745 1084 positus
757 999 797 1077 sit
808 1001 937 1079 fructus,
960 996 1121 1075 difficultas
1131 995 1201 1058 sine
1219 1017 1295 1056 con-

157 1088 306 1151 troversia
328 1095 464 1148 versatur
477 1076 636 1146 maxima:
659 1078 811 1168 praeclare
833 1085 916 1146 enim
937 1085 998 1145 hoc
1020 1080 1190 1163 Dionysius
1209 1079 1296 1142 Lon-

57 1240 60 1247 ·
104 1224 106 1231 .
160 1174 266 1254 ginus,
293 1166 329 1233 u't
352 1171 411 1232 alia
434 1172 544 1249 multa3
573 1166 685 1252 ἡτῶν
704 1164 828 1251 λόγων,
852 1171 885 1231 in
906 1170 950 1230 uit
970 1167 1020 1245 [de
1042 1167 1165 1231 sublim.
1189 1188 1214 1230 c.
1240 1167 1296 1245 6.]‚

105 1264 109 1271 “
159 1258 268 1340 κρίσις
289 1257 426 1337 πολλῆς·
441 1251 509 1318 ἐστι
530 1254 659 1336 πεῖραςξ
673 1258 863 1319 τελευταῖον
884 1192 906 1320 i

900 1251 1101 1337 rcye'vvopa:
1129 1272 1295 1330 nosram,

159 1357 194 1413 ut
213 1345 286 1415 huic
309 1342 396 1406 oneri
416 1343 603 1419 subiremus,
626 1363 689 1415 non
709 1343 911 1409 humerorum
929 1339 1058 1418 fiducia,
1080 1335 1137 1407 sed
1155 1338 1297 1423 publicae

90 1504 92 1511 ,
159 1426 294 1497 ulilitatis
319 1426 456 1493 studium
476 1428 633 1512 compulit.
688 1425 813 1493 Accedit
839 1429 902 1491 hue
928 1424 1013 1511 quod
1039 1423 1298 1489 consentientibus

158 1527 298 1580 veterum
312 1513 478 1613 suffragiis,
496 1513 549 1597 qui
563 1512 690 1599 poe‘tam
710 1524 849 1575 nostrum
864 1512 965 1594 mirati
979 1522 1064 1589 sunt,
1088 1509 1299 1572 auctoritatem

90 1616 94 1625 ’
158 1600 264 1681 judicii
281 1600 329 1662 sui
346 1608 551 1660 recentrorum
569 1619 739 1671 nonnemo
757 1620 914 1684 opponere
932 1619 998 1661 non
1012 1594 1178 1659 dubitarit:
1202 1605 1233 1656 at
1246 1594 1299 1680 qui

140 1686 328 1752 -virt‘ranri
341 1681 461 1764 judicii,
483 1693 584 1745 tantae
600 1681 791 1762 eruditionis,
814 1695 878 1746 tam
892 1682 1060 1770 portentosi
1075 1681 1243 1758 acuminis,
1265 1690 1300 1741 ut

160 1784 192 1836 et
205 1771 326 1834 Persius
346 1769 494 1849 magnum
513 1770 656 1831 solatium
675 1770 803 1848 habeat,
832 1768 916 1855 quod
927 1770 1049 1831 Aeneae
1066 1768 1172 1846 magni
1192 1765 1299 1828 dextm

89 1857 93 1868 ’
162 1856 256 1935 cadit,
280 1867 310 1917 et
328 1876 387 1917 nos
402 1855 452 1917 vel
468 1857 585 1916 bonam
601 1876 738 1927 caussam
751 1854 881 1941 prodere
894 1853 948 1917 diu
964 1854 1160 1916 constitutum
1175 1872 1211 1914 ac
1233 1872 1299 1913 cer-

80 2388 82 2393 ·
159 2372 249 2455 losop
275 2370 322 2433 ‘ae
338 2369 514 2455 proximum
539 2379 570 2433 et
589 2370 699 2446 affine„
726 2370 753 2435 si
772 2372 837 2432 hoc
854 2378 922 2432 non*
940 2380 1005 2449 est,

162 1954 227 2006 tum
247 1940 445 2004 habuerimus
464 1941 565 2025 potius
586 1962 679 2027 quam
701 1963 770 2002 cum
788 1942 842 2011 illo
855 1941 988 2011 Hercule
1009 1940 1042 2001 in
1062 1949 1216 2019 certamen
1243 1935 1300 2003 de-

160 2025 317 2092 scendere.
358 2025 480 2088 Verum
501 2025 540 2087 de
558 2047 684 2088 censura
704 2024 800 2090 divini
815 2026 896 2090 illius
910 2024 969 2105 viri
983 2030 1106 2111 postea:
1128 2032 1210 2085 nunc
1224 2040 1299 2109 quas

122 2108 126 2119 ⁴
161 2112 295 2175 diximus
313 2110 498 2173 differentias
515 2133 734 2199 proponamus.
776 2111 880 2177 Prima
900 2122 932 2176 et
950 2110 1090 2173 omnium
1102 2109 1241 2172 maxima
1254 2118 1301 2173 est

132 2260 140 2274 ,
162 2199 240 2261 circa
258 2190 537 2297 τόιφιλοσοφικόν
550 2192 669 2278 utone:
689 2199 753 2283 jam
770 2192 854 2263 enim
876 2197 1010 2260 diximus
1028 2218 1093 2258 non
1112 2198 1216 2258 levem
1232 2215 1301 2259 esse

160 2285 232 2347 bulc
250 2283 342 2432 ppe'si
363 2303 434 2344 cnm
453 2284 564 2345 morali
584 2283 782 2371 philosophia
807 2285 1003 2346 affinitatem:
1027 2280 1216 2430 ginidcenhffg
1228 2280 1299 2369 pbi-
1323 2279 1327 2283 ’

1137 2378 1193 2429 tun
1271 2388 1288 2428 e

160 2456 243 2521 vitiis
256 2454 435 2541 disputare?
458 2453 529 2516 heic
544 2475 622 2527 reso
635 2477 784 2539 magnum
801 2455 881 2519 inter
893 2458 952 2523 hos
967 2389 1148 2521 discriindiia
1167 2464 1203 2515 ut
1214 2376 1302 2517 ldirini

89 2580 92 2590 ·
112 2542 295 2637 (astutiisque
308 2543 407 2602 fuerat
418 2537 573 2621 educatus,
592 2547 706 2604 ut'erst
719 2540 829 2606 doctus
843 2553 873 2604 et
885 2553 1030 2621 moratus,
1046 2539 1088 2603 ita
1101 2550 1239 2603 versatus
1256 2548 1302 2602 est

65 2718 96 2775 ψ

158 2894 229 2966 tur,
250 2881 393 2971 quodque
405 2884 499 2965 longe
512 2885 634 2964 gravius
650 2896 716 2964 est,
735 2896 765 2956 et
780 2886 891 2949 fatetur
906 2885 973 2973 ipse

163 2629 197 2691 in
213 2628 272 2688 hac
291 2637 387 2713 parte.
413 2612 586 2709 fflordtius,
604 2627 762 2691 h‘bertinae
783 2628 944 2723 prosapiae
958 2628 1057 2696 homo
1078 2638 1109 2689 et
1126 2624 1212 2712 patre
1229 2646 1302 2687 coa-

165 2725 248 2777 ctore
260 2723 365 2791 natus,
390 2712 448 2775 etsi
459 2712 573 2794 mag'no
594 2715 729 2800 parentis
750 2713 852 2779 studio
870 2712 1013 2793 eductis,
1035 2711 1305 2801 nibilspiratbeic'

165 2801 279 2877 altum,
303 2795 360 2861 sed
378 2799 493 2883 ubique
513 2798 591 2861 circa
610 2800 819 2880 vulgatissima
841 2821 965 2863 morum
1005 2810 1144 2885 raecepta
1170 2818 1303 2885 oocupa-

982 2820 1027 2953 de
1045 2905 1101 2966 se,
1118 2905 1229 2971 perum
1244 2882 1303 2947 sibi

166 2980 283 3032 constat
293 2989 351 3031 nec
363 2966 489 3033 fidelem
501 2970 620 3034 virtutis
634 2970 814 3051 magistrum
831 2973 911 3055 agita
954 2969 1048 3037 assim
1063 2971 1147 3037 enim
1159 2970 1193 3032 in
1203 2968 1304 3032 aliena

164 3055 271 3143 transit
293 3065 405 3139 cestra,
434 3077 500 3119 non
518 3067 663 3140 tanquam
682 3058 876 3158 explorator,
893 2993 953 3123 sed
967 3067 1114 3142 tanquam
1131 3057 1302 3137 transfuga:

166 3152 259 3234 sa'epe
281 3138 422 3204 Stoicum
439 3138 538 3220 dicas,
565 3162 657 3229 saepe
677 3140 864 3245 Epicureum
888 3152 942 3213 aut
959 3140 1188 3231 Aristippeum
1210 3162 1304 3229 saepe

31 3180 44 3201 a
165 3248 241 3293 vero
266 3224 305 3288 de
322 3225 414 3309 Anyti
436 3238 467 3289 et
479 3226 580 3294 Meliti
598 3232 650 3299 a'ut
660 3226 869 3317 Aristophanis
892 3236 984 3311 gente
988 3238 1201 3379 iprognatum:
1223 3225 1304 3289 adeo

166 3315 340 3403 frequenter
352 3322 383 3373 et
397 3314 505 3375 acerbe
519 3311 657 3392 Stoicos,
677 3336 774 3403 penes
789 3337 866 3401 quos
886 3316 971 3377 solos
1022 3335 1045 3384 a
1063 3324 1163 3383 aetate
1181 3313 1305 3401 sapien-

166 3398 228 3460 tiae
239 3395 448 3479 magisterium
463 3398 534 3476 fuit,
557 3401 697 3487 suggillat
719 3411 749 3463 et
766 3398 889 3487 irridet,
907 3421 1007 3501 neque
1029 3396 1235 3473 dubitandum
1249 3408 1322 3478 est,

168 3484 292 3569 qualem
311 3479 455 3545 ridemus
473 3482 505 3545 in
531 3482 625 3569 ipsius
644 3486 778 3573 scriptis,
809 3488 903 3551 talem
922 3488 1017 3553 fuisse
1041 3485 1079 3555 in.
1096 3485 1160 3554 rita
1181 3505 1306 3579 quoque

168 3566 427 3631 inconstantiam:
465 3568 584 3657 scripsit
614 3569 698 3641 enim
732 3571 821 3637 sicuti
853 3570 960 3663 vixit-³,
1010 3570 1168 3641 luvenalis
1201 3591 1306 3637 mores

169 3654 367 3735 ignoramus:
385 3653 419 3714 in
433 3650 539 3717 Satiris
553 3651 678 3740 quidem
699 3657 761 3720 suis
782 3651 826 3727 roi
848 3654 1130 3743 φιλοόοφούμενα,
1142 3657 1187 3727 sic
1200 3656 1307 3739 tangit,

170 3751 205 3800 ut
228 3739 317 3818 lacile
333 3751 476 3824 appareat
495 3738 714 3811 diuturniorem
731 3742 836 3829 ipsum
855 3745 970 3807 rhetori
998 3766 1091 3831 quam
1115 3743 1306 3851 philosopho

54 3916 58 3927 Ι
96 3864 98 3868 ,
170 3846 297 3912 operam
315 3821 452 3889 dedisse:
476 3847 494 3888 e
512 3827 669 3890 rhetorum
690 3829 775 3891 enim
792 3831 899 3894 schola
924 3842 954 3892 et
975 3829 1234 3897 declamationum
1251 3851 1307 3893 ex-

171 3911 395 3973 ercitationibus
408 3910 449 3973 ad
456 3910 587 3975 Satiram
598 3914 790 4001 scribendam
804 3914 889 3979 haud
903 3914 997 3986 dubie
1010 3939 1045 3980 se
1060 3917 1201 3996 contulit3
1223 3913 1307 3978 unde

170 3996 224 4058 illa
238 4006 328 4058 acuta
351 3994 430 4059 dicta
445 4008 475 4060 et
493 4009 528 4060 ut
539 4000 692 4063 vocabant
706 4002 890 4081 sententiae,
912 4023 987 4086 quas
1005 4002 1037 4063 in
1059 4024 1152 4088 opere
1170 4000 1307 4064 admira-

170 4078 228 4146 bili
249 4077 305 4144 De
316 4079 456 4165 poetico
470 4095 630 4172 tantopere
644 4086 742 4151 Julius
754 4086 887 4168 Scaliger
908 4098 955 4150 est
966 4085 1142 4152 admiratus.
1184 4086 1307 4151 Persius

172 4186 267 4245 vero,
287 4167 341 4261 qui
357 4165 396 4229 ad
413 4167 529 4231 Satirae
553 4171 769 4258 scriptionem,
790 4184 822 4234 ut
839 4183 965 4241 testatrn
983 4174 1050 4261 ipse
1071 4175 1106 4239 in
1124 4171 1245 4260 quinta,
1267 4175 1307 4235 ab

173 4250 289 4319 eodem
304 4249 440 4318 Cornuto
458 4256 558 4318 fuerat
575 4255 745 4338 institutio,
768 4278 787 4323 a
805 4280 866 4343 quo
886 4280 989 4327 rerum
1005 4258 1178 4325 Stoicertsm
1202 4259 1309 4340 cogni-

171 4338 293 4405 tionem
314 4350 470 4424 acceperat
491 4339 627 4427 (magnis
643 4344 726 4406 enim
752 4342 863 4428 opibus
874 4344 1046 4411 'innutritus
1069 4369 1105 4411 ac
1129 4346 1308 4410 felicissime

172 4424 232 4493 nit
252 4421 430 4509 moeson),
455 4436 487 4490 et
507 4439 636 4515 unoque
663 4423 974 4519 artosonrsdnoog
989 4444 1037 4498 est
1060 4445 1092 4497 er
1118 4454 1158 4499 eo
1179 4432 1308 4499 nomine
