2700 4972
148 402 203 446 av
405 376 471 443 us
494 375 701 475 *raasro
743 376 1021 444 uenustus
1077 414 1080 421 -

147 564 195 614 tur
213 549 327 629 meae,
349 550 543 629 affinitatem,
567 571 646 636 quae
658 548 799 613 Persium
810 549 967 615 Thraseae
980 552 1191 631 conjungebat,
1210 563 1282 615 ante

148 659 244 700 annos
263 641 328 699 fere
351 634 460 699 decem
477 637 572 698 tuisse
595 638 678 721 prius
700 647 885 699 contractam
904 658 997 723 quam
1015 659 1052 700 su
1074 658 1194 699 remum
1213 638 1283 720 ipse

148 724 232 785 diem
246 723 351 785 obiret.
373 720 462 800 Quae
474 722 594 800 subjicit
604 721 643 783 de
658 720 754 783 l'ersii
764 722 875 807 opibus
889 722 932 786 ita
945 723 1035 786 scribi
1052 658 1183 785 debent:
1207 721 1285 787 Rea

149 807 252 895 liquit
278 806 372 871 circa
388 804 451 871 HS
466 808 573 871 vicies
587 804 695 869 matri
708 814 743 867 et
757 806 887 870 sorori.-
914 805 1056 893 scriptis
1076 815 1217 870 tantum
1232 804 1285 873 ad

149 902 297 958 matrem
313 889 483 955 codicillis
498 892 639 980 rogavit
654 914 747 971 eam,
770 902 809 955 ut
826 892 929 957 taret
946 893 1093 977 Cornuto
1108 894 1281 971 sestertia,

149 988 186 1042 ut
204 976 349 1067 quidam
373 975 508 1053 dicunt,
538 988 685 1042 ceritum:
717 986 756 1041 ut
777 977 844 1040 tilii
870 976 1003 1059 volunt,
1034 977 1173 1065 argenti
1182 974 1284 1065 faeti
1327 1033 1347 1059 ,ἐ

143 1073 252 1152 ponto
270 1063 428 1150 viginti'
451 1065 555 1127 Vicies
574 1066 746 1127 sestertium
765 1066 977 1128 aestimatione
987 1064 1108 1127 Budaei
1119 1087 1284 1129 aureorum
1312 1089 1322 1145 '.
1345 1068 1347 1073 ’

64 1152 71 1186 ⁵
148 1156 315 1215 solaturam
336 1151 550 1234 quinquaginta
562 1152 660 1213 'millia
674 1152 825 1230 efficiunt3
855 1152 1066 1213 aestimatione
1081 1153 1211 1214 aliormn
1224 1152 1285 1215 cir-

149 1239 222 1300 citer
233 1238 328 1299 millia
342 1236 450 1315 XLV,
473 1248 595 1299 centum
609 1238 745 1298 sestertia
757 1235 888 1299 Budaeo
900 1237 1125 1299 aureiFrancici
1136 1239 1183 1299 bis
1197 1238 1288 1301 mille

147 1324 318 1409 quingenti,
347 1323 412 1384 aliis
428 1322 476 1384 bis
488 1322 573 1383 mille
587 1333 722 1384 tanturn:
753 1322 969 1385 absurdissime
990 1326 1066 1384 haec
1087 1326 1182 1402 vulgo
1203 1324 1284 1385 acci-

146 1411 278 1494 piuntur.
308 1404 401 1485 Quod
419 1408 460 1469 ait
471 1406 605 1481 Probus,
626 1408 783 1490 reliquisse
798 1410 936 1471 Persium
948 1410 1029 1469 hunc
1043 1410 1155 1472 librum
1166 1410 1284 1493 imper-

145 1499 262 1555 fectum
276 1504 306 1555 et
317 1514 422 1557 versus
437 1493 555 1576 aliquas
567 1494 600 1553 in
614 1494 720 1553 ultimo
733 1494 800 1555 libri
814 1495 908 1556 fuisse
922 1494 1079 1579 demptos:
1102 1495 1219 1556 nonita
1231 1516 1284 1557 ac-

146 1578 331 1665 cipiendum,
353 1580 440 1663 quasi
456 1577 576 1639 deesset
589 1577 701 1662 aliquid
717 1577 779 1642 Sat.
795 1578 849 1655 Vt,
872 1601 949 1663 quae
963 1579 1047 1641 haud
1061 1578 1153 1642 dubie
1165 1581 1283 1659 integra

146 1678 192 1727 est
213 1686 313 1750 neque
332 1675 452 1749 poterat
477 1663 672 1725 concinniore
692 1664 754 1725 fine
773 1662 872 1725 claudi
896 1686 987 1748 quam
1001 1676 1034 1725 ut
1056 1664 1282 1729 hodiefinitur:

145 1750 201 1815 sed
216 1752 243 1813 si
257 1749 331 1835 quid
344 1749 502 1833 dempttun
516 1760 577 1827 cst,
599 1748 693 1811 dubio
704 1752 811 1835 procul
823 1751 1004 1836 principium
1015 1751 1090 1811 illud
1104 1762 1167 1812 erat
1181 1772 1284 1816 novae

145 1834 272 1901 Satirae.
315 1834 381 1897 Etsi
400 1856 474 1897 vero
498 1846 612 1895 certum
630 1847 690 1912 est,
721 1847 802 1897 recte
816 1836 913 1899 l'ersii
931 1837 1043 1898 librum
1063 1836 1158 1899 hodie
1178 1837 1212 1899 in
1227 1858 1283 1900 sex

146 1920 259 1986 Solitas
270 1920 461 2000 distinguiin
475 1920 691 2004 antiquissimis
703 1933 807 1983 umen
815 1923 1001 1985 membranis
1013 1923 1106 1984 aliam
1113 1921 1283 1985 ‹intinctio-

145 2030 220 2071 nem
230 2007 423 2070 invenimus:
453 2008 485 2065 in
507 2006 610 2069 multis
630 2007 713 2068 enim
733 2006 888 2070 codicibus
905 2009 1036 2092 quinque
1050 2011 1153 2071 solum
1165 2007 1283 2071 Satirae

145 2104 358 2169 numerantur,
387 2103 490 2175 quarta
502 2090 542 2151 ad
555 2091 674 2153 tertiam
685 2090 843 2172 adjuncta,
875 2093 908 2154 in
920 2092 1104 2177 quibusdam
1120 2095 1284 2159 continuus

145 2191 192 2243 est
203 2200 281 2241 unus
293 2179 385 2254 liber,
407 2179 489 2239 nulla
503 2176 669 2239 Satirarum
682 2181 761 2239 facta
777 2177 977 2242 numerose.
1020 2178 1102 2243 Sane
1111 2179 1284 2245 Priscianus

145 2278 235 2349 atque
248 2264 300 2327 alii
313 2258 502 2344 grammitici
512 2263 640 2347 antiqui,
662 2264 781 2347 quoties
793 2263 932 2326 Persium
944 2263 1083 2346 laudant,
1098 2267 1211 2329 librum
1223 2287 1282 2327 no-

145 2353 272 2426 minant,
287 2372 351 2411 non
365 2348 477 2411 Satiras
491 2360 660 2410 numerant.
684 2351 765 2429 Lege
781 2348 908 2429 deinde,
931 2346 1133 2437 Scripsernt
1143 2358 1178 2415 et
1188 2372 1283 2436 pau-

146 2459 203 2501 cos
219 2433 256 2498 in
268 2454 407 2499 socrum
422 2428 596 2497 Thraseae
606 2432 736 2498 Arriae
748 2444 897 2499 matrem
910 2456 1039 2515 versus,
1053 2458 1141 2524 quae
1152 2460 1189 2503 se
1200 2446 1282 2501 ante

144 2522 259 2587 vinam
279 2517 475 2586 occiderat:
508 2520 667 2583 notissima
690 2532 736 2584 est
752 2522 876 2584 historia
896 2522 935 2585 de
948 2524 1047 2603 Arria,
1073 2546 1170 2587 uxore
1186 2523 1282 2603 Paeti,

147 2609 312 2686 Caecinae,
342 2628 422 2692 quae
443 2617 539 2669 mater
555 2606 613 2667 fuit
625 2607 741 2685 Arriae,
771 2609 906 2689 conjugis
918 2607 1091 2688 Thraseae,
1112 2608 1213 2689 Paeti,
1235 2620 1282 2671 at-

146 2717 205 2780 que
217 2695 313 2779 ipsius
327 2693 482 2756 Thraseae
496 2713 608 2754 socrus.
654 2690 759 2755 Scribe
773 2694 883 2757 etiam:
906 2689 1040 2757 editum
1054 2692 1180 2759 librum
1198 2715 1282 2758 con-

145 2779 241 2843 tinuo
258 2774 386 2843 mirari
400 2775 564 2854 nomines,
587 2786 622 2839 et
637 2774 792 2863 diripere
805 2786 1014 2863 coeperunt:
1034 2804 1099 2845 non
1111 2778 1282 2865 deripere,

145 2877 213 2939 aut,
234 2878 267 2927 ut
283 2864 380 2928 doctis
396 2862 579 2949 quibusdam
590 2860 759 2943 ridebatur,
782 2862 952 2928 diribere:
974 2868 1282 2947 elegantissimover-

121 2956 186 3016 xbo
208 2953 355 3037 expressit
379 2948 732 3027 aviditatemlectorurn,
754 2951 806 3035 qui
818 2953 930 3014 librum
941 2951 1052 3031 Persii,
1075 2955 1212 3017 simulac
1225 2953 1284 3015 suit

143 3039 329 3125 publicatus,
356 3059 392 3099 cu
415 3035 466 3097 ide
482 3036 541 3098 sibi
560 3036 687 3119 quisque
725 3038 859 3099 arabant.
901 3038 1109 3120 Hieronymus
1130 3038 1170 3103 ad
1189 3039 1283 3102 Pam-

144 3124 301 3187 machium
326 3122 365 3186 de
381 3058 547 3207 tipiphanii
566 3122 658 3183 literis
679 3059 723 3184 ad
734 3121 888 3185 loannem
908 3122 1109 3206 ierosolyma
1141 3121 1284 3189 Harum

145 3207 362 3287 exemplaria
383 3205 545 3271 certatim
563 3204 787 3271 Palaestinae
810 3205 1056 3293 rapiebantur,
1090 3206 1203 3273 veleb
1219 3232 1282 3275 nu-

145 3294 251 3359 ctoris
265 3293 427 3359 meritam
442 3292 501 3356 eei
516 3290 557 3354 ob
579 3290 631 3355 ele
660 3290 800 3356 nntium
815 3292 1020 3379 scriptionis.
1064 3296 1197 3360 Severus
1211 3296 1282 3360 Sul-

144 3382 242 3467 picius
256 3379 337 3441 Dial.
379 3379 476 3455 rim0,
504 3398 569 3461 cap.
592 3376 628 3441 X
676 3423 684 3441 .
705 3378 744 3442 de
767 3401 824 3443 suo
843 3381 938 3459 libro,
967 3404 1027 3466 quo
1048 3385 1145 3445 vitam
1158 3383 1282 3446 Martini

144 3466 321 3550 descripsit:
364 3463 431 3525 'um
447 3470 522 3526 teta
535 3460 697 3526 certatim
711 3461 792 3528 urbe
810 3475 999 3551 raperetur,
1021 3468 1218 3532 exultantes
1234 3468 1283 3533 ti-

144 3549 281 3615 brnrios
304 3546 400 3631 vidi,
435 3544 528 3634 quod
546 3544 638 3610 nibil
663 3548 707 3612 ab
735 3548 790 3611 Iris
815 3553 1057 3635 quaestuosius
1084 3553 1281 3619 haberetur.

143 3638 303 3701 Postremo
323 3635 498 3714 sciendum,
528 3632 679 3719 quaedam
699 3656 718 3697 a
738 3638 941 3715 grammaticis
957 3650 1102 3725 tanquam
1117 3642 1214 3714 Persii
1234 3646 1281 3705 af-

144 3725 214 3786 ferri
223 3760 246 3801 f
255 3744 332 3805 quae
346 3724 380 3783 in
391 3723 440 3785 his
454 3722 535 3783 illius
549 3720 654 3783 Satiris
669 3742 734 3783 non
745 3722 904 3785 invenias:
927 3738 959 3786 ut
976 3728 1112 3813 exempli
1124 3728 1235 3808 gratia,
1264 3750 1281 3789 a

144 3809 253 3875 Servio
264 3810 297 3871 in
310 3808 433 3871 tertium
449 3804 670 3975 Georpcqrqm
683 3806 768 3887 [363]
781 3808 832 3871 illa
845 3813 956 3890 verba,

605 3912 615 3952 r
642 3890 671 3955 it

307 3976 466 4063 Infantes
491 3983 649 4054 statuas,-

143 4070 182 4130 ab
194 4066 314 4129 Isidoro
328 4069 410 4129 hunc
427 4084 564 4145 versum,
585 4064 663 4127 libro
681 4063 800 4127 xvlt:

310 4148 465 4215 Buccina
471 4148 555 4237 jam
567 4150 701 4235 priscos
715 4146 859 4237 cogebat
873 4148 922 4213 nrt
935 4172 1039 4214 arma
1051 4152 1226 4234 Quirites.-

143 4257 221 4322 quae
238 4258 342 4301 merae
357 4247 428 4300 sunt
438 4236 689 4299 hallucinationes
704 4237 983 4317 grammaticorum,
1008 4262 1078 4302 curn
1092 4241 1142 4323 hic
1156 4240 1282 4325 quidem

143 4322 293 4408 Propertii
306 4322 345 4385 sit
357 4342 463 4387 versus
481 4320 548 4398 [IV,
570 4328 598 4400 1,
618 4328 657 4387 13
673 4344 742 4383 cum
757 4322 856 4406 aliqua
869 4324 1043 4405 varietatel,
1071 4328 1123 4391 ille
1133 4350 1209 4393 veru
1225 4326 1281 4391 Ju-

143 4409 260 4473 venalis
275 4407 351 4491 [imo
365 4406 499 4487 Horatii,
521 4403 584 4470 Sat.
602 4406 642 4483 ll,
657 4407 686 4485 5,
701 4406 753 4485 te,
775 4408 828 4470 ubi
843 4431 875 4472 v.
887 4407 1039 4492 Bentlej.].

610 4552 861 4568 afflue-u...
870 4560 891 4570 .-
