2700 4972
152 298 240 405 na
479 288 486 315 ‘
563 334 888 403 arnusrr

152 508 193 573 Et
213 506 321 572 similis
340 524 449 589 regum
469 505 587 593 pueris,
616 527 751 594 pappare
771 507 925 573 minutum
1022 580 1025 587 ,

151 617 257 682 Poscis
280 628 311 679 et
329 600 421 679 iratus
442 635 598 677 mammae
617 614 721 681 lallare
741 619 886 683 recusas?
1002 684 1008 691 ,

60 708 63 713 ’
237 721 296 789 An
319 721 385 786 tati
404 721 563 786 studeam
586 719 753 797 calamo?
773 758 814 769 —
836 721 895 789 cui
918 720 1039 793 vatia?
1078 728 1154 813 quid
1175 731 1269 797 istut¹
1346 796 1348 802 ,

151 832 289 896 Succinis
310 831 481 913 ambages?
522 830 579 892 tibi
598 826 728 904 luditur3
754 830 856 895 effluis
876 852 993 903 amens.
1136 841 1140 847 '
1223 844 1294 907 '20
1342 814 1346 821 Ι

151 939 372 1005 Contemnere:
414 948 504 1002 sonat
524 938 634 1003 vitium
654 959 814 1023 percussa,
838 941 973 1022 maligue

46 1092 50 1101 ·
149 1046 329 1135 Respondet
349 1044 440 1111 viridi
460 1029 525 1111 uon
546 1057 631 1107 cocta
651 1044 755 1109 fidelia
776 1048 862 1111 limo.
919 1108 929 1131 x

146 1155 250 1219 Udum
272 1168 303 1218 et
322 1156 417 1218 molle
437 1155 535 1215 lutum
549 1162 604 1217 ‘esz
640 1176 740 1232 nunc,
769 1176 848 1218 nunc
869 1156 1079 1241 properandus
1100 1169 1131 1221 et
1151 1158 1214 1223 acri
1269 1163 1273 1169 '

146 1262 323 1345 Fingendus
344 1263 410 1327 sine
432 1262 494 1323 fine
514 1271 590 1351 rota.
634 1259 699 1323 Sed
718 1283 787 1324 rure
808 1273 936 1348 paterno
1226 1340 1233 1353 ι

145 1368 203 1435 Est
218 1370 278 1435 ¹tibi
297 1374 344 1433 far
364 1368 539 1446 modicum,
565 1390 678 1453 purum
698 1380 730 1431 et
749 1370 816 1433 sine
837 1372 907 1433 labe
928 1372 1074 1452 salinum,
1247 1376 1291 1441 25

147 1476 248 1558 (Quid
268 1476 433 1559 metuas?)
463 1476 628 1561 cultrixque
649 1478 712 1539 foci
733 1498 839 1540 secura
859 1480 978 1563 patella.

145 1587 216 1650 Hoc
239 1587 338 1651 satis?
381 1607 422 1649 an
444 1582 551 1646 deceat
569 1586 750 1669 pulmonem
771 1604 912 1671 rumpere
932 1587 1048 1666 ventis,

143 1692 314 1757 Stemmate
335 1690 420 1779 quod
440 1690 543 1757 Tusco
564 1712 687 1753 ramum
706 1692 869 1755 millesime
891 1692 990 1773 ducis,

144 1800 372 1887 Censoremque
393 1812 481 1863 tuum
507 1802 558 1866 vel
579 1798 662 1886 quud
683 1802 817 1863 trabeate
838 1802 973 1867 salutas?

141 1908 189 1973 ad
210 1911 360 1996 populum
381 1910 540 1995 phaleras:
586 1928 643 1988 ego
665 1916 696 1970 te
717 1908 799 1969 intus
821 1908 903 1970 etin
926 1919 992 1971 cute
1013 1910 1099 1973 novi.
1184 1910 1187 1915 ’
1244 1914 1286 1973 30

140 2017 212 2081 Non
234 2014 330 2103 pudet
351 2014 391 2078 ad
411 2037 532 2079 morem
556 2014 692 2077 discincti
711 2014 817 2077 rivere
838 2012 971 2080 Nattae?

141 2122 205 2187 Sed
226 2134 328 2209 stupet
348 2122 399 2183 hic
420 2123 495 2186 vitio
518 2134 548 2184 et
568 2122 652 2184 fibris
672 2121 801 2184 increvit
822 2121 963 2207 opimum
1032 2146 1036 2153 ’

139 2226 273 2312 Pingue:
317 2241 397 2291 caret
419 2232 523 2314 culpa:
568 2229 664 2291 nescit
686 2227 757 2313 quid
780 2229 902 2315 perdat,
931 2241 962 2292 et
981 2234 1044 2295 alto

140 2324 309 2401 Demersus
331 2358 451 2399 summa
473 2359 575 2403 rursus
595 2360 659 2400 non
680 2338 768 2399 bullit
788 2337 821 2399 in
841 2336 936 2399 unda.

224 2444 339 2527 Magne
361 2456 446 2528 pater
468 2444 589 2541 divum,
619 2466 730 2509 saevos
752 2446 860 2531 punire
882 2442 1041 2528 tyrannos·
1239 2448 1282 2513 35

137 2551 231 2616 Haud
252 2552 311 2614 alia
331 2552 448 2613 ratione
468 2550 564 2616 velis:
608 2575 678 2615 cum
700 2551 765 2615 dira
788 2552 886 2615 libido

112 2660 271 2726 ‘Moverit
291 2659 451 2740 ingenium
471 2660 604 2724 ferventi
624 2661 717 2723 tincta
737 2682 878 2742 veneno,
954 2722 958 2731 ,

134 2766 290 2832 Virtutem
310 2766 452 2846 videant,
477 2768 725 2853 intabescantque
745 2770 858 2833 relicta.

88 2912 91 2917 ·
131 2877 221 2940 ,anne
241 2875 340 2955 magis
357 2874 452 2938 Siculi
477 2888 657 2956 gemuerunt
678 2897 747 2939 aera
766 2878 889 2955 juvenci

134 2982 174 3046 Et
194 2985 292 3065 magis
311 2985 422 3049 auratis
442 2983 581 3070 pendens
602 2986 794 3070 laquearibus
816 2985 896 3047 ensis

133 3091 305 3179 Purpureas
326 3094 432 3155 subter
452 3092 585 3157 cervices
606 3093 724 3175 terruit,
755 3091 870 3173 Imus,

132 3196 231 3262 Imus
250 3197 466 3285 praecipites
493 3222 586 3286 quam
606 3202 633 3264 si
653 3202 713 3265 sibi
735 3198 815 3263 dicat
837 3213 867 3263 et
889 3199 970 3263 intus

132 3307 248 3371 Palleat
267 3308 391 3387 infelix,
419 3308 504 3394 quod
524 3312 666 3396 proxima
684 3310 799 3374 nesciat
819 3311 921 3373 uxor?
951 3380 959 3395 ,

219 3413 319 3500 Saepe
341 3418 464 3496 oculos,
492 3417 638 3497 memini,
667 3419 832 3497 tangebam
853 3439 964 3503 parvus
986 3419 1087 3499 olivo,

133 3518 269 3587 Grandia
290 3524 317 3585 si
337 3526 455 3589 nollem
477 3527 615 3613 morituri
637 3527 731 3589 verba
753 3524 879 3588 Catonis
1228 3529 1275 3595 ’45
1331 3522 1334 3527 ’

130 3629 276 3711 Discere,
307 3654 372 3694 non
392 3654 469 3695 sano
492 3636 623 3696 multum
643 3632 795 3699 laudanda
813 3634 976 3714 magistro,

13 3770 42 3808 ·.·-
130 3736 220 3819 Quae
242 3751 327 3826 pater
348 3738 486 3803 adductis
505 3739 620 3805 sudans
641 3740 759 3804 audiret
778 3743 894 3807 amicis.

127 3846 218 3911 lure:
263 3849 376 3909 etenim
397 3847 431 3910 id
452 3870 624 3929 summum,
653 3850 727 3935 quid
749 3850 856 3914 dexter
875 3853 962 3916 senio
983 3856 1089 3929 ferret,

61 4002 68 4014 ,
129 3954 214 4017 Scire
236 3967 299 4018 erat
319 3957 352 4017 in
370 3968 466 4036 v0t03
497 3954 646 4021 damnosa
668 3959 803 4023 canicula
825 3974 971 4047 quantum

128 4061 276 4133 Raderet,
303 4076 448 4145 angustae
471 4065 550 4125 collo
569 4088 633 4127 non
653 4068 752 4130 fallier
772 4089 879 4149 orcae,
1229 4072 1271 4139 60

128 4170 196 4239 Neu
214 4170 281 4256 quis
304 4170 445 4235 callidior¹
459 4173 577 4237 buxum
597 4184 739 4258 torquere
759 4174 891 4256 flagello.

128 4452 163 4512 ts
192 4384 296 4509 pwps.
319 4384 423 4455 pasta
439 4392 487 4441 ar.
507 4414 541 4425 -
563 4386 595 4438 v.
612 4386 656 4443 ta
676 4355 869 4443 canitae(
881 4414 917 4429 -
943 4388 975 4444 v.
992 4390 1036 4447 st.
1055 4398 1158 4446 narra.
1176 4418 1210 4433 -
1236 4394 1268 4447 v.

99 4489 107 4497 .
165 4494 172 4507 ‚
271 4473 294 4511 a,
313 4486 348 4499 -
