2700 4972
351 342 416 407 ιο
444 301 902 414 snasrrslrmrur.
1153 353 1198 420 ιι
1303 372 1305 379 ’

47 513 177 597 ingenio
195 511 303 577 minus
320 515 420 593 valet,
449 514 512 577 hoe
533 535 571 578 se
598 515 698 597 mama
721 518 861 581 attollere
880 528 914 581 et
934 516 1059 582 ddatare
1079 518 1196 601 oonad,
1276 584 1280 599 ,

47 612 80 665 ut
95 610 218 665 statura
231 600 348 685 breves
368 600 402 661 in
428 598 539 679 digitos
560 601 715 681 eriguntur·
734 614 766 665 et
784 606 873 690 plura
892 604 1006 667 infirmi
1026 606 1194 669 nrinantur.

48 680 146 753 Ndm
161 684 330 762 tumidos,
352 685 451 770 inquit
474 684 570 764 [11,s‚
593 684 620 769 ᾗ.
637 689 686 766 91,
710 697 744 754 et
759 700 937 775 corruptos
950 700 983 754 et
997 686 1148 754 tinnulos
1160 701 1195 754 et
1279 766 1282 771 Ι

49 792 245 859 quecunque
270 769 342 833 alio
369 769 556 835 cacozeliae
580 794 709 857 genere
721 785 904 860 peccantes
929 786 1060 839 eertum
1085 774 1194 840 babeo

48 880 117 922 ιιοιι
131 855 282 935 vniam,
300 853 362 920 sed
375 852 590 942 infirmitatis
601 856 686 922 uitio
700 858 879 925 laborare.-
900 871 939 925 ut
959 883 1106 948 corpora
1123 883 1196 925 non

49 941 181 1030 robore,
204 940 267 1007 sed
279 939 479 1005 valetudine
497 941 676 1030 inflantur.
720 940 826 1024 Quare
849 969 919 1009 cum
939 950 1036 1011 multa
1048 948 1108 1010 sint
1123 969 1194 1010 ora-
1257 938 1261 951 ’

47 1030 141 1093 tionis
162 1028 258 1107 vitia,
279 1029 399 1090 nullum
418 1038 524 1091 tamen
544 1042 589 1092 est
610 1032 671 1092 hoc
692 1033 871 1095 familiarius
896 1033 972 1112 illis,
1001 1035 1056 1118 qui
1078 1055 1097 1094 a
1120 1054 1195 1097 sana
1297 1092 1301 1097 .

48 1126 78 1179 et
103 1112 287 1181 secundum,
306 1125 448 1177 naturam
475 1116 629 1177 enuntiata
656 1120 755 1179 semel
782 1117 1001 1200 discesserunt,
1029 1121 1126 1181 multa
1155 1118 1196 1183 de
1263 1130 1266 1135 '

47 1196 332 1282 bertrintilianus
353 1198 482 1264 dirersis
502 1201 588 1281 loeis,
610 1201 666 1264 sed
686 1204 780 1283 longe
821 1206 886 1267 lura
902 1205 1061 1285 Longinus
1082 1206 1116 1269 in
1137 1226 1195 1267 au-

47 1288 134 1379 reolo
153 1307 216 1353 nee
236 1286 310 1349 satis
331 1308 468 1372 unquam
496 1289 575 1351 lecto
605 1289 710 1359 libello
738 1226 821 1372 aspi
836 1285 956 1366 ὕψους.

68 1408 73 1425 ι
138 1368 242 1455 Quod
261 1368 381 1458 pulmo
400 1372 542 1436 animae
566 1371 776 1461 praelargus
805 1375 969 1456 adsedet]
1006 1374 1245 1462 Orationemqts)

46 1456 174 1541 grandia
192 1462 376 1543 professam,
393 1457 453 1522 sed
467 1471 639 1539 turgentem
661 1459 805 1524 describit
825 1463 875 1525 his
894 1462 1006 1540 verbis,
1028 1463 1119 1547 plane
1140 1484 1192 1526 sa-

45 1545 248 1610 tiricos-nam
267 1564 342 1609 vera
361 1543 541 1625 magnitudo
563 1547 629 1609 aliis
646 1547 748 1628 longe
768 1548 936 1611 rationibus
957 1559 1079 1635 peretur
1099 1569 1194 1634 quam
1285 1586 1291 1601 ι

46 1629 221 1695 dictionum
245 1641 299 1692 aut
323 1630 522 1716 periodorum
542 1631 747 1713 longitudine,
778 1654 871 1719 qnam
898 1636 999 1697 solam
1027 1635 1098 1696 beie
1126 1635 1214 1698 istis·

46 1717 353 1799 tetum-,conferunt
372 1737 452 1792 sane·
461 1716 575 1802 aliquid
597 1716 637 1780 ad
650 1719 871 1781 sublimitatem
891 1720 988 1805 ampli
1007 1720 1078 1782 soni
1099 1723 1196 1783 verba

46 1823 82 1865 ae
103 1800 243 1885 grandia,
266 1813 297 1864 et
317 1801 437 1887 periodi
455 1804 621 1882 longiores,
641 1825 751 1868 verum
773 1804 816 1867 ita
836 1802 973 1883 demum,
995 1806 1023 1867 si
1042 1805 1094 1867 illa
1109 1805 1194 1891 prius
1256 1858 1258 1863 .

47 1886 163 1967 adsint,
183 1888 220 1955 in
240 1888 351 1972 quibua
371 1910 445 1953 vera
466 1890 725 1974 magniloquentia
747 1901 793 1954 est
812 1892 928 1976 posita:
953 1891 1080 1953 materia
1101 1911 1216 1970 gran-2

10 2036 20 2051 ,
48 1972 105 2055 dis,
124 1976 224 2039 verba
246 1996 319 2036 oum
330 1972 444 2053 judicio
459 1977 555 2037 electa
577 1986 608 2038 et
623 1977 778 2054 collocata,
791 1978 915 2056 -figurae
938 1996 1009 2041 cum
1025 1978 1193 2039 verborum

47 2062 112 2123 tuis
138 2061 362 2137 sententiarum
392 2056 457 2122 non
484 2071 600 2123 temere
626 2072 803 2146 usurpatae,
832 2061 889 2125 sed
918 2064 959 2125 ex'
978 2073 1059 2124 artes
1087 2062 1137 2125 bis
1163 2062 1212 2126 si

18 2224 27 2235 ,
47 2144 145 2209 oratio
167 2157 269 2208 careat
290 2156 321 2209 et
341 2143 602 2250 sesquipedalibus
623 2158 742 2209 tantum
761 2149 865 2211 ¹verbis
885 2158 1005 2228 turgeat
1018 2159 1071 2209 aut
1091 2148 1194 2228 longia

46 2228 183 2317 periodis
206 2230 344 2295 incedat:
365 2252 404 2296 ιο
428 2229 575 2313 ὀγκῶδες
601 2243 635 2294 et
660 2230 814 2315 οιόμφον
834 2229 891 2296 καὶ
912 2228 1003 2313 παρὰ
1025 2228 1123 2313 μέλος
1146 2231 1194 2296 oi-

47 2318 168 2383 όαῑνον
195 2317 340 2396 habebit,
378 2338 396 2378 a
429 2338 503 2382 vera
538 2318 748 2399 magnitudine
780 2326 878 2404 'quam
912 2319 1100 2381 alienissima
1127 2320 1194 2380 erit.

46 2400 219 2469 Animam
242 2425 300 2490 pro
328 2404 433 2488 spiritu
460 2404 579 2490 posuit,
612 2403 697 2489 quod
724 2405 874 2473 Hebraeis
902 2404 1193 2470 familiarissimum:

46 2491 155 2577 pubiro
181 2499 231 2551 est
256 2493 394 2570 septies
411 2487 600 2572 πνεύματος
606 2533 617 2564 ,
648 2491 821 2576 spirationis
849 2502 880 2553 et
906 2491 1115 2576 respirationis
1141 2491 1193 2552 in-

47 2585 269 2663 strumentum,
298 2574 382 2660 quod
410 2596 482 2637 cum
506 2573 668 2637 difficulter
696 2577 844 2656 facimus,
875 2579 1020 2640 anhelare
1043 2575 1192 2641 dicimur:

47 2660 77 2725 it
97 2672 207 2723 autem
228 2660 339 2722 accidit
357 2662 409 2724 uel
426 2672 550 2746 propter
565 2660 818 2741 defatigationem
839 2684 879 2725 ex
898 2663 1013 2726 laboris
1033 2662 1200 2729 nimietate
1223 2654 1229 2673 ¹

46 2749 96 2813 tel
108 2756 247 2833 ¹propter
265 2747 422 2833 pulmonis
440 2746 635 2832 parvitatem:
658 2749 831 2810 orationem
849 2749 951 2828 longis
968 2746 1103 2834 periodis
1114 2769 1193 2837 eors7
1251 2792 1254 2797 -
1314 2744 1319 2763 ⁴

46 2843 163 2897 textam
181 2833 228 2897 ita
249 2833 407 2918 exprimit,
436 2850 515 2918 quae
534 2833 652 2895 recitari
672 2855 738 2907 non
758 2835 856 2919 possit
876 2836 999 2919 ¹absque
1026 2833 1194 2898 vexatione

46 2918 203 3069 ffluom’a
223 2928 255 2980 et
272 2919 425 3001 anhelitu:
446 2919 491 2982 sio
514 2917 657 2982 Comicus
678 2920 711 2980 in
732 2918 828 2982 Ranis
851 2918 938 3000 [818]
960 2918 1038 2981 dixit
1053 2919 1191 3001 Aeschy-
1207 2933 1243 2991 58

137 3005 436 3086 ααναλεινολομεῖν
461 3000 658 3087 πλευμόνων
685 3002 793 3068 πολιόν
818 3001 943 3069 adeon:
971 3005 1100 3067 irridens
1126 3026 1192 3067 non

46 3090 132 3157 rotis
151 3090 285 3153 nimiam
306 3091 544 3168 contentionem,
565 3102 599 3152 ut
620 3089 750 3175 quidam·
764 3102 887 3176 putant,
914 3089 971 3153 sed
992 3091 1193 3175 ampullatam

47 3180 111 3259 ejus
124 3170 306 3241 'umbonem
327 3187 358 3238 et
378 3175 600 3258 dithyrambica
621 3178 725 3254 verba,
748 3197 826 3261 quae
846 3186 939 3240 vocat
957 3177 1024 3261 ipse
1044 3177 1098 3241 illo
1119 3177 1192 3239 loco
1258 3217 1260 3221 ι

48 3257 180 3347 ῥήματα
204 3257 420 3367 ἱπποβάμονα
441 3259 496 3325 καὶ
516 3264 721 3343 γομφοπαγῆ
749 3255 938 3344 πινακηδὸν
965 3254 1192 3342 όποσαοόμενα

46 3351 180 3434 γηγενεῖ
195 3362 377 3431 φυοηματι.
421 3345 609 3410 Scholiastes
626 3358 707 3410 reete
724 3348 768 3410 ibi
782 3359 886 3412 notat:
908 3341 949 3410 τὰ
971 3346 1112 3412 τοιαῦτα
1134 3340 1192 3430 ῥή-
1273 3348 1278 3357 ’

47 3456 134 3517 ματα
154 3429 240 3517 μετα
261 3435 388 3498 πολλοῦ
411 3430 595 3516 ἐξέρχονται
616 3426 744 3497 πόνους
772 3455 846 3497 vere
877 3433 961 3496 enim
981 3436 1100 3498 laborat
1120 3435 1192 3520 pul-

47 3540 107 3602 tno,
128 3540 204 3593 mun
223 3520 436 3607 pronuntiatur
456 3541 496 3583 ex
516 3517 692 3598 hujusmodi
712 3520 814 3583 verbis
836 3521 1115 3599 contexta'oratio;
1133 3516 1192 3583 sed

47 3606 136 3673 valde
155 3627 226 3669 rem
246 3617 409 3686 exaggerat
429 3605 567 3684 Persius,
597 3626 668 3667 oum
689 3604 774 3669 addit
800 3604 942 3669 animae
960 3602 1199 3693 praelargitae

47 3692 279 3759 vitiosissimam
300 3693 384 3754 enim
401 3703 521 3777 oportet
542 3712 610 3754 esse
622 3693 708 3755 illarn
729 3692 909 3770 orationem,
930 3711 1024 3776 quam
1045 3692 1112 3754 sine
1134 3711 1194 3752 an-
1277 3712 1284 3729 ¹

48 3780 141 3843 halitu
160 3778 360 3865 pronuntiare
379 3799 429 3839 ne
448 3778 494 3839 illi
514 3774 639 3863 quidem
667 3778 802 3863 possint,
829 3778 881 3862 qui
901 3778 1020 3862 optimo
1041 3777 1102 3839 sint
1122 3779 1195 3862 pul-

47 3885 149 3931 mone.
177 3861 236 3927 Est
257 3875 361 3926 autem
381 3866 447 3926 laus
466 3866 630 3950 praecipua
650 3864 816 3949 pulmonis,
837 3863 1084 3942 utsitmagnus3
1104 3858 1193 3925 dein-
1284 3860 1287 3867 ’

18 3986 23 3991 -
50 3950 85 4017 de
104 3963 141 4015 ut
160 3948 268 4013 mollis
289 3960 320 4025 et
340 3949 478 4028 validus,
508 3951 560 4035 qui
588 3952 720 4011 multum
746 3949 886 4034 spiritum
912 3949 1010 4034 possit
1033 3945 1193 4011 admittere
1274 3998 1276 4007 .

24 4048 27 4053 '
50 4050 76 4101 et
96 4037 255 4114 emittere,
278 4030 516 4140 ταμιευόμενος
538 4030 584 4109 oie
605 4029 648 4098 dv
670 4029 844 4117 βούληται,
866 4034 1192 4120 inquit-philosophus·

37 4124 78 4189 ‘in
94 4126 178 4188 libro
195 4116 281 4205 Περὶ
303 4124 486 4186 ακουσιοῐν.
530 4121 657 4206 Proprie
675 4122 785 4195 vitium
805 4132 851 4184 est
871 4141 936 4182 non
959 4120 1114 4200 orationis,
1135 4116 1193 4182 sed

50 4207 303 4297 pronumtiationis
326 4206 518 4271 aulielotr'e:
542 4206 581 4269 de
603 4229 664 4293 quo
681 4208 757 4271 vitiu
779 4206 826 4269 M.
848 4205 967 4269 Tullius
988 4206 1041 4268 lib.
1059 4202 1116 4269 lll.
1138 4202 1190 4267 De
1214 4214 1217 4219 '

20 4332 24 4373 t
54 4306 121 4363 unt.
143 4301 211 4377 111,
235 4290 264 4379 §.
277 4292 351 4374 4th
376 4290 467 4360 Nolo
484 4290 593 4359 verba
614 4291 749 4358 exiliter
764 4290 967 4356 exanimato
985 4289 1087 4368 exire,
1110 4287 1193 4353 nolo

55 4380 177 4485 fflota
192 4388 230 4447 et
250 4378 351 4465 quasi
363 4377 530 4445 ααόιίαεο
547 4378 708 4466 gravies.
749 4378 877 4443 Prorsus
897 4378 959 4441 alio
980 4386 1096 4463 spectra
1116 4374 1194 4438 Per·
1316 4374 1319 4383 ’

10 4506 31 4581 2,
55 4466 366 4555 ulie-cardumae,
392 4464 479 4555 quod
500 4464 669 4530 attendenti
688 4486 756 4529 non
782 4475 830 4530 eat
850 4465 1025 4529 obscurum.
1060 4460 1115 4543 [V.
1138 4464 1193 4529 ts
