2700 4972
164 381 231 447 nr
354 438 358 447 .
530 326 949 477 connnnrralusj

251 550 304 615 38.
325 550 378 614 39.
404 544 464 611 Ita
484 540 551 633 fit,
572 555 758 634 postquam
774 564 898 632 sapere
923 539 1003 608 urbi
1025 540 1118 607 Cum
1130 537 1255 647 pipere
1270 552 1299 607 rt

74 694 77 699 .
163 630 299 721 palmis
310 629 405 698 venit
420 643 575 697 nostrum
594 632 659 697 boc
673 630 783 695 morio
799 650 923 715 expers
938 626 995 710 Ε]
1010 628 1213 709 bitBestius:
1224 640 1298 717 post-

117 739 170 799 492
180 742 313 805 eaquam
327 741 388 781 una
408 741 479 781 cum
497 721 623 784 caeteris
631 720 789 799 mercibus
805 716 1012 791 transmarinis
1028 710 1223 779 Graecorum
1239 716 1298 803 pbi-

168 808 237 871 loso
259 806 320 885 hia,
340 807 617 891 quaenuncsulgo
631 808 791 891 probatur,
812 801 921 865 maria
936 820 1078 887 expers,
1101 800 1137 863 id
1151 812 1200 864 est
1210 802 1298 864 mollis

167 903 199 954 et
212 828 402 970 adamnan,
422 891 507 954 venit
520 890 713 975 admissaque
731 890 822 953 estin
841 891 962 967 urbem,
984 888 1069 951 cives
1082 884 1237 966 Romani,
1254 887 1297 971 qui

168 988 258 1040 antea
273 987 359 1041 erant
372 988 505 1057 agrestes
524 990 555 1039 et
570 977 710 1039 omnium
726 974 901 1051 deliciarum
923 972 1030 1052 rudes,
1053 974 1141 1058 pulte
1158 992 1242 1035 mera
1257 972 1296 1037 ri-

168 1062 323 1137 esitantes,
351 1062 396 1125 illi
417 1083 492 1135 varo
516 1073 681 1147 coeperunt
700 1083 788 1123 more
816 1056 1004 1123 Graecorum
1025 1058 1137 1122 vivere
1160 1069 1193 1121 et
1213 1059 1295 1143 pultes

168 1134 352 1211 suas'unctis
375 1147 450 1211 cibis
470 1160 606 1211 mutare..
631 1146 859 1224 [observarunt
877 1143 1002 1231 quidem
1024 1145 1086 1205 hac
1105 1142 1127 1205 ¹e
1170 1142 1296 1207 beatiore

167 1236 333 1297 vorborum
346 1230 457 1295 maria
468 1252 593 1319 erpere
605 1235 696 1319 plane
709 1230 797 1297 illudi
808 1233 841 1293 in
856 1228 977 1294 dicendi
996 1240 1154 1295 consuetu,
1175 1230 1183 1243 '
1206 1238 1294 1307 net,

168 1319 197 1381 si
207 1317 279 1381 duci
291 1319 387 1404 possit
408 1316 517 1380 :noris
533 1341 552 1381 a
567 1339 659 1394 maa,
686 1316 814 1399 intelligi
831 1317 933 1403 potius
952 1312 1166 1399 nuptiarum
1184 1332 1295 1399 esper-

168 1411 241 1466 tem
254 1404 420 1483 virginem,
442 1416 474 1465 ut
485 1406 591 1468 Horat.
608 1405 649 1467 ait
664 1402 727 1467 Od.
739 1400 796 1481 HJ,
814 1409 864 1481 10,
880 1406 934 1479 11,
974 1398 1037 1463 Sed
1052 1398 1295 1486 acquiescendum

168 1490 203 1552 in
215 1506 255 1552 eo
276 1488 412 1568 judicant
429 1487 556 1555 Gesner.
572 1492 649 1553 thes.
673 1511 704 1553 v.
720 1508 844 1573 expers
864 1496 898 1549 et
908 1486 1057 1564 Weber,
1080 1486 1135 1573 qui
1156 1495 1294 1573 comparat

168 1573 201 1652 Ι,
230 1579 308 1639 103:
336 1574 368 1638 si
386 1573 542 1637 testiculi
566 1595 656 1639 veno
683 1572 761 1637 ulla
776 1568 924 1659 paterni
955 1562 1105 1643 Viveret
1133 1567 1174 1633 in
1202 1566 1294 1635 nobit·

47 1680 50 1685 ·
169 1658 326 1739 „Etiamsi
345 1682 413 1740 gen.
429 1660 572 1725 marica
588 1681 663 1723 moa
676 1662 708 1723 in
727 1662 786 1722 hac
805 1657 1028 1745 compositione
1043 1657 1150 1743 primo
1166 1656 1294 1745 adspectu
1322 1736 1325 1741 Ι

170 1746 319 1808 molestus
334 1744 487 1826 videatur,
509 1748 782 1833 propensioresque
803 1744 1025 1825 simusgen.a
1047 1762 1151 1811 mare
1171 1752 1295 1821 stanna,

170 1841 276 1901 tamen
291 1831 343 1893 illa
354 1834 513 1912 sententia,
525 1833 677 1898 lrixuriam
688 1843 719 1894 et
730 1831 893 1893 mollitiem
908 1824 1061 1892 aGraecis
1074 1829 1232 1893 invectam
1240 1848 1296 1893 esse

170 1916 203 1978 in
218 1917 326 1979 urbem
336 1938 433 2001 eaque
443 1920 612 1983 masculam
621 1929 760 1981 veterum
771 1914 864 1985 Rom.
879 1914 1023 1977 viantem
1034 1914 1228 1995 exolevisse,
1245 1926 1296 1977 nn

169 2003 345 2087 pervulgata
359 2015 431 2082 erat,
447 2015 483 2065 ut
490 2025 584 2067 namo
596 2014 706 2088 poetae
714 2004 808 2067 verba
820 2002 907 2065 aliter
913 2000 1084 2081 intelligere
1089 2000 1227 2086 posset.“
1233 1994 1295 2078 W]

171 2085 224 2149 Sic
235 2088 317 2149 hunc
330 2090 435 2151 locsnn
454 2086 655 2175 exponimus,
679 2089 761 2152 varie
778 2089 923 2166 -jactatum
940 2088 979 2149 ab
1001 2084 1237 2172 interpretibus:
1255 2085 1296 2173 qni

172 2193 280 2234 omnes
295 2185 413 2273 praeter
429 2171 749 2237 unicumTurnebum
764 2172 841 2235 nibil
852 2170 982 2251 dignum
996 2172 1169 2252 attulerint,
1191 2192 1241 2235 cur
1251 2192 1296 2234 eo-

169 2279 240 2319 rum
251 2269 327 2320 ratio
343 2260 519 2323 baberetur:
528 2258 620 2329 ‚adeo
634 2257 764 2323 absurda
784 2268 815 2319 et
828 2277 920 2340 saepe
935 2254 1062 2318 ridinila
1076 2257 1111 2318 in
1126 2258 1207 2321 haec
1217 2258 1294 2323 verba

171 2343 230 2405 scri
341 2355 361 2405 t.
383 2346 530 2423 [Libellus
541 2344 581 2409 de
593 2347 624 2409 b
639 2347 660 2407 1.
674 2355 772 2409 exstat
783 2341 934 2419 llleisteri,
963 2334 1047 2403 Ueb.
1061 2338 1110 2404 A.
1122 2340 1222 2407 Pers.
1234 2338 1293 2405 aar.

176 2421 215 2490 V
240 2473 247 2500 ‚
270 2451 300 2490 v.
316 2433 357 2492 37
367 2431 457 2494 -40
473 2442 541 2493 cett.
563 2430 648 2515 Lips.
669 2434 769 2506 1810,
793 2430 876 2507 cujus
893 2425 1104 2513 interpretatio
1130 2450 1171 2491 eo
1188 2427 1295 2493 boden

171 2511 262 2575 redit:
283 2511 456 2598 Sapientia,
477 2537 571 2599 quarn
584 2537 664 2593 non,
687 2526 720 2576 ut
734 2514 809 2577 olim
822 2512 956 2577 Athenas
971 2532 1002 2577 r.
1027 2535 1054 2576 e.
1072 2514 1209 2595 migrare
1228 2516 1295 2579 sole-

171 2600 300 2674 bamus,
322 2601 527 2664 transmarinis
540 2601 728 2685 expertibus
741 2600 887 2685 petimus,
909 2596 966 2661 sed
979 2619 1058 2683 quae
1076 2598 1297 2679 cismarinajau

122 2728 125 2733 -
170 2685 250 2745 facta
268 2694 315 2746 est
329 2705 364 2747 ac
378 2696 497 2749 nostras
510 2688 654 2764 omnino,
674 2707 717 2747 ex
737 2707 798 2770 quo
813 2679 954 2747 Graeculi
972 2705 1035 2745 una
1060 2706 1136 2748 cum
1158 2686 1191 2772 pi
1212 2694 1297 2749 erret

170 2769 281 2856 palmis
299 2771 338 2833 ab
351 2770 532 2835 Alexandria
548 2773 727 2858 praesertim
739 2773 800 2847 huc
812 2768 947 2847 advecti,
968 2780 1003 2831 ut
1016 2766 1170 2835 Sotiones
1218 2790 1297 2835 exau·

172 2853 251 2923 (irini
265 2856 303 2917 al·
318 2855 361 2933 (v.
375 2879 406 2942 p.
423 2860 464 2921 43
478 2857 573 2943 sqq),
595 2878 701 2921 veram
713 2854 926 2919 Romanorum
945 2852 1088 2919 indolem
1109 2857 1226 2922 misera
1243 2876 1297 2921 cor·
1323 2860 1329 2877 ⁸

170 2951 346 3026 rumpentes
359 2942 392 3005 in
406 2945 482 3007 urbe
495 2964 565 3007 earn
580 2941 690 3005 docere
706 2938 891 3027 coeperunt]
923 2938 1063 3005 Turnebi
1074 2964 1156 3007 vero
1167 2944 1298 3031 interpe-

170 3026 244 3088 tatio
261 3026 429 3113 [proposita
442 3027 520 3093 adv.
531 3028 612 3108 XX,
631 3051 656 3094 c.
673 3033 703 3106 7,
719 3026 759 3090 tle
775 3048 834 3113 qua
847 3026 981 3091 Meister.
1005 3048 1034 3113 p.
1050 3030 1144 3093 21-
1157 3028 1235 3111 2931,
1253 3027 1299 3093 cri

171 3122 274 3189 acuta,
295 3113 461 3193 ingeniosa·
469 3125 500 3176 et
510 3125 593 3175 tanto
607 3114 673 3178 viro
689 3111 793 3192 digna,
815 3113 886 3198 quia
896 3123 1002 3174 tamen
1012 3114 1122 3197 palam
1136 3126 1241 3179 coacta
1252 3124 1298 3179 est:

170 3194 281 3261 viderit
292 3218 406 3283 aequus
420 3201 516 3262 lector
526 3211 663 3262 nostram
675 3220 714 3260 an
726 3199 806 3279 illius
863 3196 921 3260 tius
936 3197 977 3260 sit
988 3200 1194 3282 probaturus:
1213 3198 1299 3265 omns

172 3280 333 3346 difficultas
351 3285 384 3345 in
406 3285 466 3347 illis
486 3285 605 3350 verbis:
637 3290 793 3347 nostrum
847 3304 884 3344 oc
909 3281 1021 3346 maris
1054 3304 1204 3373 expers:

171 3364 333 3431 Turnebus
355 3381 475 3453 separat
493 3392 512 3432 a
531 3369 781 3456 praecedentibus
802 3369 999 3457 exponitque:
1028 3382 1141 3435 nostra
1156 3370 1269 3475 discip'
1332 3370 1338 3425 ἶ

172 3451 273 3536 coepit
297 3454 453 3516 contemni
472 3465 508 3515 ut
534 3457 708 3535 cismarina,
738 3478 802 3519 non
824 3468 857 3517 ut
878 3451 1069 3518 Graecorum
1087 3468 1298 3525 manemus:
1332 3460 1338 3517 l

171 3557 236 3599 non
254 3540 338 3600 malo
360 3537 500 3625 quidem,
528 3540 585 3603 sed
610 3555 731 3619 coacto,
752 3553 786 3603 ut
811 3540 960 3619 diximus,
990 3562 1103 3607 sensu:
1128 3542 1214 3609 addo
1231 3540 1299 3633 quud
1330 3523 1337 3642 i

170 3642 301 3706 sequens
316 3645 423 3689 versus
440 3624 598 3689 difficilem
610 3627 736 3691 habebit
755 3650 825 3689 cum
842 3626 909 3689 istis
925 3626 1163 3693 cohaesionem.
1204 3628 1299 3695 nnn
1330 3644 1337 3729 Ι

170 3708 377 3792 interpretatio
390 3709 518 3774 Satirico
532 3723 580 3774 est
591 3713 895 3777 convenientissima:
910 3712 978 3796 quis
989 3734 1066 3776 vero
1080 3716 1222 3797 negetel
1332 3734 1336 3777 r

170 3793 287 3855 tissime
305 3793 420 3859 dictum
432 3818 450 3860 a
462 3796 567 3861 Persio
584 3818 709 3884 sapere
722 3795 833 3861 moria
847 3817 970 3881 expers
983 3820 1040 3883 pro
1052 3792 1203 3882 ἅόὁενος
1212 3795 1299 3869 ondit
1331 3794 1336 3816 '

172 3872 293 3959 ἔχουσα
306 3891 337 3941 et
352 3882 526 3945 effeminata
538 3884 687 3968 sapientia
701 3904 736 3947 ac
748 3906 858 3970 parum
870 3884 1030 3949 mascula?
1054 3887 1154 3951 talem
1170 3890 1299 3953 volebant

170 3960 305 4026 Romani
323 3965 422 4031 videri
445 3967 636 4054 disciplinam
651 3966 865 4050 Graecorum,¹
877 3970 1092 4049 umbratilem,
1114 3973 1299 4060 inquam,et

168 4048 242 4112 viris
254 4047 404 4117 Romanis
417 4075 525 4140 parurn
544 4053 668 4136 dignam
682 4067 772 4141 atque
787 4055 865 4119 adeo
884 4054 921 4116 iis
940 4056 1042 4139 potius
1064 4060 1299 4128 convenientem.

169 4133 328 4234 inquibus
348 4141 412 4217 ejus
428 4141 537 4223 partis,
557 4163 612 4224 per
650 4163 723 4204 uam
745 4163 845 4205 mares
865 4160 985 4215 sumus,
1014 4142 1096 4205 nihil
1115 4144 1253 4225 viveret,
1275 4152 1299 4203 d

169 4217 267 4283 Saura
284 4221 383 4306 prima
410 4226 604 4309 loquebatur:
625 4163 698 4290 ibeo
712 4227 833 4290 Persius
857 4222 997 4289 etSa'rtira
1010 4224 1069 4291 ΙΙΙ,
1087 4240 1120 4293 et
1142 4230 1188 4295 V.
1210 4246 1298 4297 osuiu

117 4309 171 4368 493
178 4302 361 4370 Graecarum
373 4308 527 4373 literarum
540 4312 671 4377 vocabat
685 4311 899 4376 centuriones
911 4306 1064 4375 ltircosos
1078 4325 1110 4377 ot
1123 4314 1297 4383 varicoso:

171 4391 241 4475 quia
257 4391 308 4454 isti
328 4395 412 4459 solos
429 4417 464 4459 se
484 4396 582 4474 viros,
603 4398 687 4461 solos
706 4420 806 4462 mares
826 4398 992 4485 putabant,
1025 4396 1157 4467 deditos
1176 4404 1297 4490 pbiloso-

168 4476 262 4562 pbiaa
276 4473 441 4546 Graeculos
453 4494 483 4546 et
496 4503 537 4546 ne
552 4482 635 4585 viros
643 4481 768 4568 quidem
784 4484 970 4548 dictitabant.
991 4480 1122 4574 [Piper
1133 4486 1296 4577 etpotmut
