2700 4972
404 282 866 375 'sorronrs
1108 272 1196 377 'v
1276 254 1279 269 ¹

76 486 110 561 in
139 484 213 561 hac
244 484 349 561 urbe
374 484 505 562 critica
532 476 659 563 multa
688 487 859 565 meliora
883 486 1004 565 dandi
1035 490 1195 589 insignis

72 639 161 715 mihi
187 655 293 717 esset
320 641 616 742 opportunitas,
653 642 728 717 nisi
754 665 898 741 magna
919 642 984 721 illa
1007 645 1194 744 glossaria

70 796 216 895 Latina,
258 821 436 899 quorum
468 795 611 896 justam
651 801 986 900 exspectationem
1015 803 1192 883 excitavit

67 951 326 1030 Ruhnkenius
359 953 401 1028 in
428 951 678 1058 praefatione
702 954 754 1032 ad
775 953 1009 1057 Apulejum5
1044 981 1067 1032 e
1100 956 1192 1057 plus

66 1109 193 1207 viginti
217 1108 434 1187 Codicihus
460 1110 737 1189 concinnanda
759 1136 828 1189 me
860 1124 1049 1215 tenerent
1070 1136 1190 1189 occu·
1296 1176 1299 1181 .

66 1266 317 1365 patissimum.
368 1264 521 1345 Eadem
538 1265 590 1344 de
612 1291 726 1343 causa
738 1265 779 1341 in
796 1250 963 1367 plagulis
984 1290 1005 1343 a
1024 1266 1189 1344 redem-

65 1436 173 1523 ptore
187 1422 241 1501 ad
256 1448 324 1499 me
342 1412 470 1498 missis
491 1420 592 1496 nihil
615 1417 703 1497 sere
723 1423 948 1515 retractavi3
975 1422 1109 1499 Huetii
1127 1436 1186 1499 ta-

64 1603 171 1677 men,
207 1579 352 1675 Guyeti
377 1591 417 1655 et
437 1576 622 1677 scaligeri
650 1577 756 1653 notis
780 1575 1020 1679 quibusdam
1043 1603 1188 1655 manu-

12 1790 30 1819 ,
63 1736 227 1836 scriptiS,
256 1734 423 1836 quaein
443 1731 688 1839 bibliotheca
713 1734 836 1831 Regia
858 1746 1079 1829 servantur,
1114 1732 1184 1809 ali-

63 1891 151 1993 quid
171 1914 321 1992 operae
338 1903 378 1967 et
401 1886 618 1991 pauxillum
642 1850 687 1961 in
705 1886 780 1989 hac
798 1879 974 1964 editione
989 1887 1066 1965 loci
1087 1913 1184 1965 con-

62 2045 200 2122 cedere
229 2045 354 2123 malui
382 2069 505 2147 quam
526 2043 732 2121 oblivione
761 2069 826 2121 eas
851 2042 969 2119 obrui
989 2045 1182 2123 sinerem:

61 2225 137 2277 non
154 2200 399 2305 obupretium
415 2201 635 2298 insolitum,
661 2198 735 2276 sed
748 2201 841 2302 quia
854 2199 1000 2299 negligi
1017 2200 1180 2303 aliquid,

63 2356 166 2458 quod
197 2357 398 2457 cogitandi
418 2380 571 2454 „ansam
602 2355 798 2457 praebere
831 2370 985 2456 posset,
1032 2359 1073 2433 in
1101 2357 1180 2435 hoc

60 2529 170 2614 poeta
193 2513 380 2612 religioni
410 2510 617 2591 ducebam.
685 2510 828 2608 Guyeti
859 2511 1026 2613 quidem
1058 2528 1179 2593 notae
1285 2552 1307 2619 ξ,-

60 2664 129 2764 jam
147 2668 389 2769 legebantur-
404 2671 445 2745 in
460 2667 580 2786 Mich.
602 2664 776 2744 Marollii
795 2670 980 2748 versione
1002 2673 1177 2745 Franco·

59 2825 184 2921 gallica
213 2826 363 2927 (Paris,
401 2829 535 2923 1658):
570 2823 643 2900 sed
666 2823 698 2897 is
718 2825 828 2924 quasi
846 2825 1028 2904 consulto
1052 2848 1177 2927 pauca
1248 2908 1252 2919 Ι

60 2981 216 3059 meliora
239 2981 392 3080 omisit,
414 3005 557 3082 parum
575 2979 684 3055 utilia
705 2979 919 3081 descripsit.
978 2986 1105 3059 Porro
1135 2981 1176 3055 in

61 3138 299 3217 Praefatione
348 3136 547 3234 corrigere
592 3133 779 3210 volebam
828 3134 980 3237 aliquot
1030 3140 1175 3215 Casan-

60 3291 144 3372 honi
167 3317 345 3389 errores,
373 3292 443 3393 qui
466 3291 507 3365 in
527 3288 828 3391 prolegomenis
851 3290 1065 3388 habentur;
1103 3293 1174 3371 de·
1231 3268 1235 3277 Ι

60 3443 405 3527 lenderePersium
420 3446 468 3521 ab
484 3443 625 3544 injusta
642 3469 807 3523 censura
821 3446 893 3522 viri
904 3448 1010 3525 inter
1023 3474 1173 3551 paucos
1238 3440 1256 3541 s

59 3600 222 3705 insignis,
254 3601 490 3681 Bemhardii
517 3602 574 3700 (in
595 3608 688 3681 Hist.
710 3609 775 3680 litt.
796 3596 938 3701 Rom),
974 3604 1173 3705 quaedam
1206 3696 1227 3713 Ι,

61 3760 253 3838 additurus
282 3752 332 3836 de
353 3758 629 3836 dissertatione
658 3756 986 3856 Cherbuliesiin,
1028 3757 1172 3860 quide

59 3918 183 3995 satirae
203 3914 311 4019 apud
330 3918 538 3995 Romanos
561 3913 743 4014 historia,
779 3914 830 3991 de
850 3914 1016 3992 Horatio
1041 3927 1081 3992 ct
1100 3918 1172 3991 Ju-
1260 3958 1265 3967 =

213 4116 218 4123 Ι
246 4066 255 4101 Ι

60 4150 250 4165 *cu-ss·-

129 4283 156 4364 *l
177 4284 272 4342 Etcai
298 4303 349 4373 orer
369 4284 402 4341 la
422 4285 512 4341 satire
528 4284 661 4358 'Latrim
678 4301 741 4361 par
754 4282 857 4341 Andre
877 4279 1059 4340 Claedutteza
1108 4281 1170 4337 (le-

60 4420 133 4479 we,
157 4407 250 4471 1829·
611 4402 615 4415 '
