<?xml version="1.0" encoding="UTF-8"?>
<!DOCTYPE html PUBLIC "-//W3C//DTD XHTML 1.0 Transitional//EN"
    "http://www.w3.org/TR/xhtml1/DTD/xhtml1-transitional.dtd">
<html xmlns="http://www.w3.org/1999/xhtml" xml:lang="en" lang="en">
 <head>
  <title>
</title>
<meta http-equiv="Content-Type" content="text/html;charset=utf-8" />
  <meta name='ocr-system' content='tesseract 3.04.00' />
  <meta name='ocr-capabilities' content='ocr_page ocr_carea ocr_par ocr_line ocrx_word'/>
</head>
<body>
  <div class='ocr_page' id='page_1' title='image "./satirarumliber00persgoog_0366.png"; bbox 0 0 2700 4972; ppageno 0'>
   <div class='ocr_carea' id='block_1_1' title="bbox 84 39 1284 391">
    <p class='ocr_par' dir='ltr' id='par_1_1' title="bbox 84 39 1284 391">
     <span class='ocr_line' id='line_1_1' title="bbox 84 39 1284 391; baseline -0.007 0"><span class='ocrx_word' id='word_1_1' title='bbox 84 316 168 391; x_wconf 76' lang='lat' dir='ltr'><strong>&#39;ars</strong></span> <span class='ocrx_word' id='word_1_2' title='bbox 388 376 392 381; x_wconf 97' lang='lat'>.</span> <span class='ocrx_word' id='word_1_3' title='bbox 444 282 875 390; x_wconf 73' lang='lat' dir='ltr'><strong>consummamus</strong></span> <span class='ocrx_word' id='word_1_4' title='bbox 1270 39 1284 371; x_wconf 72' lang='lat' dir='ltr'><strong>i</strong></span> 
     </span>
    </p>
   </div>
   <div class='ocr_carea' id='block_1_2' title="bbox 1 494 1284 4030">
    <p class='ocr_par' dir='ltr' id='par_1_2' title="bbox 103 494 1264 583">
     <span class='ocr_line' id='line_1_2' title="bbox 103 494 1264 583; baseline 0.003 -24"><span class='ocrx_word' id='word_1_5' title='bbox 103 518 215 559; x_wconf 86' lang='lat' dir='ltr'><strong>norum</strong></span> <span class='ocrx_word' id='word_1_6' title='bbox 231 494 314 569; x_wconf 73' lang='lat' dir='ltr'><strong>XX,</strong></span> <span class='ocrx_word' id='word_1_7' title='bbox 327 518 350 557; x_wconf 90' lang='lat' dir='ltr'><strong>n</strong></span> <span class='ocrx_word' id='word_1_8' title='bbox 388 517 430 559; x_wconf 89' lang='lat' dir='ltr'><strong>ue</strong></span> <span class='ocrx_word' id='word_1_9' title='bbox 445 518 500 582; x_wconf 88' lang='lat' dir='ltr'><strong>per</strong></span> <span class='ocrx_word' id='word_1_10' title='bbox 514 519 549 560; x_wconf 88' lang='lat' dir='ltr'><strong>se</strong></span> <span class='ocrx_word' id='word_1_11' title='bbox 567 497 721 561; x_wconf 81' lang='lat' dir='ltr'><strong>invenisse</strong></span> <span class='ocrx_word' id='word_1_12' title='bbox 738 518 838 583; x_wconf 82' lang='lat' dir='ltr'><strong>neque</strong></span> <span class='ocrx_word' id='word_1_13' title='bbox 852 499 891 559; x_wconf 87' lang='lat' dir='ltr'><strong>ab</strong></span> <span class='ocrx_word' id='word_1_14' title='bbox 908 496 968 559; x_wconf 89' lang='lat' dir='ltr'><strong>alio</strong></span> <span class='ocrx_word' id='word_1_15' title='bbox 985 495 1134 561; x_wconf 83' lang='lat' dir='ltr'><strong>didicisse</strong></span> <span class='ocrx_word' id='word_1_16' title='bbox 1149 496 1243 561; x_wconf 79' lang='lat' dir='ltr'><strong>scieu-</strong></span> <span class='ocrx_word' id='word_1_17' title='bbox 1261 526 1264 533; x_wconf 96' lang='lat'>·</span> 
     </span>
    </p>

    <p class='ocr_par' dir='ltr' id='par_1_3' title="bbox 1 516 1284 1007">
     <span class='ocr_line' id='line_1_3' title="bbox 1 516 1240 669; baseline 0 -25"><span class='ocrx_word' id='word_1_18' title='bbox 1 662 3 669; x_wconf 26' lang='lat'><strong>¹</strong></span> <span class='ocrx_word' id='word_1_19' title='bbox 103 585 179 644; x_wconf 91' lang='lat' dir='ltr'><strong>tiam</strong></span> <span class='ocrx_word' id='word_1_20' title='bbox 194 516 403 667; x_wconf 54' lang='lat' dir='ltr'><strong>politicamefd.</strong></span> <span class='ocrx_word' id='word_1_21' title='bbox 420 587 462 649; x_wconf 81' lang='lat'><strong>30</strong></span> <span class='ocrx_word' id='word_1_22' title='bbox 475 582 571 667; x_wconf 69' lang='lat' dir='ltr'><strong>sqq‚]‚</strong></span> <span class='ocrx_word' id='word_1_23' title='bbox 591 602 670 668; x_wconf 81' lang='lat' dir='ltr'><strong>quae</strong></span> <span class='ocrx_word' id='word_1_24' title='bbox 684 584 754 645; x_wconf 91' lang='lat' dir='ltr'><strong>heic</strong></span> <span class='ocrx_word' id='word_1_25' title='bbox 773 585 941 668; x_wconf 89' lang='lat' dir='ltr'><strong>appellatur</strong></span> <span class='ocrx_word' id='word_1_26' title='bbox 955 603 1076 646; x_wconf 81' lang='lat' dir='ltr'><strong>aerum</strong></span> <span class='ocrx_word' id='word_1_27' title='bbox 1091 579 1240 667; x_wconf 80' lang='lat' dir='ltr'><strong>pruden-</strong></span> 
     </span>
     <span class='ocr_line' id='line_1_4' title="bbox 106 662 1284 756; baseline 0.003 -26"><span class='ocrx_word' id='word_1_28' title='bbox 106 666 167 730; x_wconf 78' lang='lat' dir='ltr'><strong>tia.</strong></span> <span class='ocrx_word' id='word_1_29' title='bbox 209 666 328 739; x_wconf 90' lang='lat' dir='ltr'><strong>Platoni</strong></span> <span class='ocrx_word' id='word_1_30' title='bbox 343 680 373 731; x_wconf 90' lang='lat' dir='ltr'><strong>et</strong></span> <span class='ocrx_word' id='word_1_31' title='bbox 386 669 537 731; x_wconf 77' lang='lat' dir='ltr'><strong>Aristoteli</strong></span> <span class='ocrx_word' id='word_1_32' title='bbox 555 664 708 751; x_wconf 74' lang='grc' dir='ltr'><strong><em>πολιτική</em></strong></span> <span class='ocrx_word' id='word_1_33' title='bbox 730 668 837 730; x_wconf 88' lang='lat' dir='ltr'><strong>dicitur</strong></span> <span class='ocrx_word' id='word_1_34' title='bbox 849 662 977 748; x_wconf 72' lang='grc' dir='ltr'><strong><em>ἁπλῶς,</em></strong></span> <span class='ocrx_word' id='word_1_35' title='bbox 1000 681 1034 731; x_wconf 90' lang='lat' dir='ltr'><strong>et</strong></span> <span class='ocrx_word' id='word_1_36' title='bbox 1047 690 1144 756; x_wconf 84' lang='lat' dir='ltr'><strong>saepe</strong></span> <span class='ocrx_word' id='word_1_37' title='bbox 1155 670 1242 733; x_wconf 68' lang='lat' dir='ltr'><strong>sotr-</strong></span> <span class='ocrx_word' id='word_1_38' title='bbox 1281 712 1284 755; x_wconf 66' lang='grc' dir='ltr'>Ι</span> 
     </span>
     <span class='ocr_line' id='line_1_5' title="bbox 99 748 1284 841; baseline 0.002 -24"><span class='ocrx_word' id='word_1_39' title='bbox 99 748 181 836; x_wconf 66' lang='lat' dir='ltr'><strong>*atati</strong></span> <span class='ocrx_word' id='word_1_40' title='bbox 194 749 291 836; x_wconf 77' lang='grc' dir='ltr'><strong><em>τέχνη</em></strong></span> <span class='ocrx_word' id='word_1_41' title='bbox 305 757 356 818; x_wconf 81' lang='lat' dir='ltr'><strong>vel</strong></span> <span class='ocrx_word' id='word_1_42' title='bbox 369 750 510 834; x_wconf 75' lang='grc' dir='ltr'><strong><em>δύναμις</em></strong></span> <span class='ocrx_word' id='word_1_43' title='bbox 528 759 579 818; x_wconf 83' lang='lat' dir='ltr'><strong>vel</strong></span> <span class='ocrx_word' id='word_1_44' title='bbox 603 750 785 838; x_wconf 75' lang='grc' dir='ltr'><strong><em>ἐπιστήμηε</em></strong></span> <span class='ocrx_word' id='word_1_45' title='bbox 812 757 889 817; x_wconf 92' lang='lat' dir='ltr'><strong>haec</strong></span> <span class='ocrx_word' id='word_1_46' title='bbox 910 757 1007 819; x_wconf 76' lang='lat' dir='ltr'><strong>virtus</strong></span> <span class='ocrx_word' id='word_1_47' title='bbox 1034 756 1108 839; x_wconf 88' lang='lat' dir='ltr'><strong>quia</strong></span> <span class='ocrx_word' id='word_1_48' title='bbox 1133 778 1188 841; x_wconf 87' lang='lat' dir='ltr'><strong>pro</strong></span> <span class='ocrx_word' id='word_1_49' title='bbox 1221 756 1243 819; x_wconf 81' lang='lat' dir='ltr'><strong>&#39;a</strong></span> <span class='ocrx_word' id='word_1_50' title='bbox 1282 760 1284 765; x_wconf 82' lang='grc'><strong>’</strong></span> 
     </span>
     <span class='ocr_line' id='line_1_6' title="bbox 107 836 1241 924; baseline 0.002 -23"><span class='ocrx_word' id='word_1_51' title='bbox 107 840 250 902; x_wconf 89' lang='lat' dir='ltr'><strong>convenit</strong></span> <span class='ocrx_word' id='word_1_52' title='bbox 270 839 509 918; x_wconf 83' lang='lat' dir='ltr'><strong>magistratibus,</strong></span> <span class='ocrx_word' id='word_1_53' title='bbox 532 862 608 924; x_wconf 82' lang='lat' dir='ltr'><strong>quus</strong></span> <span class='ocrx_word' id='word_1_54' title='bbox 626 839 735 905; x_wconf 88' lang='lat' dir='ltr'><strong>Graeci</strong></span> <span class='ocrx_word' id='word_1_55' title='bbox 752 836 931 914; x_wconf 68' lang='lat' dir='ltr'><strong>claudeda</strong></span> <span class='ocrx_word' id='word_1_56' title='bbox 948 837 1035 905; x_wconf 83' lang='grc' dir='ltr'><strong><em>τέλει</em></strong></span> <span class='ocrx_word' id='word_1_57' title='bbox 1052 854 1085 903; x_wconf 90' lang='lat' dir='ltr'><strong>et</strong></span> <span class='ocrx_word' id='word_1_58' title='bbox 1100 842 1164 903; x_wconf 87' lang='lat' dir='ltr'><strong>inte</strong></span> <span class='ocrx_word' id='word_1_59' title='bbox 1197 864 1241 903; x_wconf 85' lang='lat' dir='ltr'><strong>tun</strong></span> 
     </span>
     <span class='ocr_line' id='line_1_7' title="bbox 106 921 1282 1007; baseline -0.003 -18"><span class='ocrx_word' id='word_1_60' title='bbox 106 921 186 1003; x_wconf 71' lang='grc' dir='ltr'><strong>τούς</strong></span> <span class='ocrx_word' id='word_1_61' title='bbox 203 921 348 999; x_wconf 64' lang='grc' dir='ltr'><strong><em>ἐντελεῖς</em></strong></span> <span class='ocrx_word' id='word_1_62' title='bbox 363 928 540 1004; x_wconf 88' lang='lat' dir='ltr'><strong>nominant,</strong></span> <span class='ocrx_word' id='word_1_63' title='bbox 567 926 639 988; x_wconf 89' lang='lat' dir='ltr'><strong>ideo</strong></span> <span class='ocrx_word' id='word_1_64' title='bbox 656 924 816 1001; x_wconf 76' lang='grc' dir='ltr'><strong><em>ἐντελείας</em></strong></span> <span class='ocrx_word' id='word_1_65' title='bbox 838 929 990 990; x_wconf 79' lang='lat' dir='ltr'><strong>vocabulo</strong></span> <span class='ocrx_word' id='word_1_66' title='bbox 1010 938 1058 989; x_wconf 91' lang='lat' dir='ltr'><strong>est</strong></span> <span class='ocrx_word' id='word_1_67' title='bbox 1082 926 1242 1007; x_wconf 80' lang='lat' dir='ltr'><strong>designata:</strong></span> <span class='ocrx_word' id='word_1_68' title='bbox 1277 970 1282 979; x_wconf 89' lang='lat'><em>.</em></span> 
     </span>
    </p>

    <p class='ocr_par' dir='ltr' id='par_1_4' title="bbox 3 1007 1241 1113">
     <span class='ocr_line' id='line_1_8' title="bbox 3 1007 1241 1113; baseline 0.002 -41"><span class='ocrx_word' id='word_1_69' title='bbox 3 1020 5 1029; x_wconf 91' lang='lat'>&#39;</span> <span class='ocrx_word' id='word_1_70' title='bbox 105 1012 148 1073; x_wconf 88' lang='lat' dir='ltr'><strong>ita</strong></span> <span class='ocrx_word' id='word_1_71' title='bbox 161 1012 269 1095; x_wconf 88' lang='lat' dir='ltr'><strong>accipit</strong></span> <span class='ocrx_word' id='word_1_72' title='bbox 284 1007 448 1090; x_wconf 79' lang='lat' dir='ltr'>Gregorius</span> <span class='ocrx_word' id='word_1_73' title='bbox 460 1011 535 1076; x_wconf 84' lang='lat' dir='ltr'><strong>Naz.</strong></span> <span class='ocrx_word' id='word_1_74' title='bbox 549 1014 582 1073; x_wconf 85' lang='lat' dir='ltr'><strong>in</strong></span> <span class='ocrx_word' id='word_1_75' title='bbox 595 1014 750 1113; x_wconf 84' lang='lat' dir='ltr'><strong>epitaphio</strong></span> <span class='ocrx_word' id='word_1_76' title='bbox 766 1015 942 1097; x_wconf 84' lang='lat' dir='ltr'><strong>inpetrem,</strong></span> <span class='ocrx_word' id='word_1_77' title='bbox 963 1014 1018 1075; x_wconf 88' lang='lat' dir='ltr'><strong>ubi</strong></span> <span class='ocrx_word' id='word_1_78' title='bbox 1033 1013 1076 1074; x_wconf 88' lang='lat' dir='ltr'><strong>ait</strong></span> <span class='ocrx_word' id='word_1_79' title='bbox 1090 1008 1241 1077; x_wconf 70' lang='lat' dir='ltr'><strong>imelda·</strong></span> 
     </span>
    </p>

    <p class='ocr_par' dir='ltr' id='par_1_5' title="bbox 90 1091 1284 1179">
     <span class='ocr_line' id='line_1_9' title="bbox 90 1091 1284 1179; baseline 0.003 -20"><span class='ocrx_word' id='word_1_80' title='bbox 90 1118 174 1159; x_wconf 90' lang='lat' dir='ltr'><strong>-esse</strong></span> <span class='ocrx_word' id='word_1_81' title='bbox 189 1091 249 1178; x_wconf 81' lang='grc' dir='ltr'><strong>τὴν</strong></span> <span class='ocrx_word' id='word_1_82' title='bbox 266 1094 340 1175; x_wconf 77' lang='grc' dir='ltr'><strong><em>περὶ</em></strong></span> <span class='ocrx_word' id='word_1_83' title='bbox 354 1093 391 1160; x_wconf 78' lang='grc' dir='ltr'><strong>τό</strong></span> <span class='ocrx_word' id='word_1_84' title='bbox 408 1092 574 1174; x_wconf 80' lang='grc' dir='ltr'><strong><em>πρακτέον</em></strong></span> <span class='ocrx_word' id='word_1_85' title='bbox 590 1092 725 1179; x_wconf 71' lang='lat' dir='ltr'><strong>darana,</strong></span> <span class='ocrx_word' id='word_1_86' title='bbox 758 1100 880 1160; x_wconf 70' lang='lat' dir='ltr'><strong>insitam</strong></span> <span class='ocrx_word' id='word_1_87' title='bbox 902 1096 937 1160; x_wconf 78' lang='grc' dir='ltr'><strong>ἐν</strong></span> <span class='ocrx_word' id='word_1_88' title='bbox 957 1098 1193 1177; x_wconf 81' lang='grc' dir='ltr'><strong><em>προοταοίαις,</em></strong></span> <span class='ocrx_word' id='word_1_89' title='bbox 1211 1094 1241 1163; x_wconf 67' lang='grc' dir='ltr'><strong>ἐν</strong></span> <span class='ocrx_word' id='word_1_90' title='bbox 1282 1162 1284 1169; x_wconf 87' lang='grc'>,</span> 
     </span>
    </p>

    <p class='ocr_par' dir='ltr' id='par_1_6' title="bbox 3 1178 1280 1355">
     <span class='ocr_line' id='line_1_10' title="bbox 3 1178 1280 1269; baseline 0.002 -24"><span class='ocrx_word' id='word_1_91' title='bbox 3 1262 7 1267; x_wconf 27' lang='grc'><strong>,</strong></span> <span class='ocrx_word' id='word_1_92' title='bbox 106 1178 329 1261; x_wconf 79' lang='grc' dir='ltr'><strong><em>παρὁοίαις,</em></strong></span> <span class='ocrx_word' id='word_1_93' title='bbox 352 1178 597 1261; x_wconf 68' lang='grc' dir='ltr'><strong><em>ἐνεῖΰειπαντὶ</em></strong></span> <span class='ocrx_word' id='word_1_94' title='bbox 615 1186 853 1266; x_wconf 80' lang='grc' dir='ltr'><strong><em>εινβερνηοειος.</em></strong></span> <span class='ocrx_word' id='word_1_95' title='bbox 895 1180 1085 1269; x_wconf 77' lang='lat' dir='ltr'><strong><em>Ingenium</em></strong></span> <span class='ocrx_word' id='word_1_96' title='bbox 1098 1180 1160 1263; x_wconf 71' lang='lat' dir='ltr'><strong>hirc</strong></span> <span class='ocrx_word' id='word_1_97' title='bbox 1183 1187 1241 1247; x_wconf 86' lang='lat' dir='ltr'><strong>loco</strong></span> <span class='ocrx_word' id='word_1_98' title='bbox 1272 1184 1280 1194; x_wconf 91' lang='grc'><em>“</em></span> 
     </span>
     <span class='ocr_line' id='line_1_11' title="bbox 105 1268 1239 1355; baseline 0.001 -25"><span class='ocrx_word' id='word_1_99' title='bbox 105 1268 279 1331; x_wconf 86' lang='lat' dir='ltr'><strong>liberalium</strong></span> <span class='ocrx_word' id='word_1_100' title='bbox 289 1269 399 1339; x_wconf 87' lang='lat' dir='ltr'><strong>artium</strong></span> <span class='ocrx_word' id='word_1_101' title='bbox 408 1270 549 1331; x_wconf 90' lang='lat' dir='ltr'><strong>notitiam</strong></span> <span class='ocrx_word' id='word_1_102' title='bbox 561 1271 741 1355; x_wconf 86' lang='lat' dir='ltr'><strong>interpretor</strong></span> <span class='ocrx_word' id='word_1_103' title='bbox 756 1270 830 1346; x_wconf 87' lang='lat' dir='ltr'><strong>[scil.</strong></span> <span class='ocrx_word' id='word_1_104' title='bbox 847 1290 925 1354; x_wconf 90' lang='lat' dir='ltr'><strong>quae</strong></span> <span class='ocrx_word' id='word_1_105' title='bbox 940 1269 1239 1354; x_wconf 85' lang='lat' dir='ltr'><strong>comprehenduntur,</strong></span> 
     </span>
    </p>

    <p class='ocr_par' dir='ltr' id='par_1_7' title="bbox 5 1354 1284 1611">
     <span class='ocr_line' id='line_1_12' title="bbox 5 1354 1284 1441; baseline 0.004 -25"><span class='ocrx_word' id='word_1_106' title='bbox 5 1362 7 1367; x_wconf 87' lang='grc'><strong>’</strong></span> <span class='ocrx_word' id='word_1_107' title='bbox 100 1354 299 1416; x_wconf 74' lang='lat' dir='ltr'><strong>confinentur</strong></span> <span class='ocrx_word' id='word_1_108' title='bbox 313 1355 436 1434; x_wconf 82' lang='lat' dir='ltr'><strong>ingenio</strong></span> <span class='ocrx_word' id='word_1_109' title='bbox 446 1357 476 1433; x_wconf 72' lang='lat' dir='ltr'><strong>l:</strong></span> <span class='ocrx_word' id='word_1_110' title='bbox 499 1376 573 1415; x_wconf 84' lang='lat' dir='ltr'><strong>nam</strong></span> <span class='ocrx_word' id='word_1_111' title='bbox 585 1357 707 1440; x_wconf 83' lang='lat' dir='ltr'>proprie</span> <span class='ocrx_word' id='word_1_112' title='bbox 722 1367 858 1418; x_wconf 80' lang='lat' dir='ltr'><strong>stunlmn</strong></span> <span class='ocrx_word' id='word_1_113' title='bbox 872 1377 947 1418; x_wconf 87' lang='lat' dir='ltr'><strong>sane</strong></span> <span class='ocrx_word' id='word_1_114' title='bbox 965 1368 1036 1417; x_wconf 89' lang='lat' dir='ltr'><strong>ante</strong></span> <span class='ocrx_word' id='word_1_115' title='bbox 1050 1356 1132 1441; x_wconf 87' lang='lat' dir='ltr'><strong>pilos</strong></span> <span class='ocrx_word' id='word_1_116' title='bbox 1142 1357 1240 1427; x_wconf 68' lang='lat' dir='ltr'><strong>‚veniit</strong></span> <span class='ocrx_word' id='word_1_117' title='bbox 1282 1388 1284 1413; x_wconf 93' lang='lat'><strong>:</strong></span> 
     </span>
     <span class='ocr_line' id='line_1_13' title="bbox 107 1439 1284 1526; baseline 0.003 -24"><span class='ocrx_word' id='word_1_118' title='bbox 107 1450 152 1502; x_wconf 87' lang='lat' dir='ltr'><strong>est</strong></span> <span class='ocrx_word' id='word_1_119' title='bbox 164 1439 246 1501; x_wconf 89' lang='lat' dir='ltr'><strong>enim</strong></span> <span class='ocrx_word' id='word_1_120' title='bbox 261 1460 280 1501; x_wconf 90' lang='lat' dir='ltr'><strong>a</strong></span> <span class='ocrx_word' id='word_1_121' title='bbox 294 1451 417 1519; x_wconf 81' lang='lat' dir='ltr'><strong>natura3</strong></span> <span class='ocrx_word' id='word_1_122' title='bbox 440 1441 533 1502; x_wconf 89' lang='lat' dir='ltr'><strong>etiam</strong></span> <span class='ocrx_word' id='word_1_123' title='bbox 547 1440 676 1502; x_wconf 77' lang='lat' dir='ltr'><strong>eruditio</strong></span> <span class='ocrx_word' id='word_1_124' title='bbox 689 1463 781 1526; x_wconf 81' lang='lat' dir='ltr'>saepe</span> <span class='ocrx_word' id='word_1_125' title='bbox 793 1442 825 1501; x_wconf 92' lang='lat' dir='ltr'><strong>in</strong></span> <span class='ocrx_word' id='word_1_126' title='bbox 840 1443 1001 1519; x_wconf 85' lang='lat' dir='ltr'><strong>juvenibus</strong></span> <span class='ocrx_word' id='word_1_127' title='bbox 1016 1441 1099 1526; x_wconf 86' lang='lat' dir='ltr'><strong>pilas</strong></span> <span class='ocrx_word' id='word_1_128' title='bbox 1111 1453 1240 1505; x_wconf 79' lang='lat' dir='ltr'><strong>anterer-</strong></span> <span class='ocrx_word' id='word_1_129' title='bbox 1277 1444 1284 1459; x_wconf 90' lang='grc'><strong>“</strong></span> 
     </span>
     <span class='ocr_line' id='line_1_14' title="bbox 106 1523 1284 1611; baseline 0.003 -25"><span class='ocrx_word' id='word_1_130' title='bbox 106 1526 159 1588; x_wconf 90' lang='lat' dir='ltr'><strong>tit:</strong></span> <span class='ocrx_word' id='word_1_131' title='bbox 182 1537 212 1585; x_wconf 92' lang='lat' dir='ltr'><strong>at</strong></span> <span class='ocrx_word' id='word_1_132' title='bbox 226 1523 384 1611; x_wconf 89' lang='lat' dir='ltr'><strong>pmdentia</strong></span> <span class='ocrx_word' id='word_1_133' title='bbox 398 1546 462 1586; x_wconf 90' lang='lat' dir='ltr'><strong>nan</strong></span> <span class='ocrx_word' id='word_1_134' title='bbox 477 1539 594 1611; x_wconf 86' lang='lat' dir='ltr'><strong>potest:</strong></span> <span class='ocrx_word' id='word_1_135' title='bbox 617 1528 766 1607; x_wconf 82' lang='lat' dir='ltr'><strong>colligitur</strong></span> <span class='ocrx_word' id='word_1_136' title='bbox 785 1527 869 1589; x_wconf 89' lang='lat' dir='ltr'><strong>enim</strong></span> <span class='ocrx_word' id='word_1_137' title='bbox 892 1549 931 1589; x_wconf 86' lang='lat' dir='ltr'><strong>ex</strong></span> <span class='ocrx_word' id='word_1_138' title='bbox 945 1529 1038 1607; x_wconf 87' lang='lat' dir='ltr'><strong>longa</strong></span> <span class='ocrx_word' id='word_1_139' title='bbox 1058 1528 1238 1608; x_wconf 81' lang='lat' dir='ltr'><strong>singulortun</strong></span> <span class='ocrx_word' id='word_1_140' title='bbox 1282 1554 1284 1559; x_wconf 95' lang='lat'>·</span> 
     </span>
    </p>

    <p class='ocr_par' dir='ltr' id='par_1_8' title="bbox 40 1608 1238 1868">
     <span class='ocr_line' id='line_1_15' title="bbox 53 1608 1238 1696; baseline 0.003 -24"><span class='ocrx_word' id='word_1_141' title='bbox 53 1628 106 1684; x_wconf 73' lang='lat'><strong>322</strong></span> <span class='ocrx_word' id='word_1_142' title='bbox 113 1632 241 1672; x_wconf 87' lang='lat' dir='ltr'><strong>casuum</strong></span> <span class='ocrx_word' id='word_1_143' title='bbox 251 1612 483 1683; x_wconf 82' lang='lat' dir='ltr'><strong>observatione,</strong></span> <span class='ocrx_word' id='word_1_144' title='bbox 504 1613 613 1696; x_wconf 89' lang='lat' dir='ltr'><strong>quibus</strong></span> <span class='ocrx_word' id='word_1_145' title='bbox 626 1613 689 1675; x_wconf 85' lang='lat' dir='ltr'><strong>vita</strong></span> <span class='ocrx_word' id='word_1_146' title='bbox 705 1625 751 1675; x_wconf 85' lang='lat' dir='ltr'><strong>est</strong></span> <span class='ocrx_word' id='word_1_147' title='bbox 766 1613 900 1675; x_wconf 84' lang='lat' dir='ltr'><strong>obnoxia</strong></span> <span class='ocrx_word' id='word_1_148' title='bbox 915 1614 1095 1676; x_wconf 82' lang='lat' dir='ltr'><strong>hominum:</strong></span> <span class='ocrx_word' id='word_1_149' title='bbox 1120 1616 1172 1677; x_wconf 78' lang='lat' dir='ltr'><strong>vel</strong></span> <span class='ocrx_word' id='word_1_150' title='bbox 1184 1608 1238 1676; x_wconf 80' lang='lat' dir='ltr'><strong>sii-</strong></span> 
     </span>
     <span class='ocr_line' id='line_1_16' title="bbox 105 1696 1237 1783; baseline 0.004 -26"><span class='ocrx_word' id='word_1_151' title='bbox 105 1698 262 1778; x_wconf 84' lang='lat' dir='ltr'><strong>gulorum‚</strong></span> <span class='ocrx_word' id='word_1_152' title='bbox 286 1718 365 1781; x_wconf 87' lang='lat' dir='ltr'><strong>quae</strong></span> <span class='ocrx_word' id='word_1_153' title='bbox 378 1698 556 1782; x_wconf 87' lang='lat' dir='ltr'><strong>simpliciter</strong></span> <span class='ocrx_word' id='word_1_154' title='bbox 576 1719 593 1759; x_wconf 88' lang='lat' dir='ltr'><strong>a</strong></span> <span class='ocrx_word' id='word_1_155' title='bbox 616 1700 744 1783; x_wconf 79' lang='lat' dir='ltr'><strong>pellatur</strong></span> <span class='ocrx_word' id='word_1_156' title='bbox 757 1696 917 1783; x_wconf 90' lang='lat' dir='ltr'><strong>prudentia</strong></span> <span class='ocrx_word' id='word_1_157' title='bbox 938 1698 991 1774; x_wconf 92' lang='lat' dir='ltr'><strong>(et</strong></span> <span class='ocrx_word' id='word_1_158' title='bbox 1015 1711 1063 1760; x_wconf 87' lang='lat' dir='ltr'><strong>est</strong></span> <span class='ocrx_word' id='word_1_159' title='bbox 1080 1701 1160 1761; x_wconf 88' lang='lat' dir='ltr'><strong>haee</strong></span> <span class='ocrx_word' id='word_1_160' title='bbox 1177 1698 1237 1761; x_wconf 89' lang='lat' dir='ltr'><strong>uni-</strong></span> 
     </span>
     <span class='ocr_line' id='line_1_17' title="bbox 40 1720 1236 1868; baseline 0.004 -24"><span class='ocrx_word' id='word_1_161' title='bbox 40 1826 44 1837; x_wconf 47' lang='grc' dir='ltr'><strong><em>ι</em></strong></span> <span class='ocrx_word' id='word_1_162' title='bbox 104 1785 211 1867; x_wconf 86' lang='lat' dir='ltr'><strong>cuique</strong></span> <span class='ocrx_word' id='word_1_163' title='bbox 231 1783 304 1845; x_wconf 84' lang='lat' dir='ltr'><strong>satis</strong></span> <span class='ocrx_word' id='word_1_164' title='bbox 319 1782 359 1845; x_wconf 92' lang='lat' dir='ltr'><strong>ad</strong></span> <span class='ocrx_word' id='word_1_165' title='bbox 375 1805 410 1847; x_wconf 85' lang='lat' dir='ltr'><strong>se</strong></span> <span class='ocrx_word' id='word_1_166' title='bbox 423 1720 625 1868; x_wconf 54' lang='lat' dir='ltr'><strong>regamini,</strong></span> <span class='ocrx_word' id='word_1_167' title='bbox 648 1787 699 1847; x_wconf 80' lang='lat' dir='ltr'><strong>vel</strong></span> <span class='ocrx_word' id='word_1_168' title='bbox 715 1787 884 1847; x_wconf 85' lang='lat' dir='ltr'><strong>multorum</strong></span> <span class='ocrx_word' id='word_1_169' title='bbox 904 1785 937 1845; x_wconf 92' lang='lat' dir='ltr'><strong>in</strong></span> <span class='ocrx_word' id='word_1_170' title='bbox 952 1804 1047 1854; x_wconf 83' lang='lat' dir='ltr'><strong>unam</strong></span> <span class='ocrx_word' id='word_1_171' title='bbox 1068 1786 1236 1849; x_wconf 79' lang='lat' dir='ltr'><strong>societatem</strong></span> 
     </span>
    </p>

    <p class='ocr_par' dir='ltr' id='par_1_9' title="bbox 17 1867 1164 1955">
     <span class='ocr_line' id='line_1_18' title="bbox 17 1867 1164 1955; baseline 0.003 -25"><span class='ocrx_word' id='word_1_172' title='bbox 17 1896 26 1921; x_wconf 68' lang='lat' dir='ltr'>x</span> <span class='ocrx_word' id='word_1_173' title='bbox 103 1867 323 1946; x_wconf 88' lang='lat' dir='ltr'><strong>adunatorum,</strong></span> <span class='ocrx_word' id='word_1_174' title='bbox 345 1890 424 1952; x_wconf 83' lang='lat' dir='ltr'><strong>quae</strong></span> <span class='ocrx_word' id='word_1_175' title='bbox 443 1868 603 1955; x_wconf 86' lang='lat' dir='ltr'><strong>prudentia</strong></span> <span class='ocrx_word' id='word_1_176' title='bbox 622 1871 734 1948; x_wconf 74' lang='lat' dir='ltr'><strong>civilis,</strong></span> <span class='ocrx_word' id='word_1_177' title='bbox 763 1882 868 1955; x_wconf 89' lang='lat' dir='ltr'><strong>estque</strong></span> <span class='ocrx_word' id='word_1_178' title='bbox 889 1870 1164 1954; x_wconf 79' lang='lat' dir='ltr'><strong>capessentibusR</strong></span> 
     </span>
    </p>

    <p class='ocr_par' dir='ltr' id='par_1_10' title="bbox 80 1950 1223 2124">
     <span class='ocr_line' id='line_1_19' title="bbox 101 1950 1182 2040; baseline 0.004 -24"><span class='ocrx_word' id='word_1_179' title='bbox 101 1955 281 2026; x_wconf 84' lang='lat' dir='ltr'><strong>necessaria.</strong></span> <span class='ocrx_word' id='word_1_180' title='bbox 331 1954 528 2017; x_wconf 74' lang='lat' dir='ltr'><strong>Aristoteles:</strong></span> <span class='ocrx_word' id='word_1_181' title='bbox 562 1950 639 2029; x_wconf 73' lang='grc' dir='ltr'><strong><em>νέος</em></strong></span> <span class='ocrx_word' id='word_1_182' title='bbox 661 1953 815 2038; x_wconf 74' lang='grc' dir='ltr'><strong><em>ἔμπειρος</em></strong></span> <span class='ocrx_word' id='word_1_183' title='bbox 839 1950 902 2021; x_wconf 84' lang='grc' dir='ltr'><strong>οὐκ</strong></span> <span class='ocrx_word' id='word_1_184' title='bbox 928 1952 1010 2019; x_wconf 79' lang='grc' dir='ltr'><strong><em>ἐντί·</em></strong></span> <span class='ocrx_word' id='word_1_185' title='bbox 1033 1958 1182 2040; x_wconf 50' lang='grc' dir='ltr'><strong><em>κλῇθρα</em></strong></span> 
     </span>
     <span class='ocr_line' id='line_1_20' title="bbox 80 2034 1223 2124; baseline -0.004 -20"><span class='ocrx_word' id='word_1_186' title='bbox 80 2035 228 2124; x_wconf 76' lang='grc' dir='ltr'><strong><em>’χρόνον</em></strong></span> <span class='ocrx_word' id='word_1_187' title='bbox 243 2034 445 2123; x_wconf 75' lang='grc' dir='ltr'><strong><em>ποιὴοειτήν</em></strong></span> <span class='ocrx_word' id='word_1_188' title='bbox 460 2036 644 2121; x_wconf 72' lang='grc' dir='ltr'><strong><em>ἐμπειρίαν.</em></strong></span> <span class='ocrx_word' id='word_1_189' title='bbox 1147 2072 1152 2085; x_wconf 78' lang='lat'><em>=</em></span> <span class='ocrx_word' id='word_1_190' title='bbox 1219 2080 1223 2099; x_wconf 89' lang='lat'><strong><em>.</em></strong></span> 
     </span>
    </p>

    <p class='ocr_par' dir='ltr' id='par_1_11' title="bbox 102 2122 1161 2291">
     <span class='ocr_line' id='line_1_21' title="bbox 190 2122 1161 2212; baseline -0.001 -22"><span class='ocrx_word' id='word_1_191' title='bbox 190 2125 280 2190; x_wconf 83' lang='lat' dir='ltr'><strong>Aale</strong></span> <span class='ocrx_word' id='word_1_192' title='bbox 295 2122 390 2210; x_wconf 73' lang='lat' dir='ltr'><strong>pilos</strong></span> <span class='ocrx_word' id='word_1_193' title='bbox 412 2123 530 2205; x_wconf 71' lang='lat' dir='ltr'><strong>venia]</strong></span> <span class='ocrx_word' id='word_1_194' title='bbox 560 2127 729 2209; x_wconf 79' lang='lat' dir='ltr'><strong>Aeschylus</strong></span> <span class='ocrx_word' id='word_1_195' title='bbox 750 2127 785 2189; x_wconf 87' lang='lat' dir='ltr'><strong>in</strong></span> <span class='ocrx_word' id='word_1_196' title='bbox 804 2125 1099 2212; x_wconf 87' lang='lat' dir='ltr'><strong>Septem-thebana</strong></span> <span class='ocrx_word' id='word_1_197' title='bbox 1120 2124 1161 2189; x_wconf 89' lang='lat' dir='ltr'><strong>de</strong></span> 
     </span>
     <span class='ocr_line' id='line_1_22' title="bbox 102 2212 439 2291; baseline -0.015 -14"><span class='ocrx_word' id='word_1_198' title='bbox 102 2214 212 2277; x_wconf 78' lang='lat' dir='ltr'><strong>sthene</strong></span> <span class='ocrx_word' id='word_1_199' title='bbox 235 2212 337 2291; x_wconf 82' lang='lat'><strong>[618]:</strong></span> <span class='ocrx_word' id='word_1_200' title='bbox 436 2220 439 2225; x_wconf 87' lang='lat'>&#39;</span> 
     </span>
    </p>

    <p class='ocr_par' dir='ltr' id='par_1_12' title="bbox 190 2289 987 2380">
     <span class='ocr_line' id='line_1_23' title="bbox 190 2289 987 2380; baseline -0.005 -19"><span class='ocrx_word' id='word_1_201' title='bbox 190 2292 339 2378; x_wconf 76' lang='grc' dir='ltr'><strong><em>Γέροντα</em></strong></span> <span class='ocrx_word' id='word_1_202' title='bbox 352 2293 411 2360; x_wconf 87' lang='grc' dir='ltr'><strong>τόν</strong></span> <span class='ocrx_word' id='word_1_203' title='bbox 422 2298 526 2374; x_wconf 85' lang='grc' dir='ltr'><strong><em>νοῦν,</em></strong></span> <span class='ocrx_word' id='word_1_204' title='bbox 551 2290 660 2378; x_wconf 79' lang='grc' dir='ltr'><strong><em>σάρκα</em></strong></span> <span class='ocrx_word' id='word_1_205' title='bbox 673 2290 707 2362; x_wconf 79' lang='grc' dir='ltr'><strong>δ’</strong></span> <span class='ocrx_word' id='word_1_206' title='bbox 725 2289 863 2380; x_wconf 74' lang='grc' dir='ltr'><strong><em>ἡβῶσαν</em></strong></span> <span class='ocrx_word' id='word_1_207' title='bbox 883 2292 987 2377; x_wconf 81' lang='grc' dir='ltr'><em>φέρει.</em></span> 
     </span>
    </p>

    <p class='ocr_par' dir='ltr' id='par_1_13' title="bbox 33 2378 1245 2904">
     <span class='ocr_line' id='line_1_24' title="bbox 104 2378 1243 2464; baseline -0.002 -17"><span class='ocrx_word' id='word_1_208' title='bbox 104 2380 268 2464; x_wconf 84' lang='lat' dir='ltr'><strong>Gregorius</strong></span> <span class='ocrx_word' id='word_1_209' title='bbox 280 2383 490 2446; x_wconf 75' lang='lat' dir='ltr'><strong>Nazianzenus</strong></span> <span class='ocrx_word' id='word_1_210' title='bbox 505 2383 538 2444; x_wconf 88' lang='lat' dir='ltr'><strong>in</strong></span> <span class='ocrx_word' id='word_1_211' title='bbox 552 2384 577 2444; x_wconf 89' lang='lat' dir='ltr'><strong>A</strong></span> <span class='ocrx_word' id='word_1_212' title='bbox 599 2384 750 2463; x_wconf 84' lang='lat' dir='ltr'><strong>ologetico</strong></span> <span class='ocrx_word' id='word_1_213' title='bbox 765 2384 798 2444; x_wconf 88' lang='lat' dir='ltr'><strong>in</strong></span> <span class='ocrx_word' id='word_1_214' title='bbox 813 2384 962 2446; x_wconf 89' lang='lat' dir='ltr'><strong>sententia</strong></span> <span class='ocrx_word' id='word_1_215' title='bbox 978 2382 1152 2445; x_wconf 82' lang='lat' dir='ltr'><strong>simillima:</strong></span> <span class='ocrx_word' id='word_1_216' title='bbox 1172 2378 1243 2461; x_wconf 69' lang='grc' dir='ltr'><strong>τρία</strong></span> 
     </span>
     <span class='ocr_line' id='line_1_25' title="bbox 106 2460 1244 2552; baseline 0.001 -21"><span class='ocrx_word' id='word_1_217' title='bbox 106 2460 298 2533; x_wconf 72' lang='grc' dir='ltr'><strong><em>ἀποθέσθαι</em></strong></span> <span class='ocrx_word' id='word_1_218' title='bbox 310 2463 426 2551; x_wconf 79' lang='grc' dir='ltr'><strong><em>σχεδὸν</em></strong></span> <span class='ocrx_word' id='word_1_219' title='bbox 440 2465 502 2548; x_wconf 79' lang='grc' dir='ltr'><strong>τὴν</strong></span> <span class='ocrx_word' id='word_1_220' title='bbox 514 2489 650 2552; x_wconf 79' lang='grc' dir='ltr'><strong><em>πρωτην</em></strong></span> <span class='ocrx_word' id='word_1_221' title='bbox 659 2468 788 2551; x_wconf 79' lang='grc' dir='ltr'><strong><em>τρίχα*)</em></strong></span> <span class='ocrx_word' id='word_1_222' title='bbox 811 2465 868 2532; x_wconf 83' lang='grc' dir='ltr'><strong>καὶ</strong></span> <span class='ocrx_word' id='word_1_223' title='bbox 884 2463 922 2531; x_wconf 86' lang='grc' dir='ltr'><strong>τὸ</strong></span> <span class='ocrx_word' id='word_1_224' title='bbox 938 2463 979 2530; x_wconf 83' lang='grc' dir='ltr'><strong>τοὶ</strong></span> <span class='ocrx_word' id='word_1_225' title='bbox 989 2464 1130 2532; x_wconf 76' lang='grc' dir='ltr'><strong><em>παιδικὰ</em></strong></span> <span class='ocrx_word' id='word_1_226' title='bbox 1145 2466 1244 2551; x_wconf 62' lang='lat' dir='ltr'><strong>istm·</strong></span> 
     </span>
     <span class='ocr_line' id='line_1_26' title="bbox 106 2551 1245 2640; baseline -0.004 -21"><span class='ocrx_word' id='word_1_227' title='bbox 106 2556 242 2635; x_wconf 73' lang='grc' dir='ltr'><strong><em>ζεοθαιε</em></strong></span> <span class='ocrx_word' id='word_1_228' title='bbox 262 2552 347 2616; x_wconf 91' lang='lat' dir='ltr'><strong>idem</strong></span> <span class='ocrx_word' id='word_1_229' title='bbox 359 2551 579 2618; x_wconf 85' lang='lat' dir='ltr'><strong>eruditissimus</strong></span> <span class='ocrx_word' id='word_1_230' title='bbox 597 2556 726 2640; x_wconf 83' lang='lat' dir='ltr'><strong>scriptor</strong></span> <span class='ocrx_word' id='word_1_231' title='bbox 739 2553 890 2623; x_wconf 84' lang='lat' dir='ltr'><strong>Basiliurn</strong></span> <span class='ocrx_word' id='word_1_232' title='bbox 904 2553 1005 2615; x_wconf 89' lang='lat' dir='ltr'><strong>adhuc</strong></span> <span class='ocrx_word' id='word_1_233' title='bbox 1022 2558 1171 2632; x_wconf 84' lang='lat' dir='ltr'><strong>juvenem</strong></span> <span class='ocrx_word' id='word_1_234' title='bbox 1192 2574 1245 2618; x_wconf 79' lang='lat' dir='ltr'><strong>vo-</strong></span> 
     </span>
     <span class='ocr_line' id='line_1_27' title="bbox 58 2633 1245 2727; baseline 0.002 -25"><span class='ocrx_word' id='word_1_235' title='bbox 58 2718 66 2727; x_wconf 33' lang='grc'><strong>,</strong></span> <span class='ocrx_word' id='word_1_236' title='bbox 105 2651 155 2704; x_wconf 90' lang='lat' dir='ltr'><strong>cat</strong></span> <span class='ocrx_word' id='word_1_237' title='bbox 172 2638 293 2705; x_wconf 77' lang='grc' dir='ltr'><strong><em>τολιὸν</em></strong></span> <span class='ocrx_word' id='word_1_238' title='bbox 310 2633 371 2722; x_wconf 79' lang='grc' dir='ltr'><strong>τὴν</strong></span> <span class='ocrx_word' id='word_1_239' title='bbox 389 2633 525 2703; x_wconf 86' lang='grc' dir='ltr'><strong><em>ον’νεοιν</em></strong></span> <span class='ocrx_word' id='word_1_240' title='bbox 542 2637 684 2723; x_wconf 78' lang='grc' dir='ltr'><strong><em>πρὸτῆς</em></strong></span> <span class='ocrx_word' id='word_1_241' title='bbox 705 2642 839 2717; x_wconf 75' lang='grc' dir='ltr'><strong><em>πολιᾶς·</em></strong></span> <span class='ocrx_word' id='word_1_242' title='bbox 867 2641 900 2703; x_wconf 90' lang='lat' dir='ltr'><strong>iu</strong></span> <span class='ocrx_word' id='word_1_243' title='bbox 921 2640 1056 2703; x_wconf 81' lang='lat' dir='ltr'><strong>carmine</strong></span> <span class='ocrx_word' id='word_1_244' title='bbox 1084 2652 1189 2703; x_wconf 68' lang='lat' dir='ltr'><strong>autu</strong></span> <span class='ocrx_word' id='word_1_245' title='bbox 1210 2638 1245 2703; x_wconf 81' lang='lat' dir='ltr'><strong>te</strong></span> 
     </span>
     <span class='ocr_line' id='line_1_28' title="bbox 104 2725 449 2808; baseline -0.009 -17"><span class='ocrx_word' id='word_1_246' title='bbox 104 2727 276 2808; x_wconf 80' lang='lat' dir='ltr'><strong>virginitate</strong></span> <span class='ocrx_word' id='word_1_247' title='bbox 290 2725 331 2787; x_wconf 85' lang='lat' dir='ltr'><strong>ita</strong></span> <span class='ocrx_word' id='word_1_248' title='bbox 351 2725 449 2788; x_wconf 80' lang='lat' dir='ltr'><strong>canit:</strong></span> 
     </span>
     <span class='ocr_line' id='line_1_29' title="bbox 33 2804 1002 2904; baseline -0.005 -28"><span class='ocrx_word' id='word_1_249' title='bbox 33 2829 108 2904; x_wconf 67' lang='lat'>(139)</span> <span class='ocrx_word' id='word_1_250' title='bbox 195 2808 263 2875; x_wconf 84' lang='lat' dir='ltr'><strong>Kal</strong></span> <span class='ocrx_word' id='word_1_251' title='bbox 281 2806 403 2894; x_wconf 69' lang='grc' dir='ltr'><strong><em>πολιὴν</em></strong></span> <span class='ocrx_word' id='word_1_252' title='bbox 417 2804 559 2874; x_wconf 76' lang='grc' dir='ltr'><strong>ἀνέτειλε</strong></span> <span class='ocrx_word' id='word_1_253' title='bbox 573 2805 649 2885; x_wconf 78' lang='grc' dir='ltr'><strong><em>νέος</em></strong></span> <span class='ocrx_word' id='word_1_254' title='bbox 661 2808 717 2876; x_wconf 77' lang='grc' dir='ltr'><strong>καὶ</strong></span> <span class='ocrx_word' id='word_1_255' title='bbox 732 2813 836 2893; x_wconf 77' lang='grc' dir='ltr'><strong><em>γῆρας</em></strong></span> <span class='ocrx_word' id='word_1_256' title='bbox 855 2806 1002 2892; x_wconf 73' lang='grc' dir='ltr'><strong><em>ἐλαφρὸν</em></strong></span> 
     </span>
    </p>

    <p class='ocr_par' dir='ltr' id='par_1_14' title="bbox 10 2888 1100 2980">
     <span class='ocr_line' id='line_1_30' title="bbox 10 2888 1100 2980; baseline -0.002 -19"><span class='ocrx_word' id='word_1_257' title='bbox 10 2924 18 2937; x_wconf 94' lang='grc'>·</span> <span class='ocrx_word' id='word_1_258' title='bbox 182 2891 366 2979; x_wconf 77' lang='grc' dir='ltr'><strong><em>Ἐδραιιον,</em></strong></span> <span class='ocrx_word' id='word_1_259' title='bbox 389 2889 577 2980; x_wconf 80' lang='grc' dir='ltr'><strong><em>ἅρτιχνόοιο</em></strong></span> <span class='ocrx_word' id='word_1_260' title='bbox 590 2892 677 2961; x_wconf 80' lang='grc' dir='ltr'><strong><em>πολὺ</em></strong></span> <span class='ocrx_word' id='word_1_261' title='bbox 692 2891 947 2979; x_wconf 77' lang='grc' dir='ltr'><strong><em>σθεναρώτερον</em></strong></span> <span class='ocrx_word' id='word_1_262' title='bbox 963 2888 1100 2974; x_wconf 80' lang='grc' dir='ltr'><strong><em>ἀνδρός.</em></strong></span> 
     </span>
    </p>

    <p class='ocr_par' dir='ltr' id='par_1_15' title="bbox 100 2996 1246 3859">
     <span class='ocr_line' id='line_1_31' title="bbox 186 2996 1241 3085; baseline -0.008 -19"><span class='ocrx_word' id='word_1_263' title='bbox 186 3001 217 3066; x_wconf 82' lang='lat'><strong>6.</strong></span> <span class='ocrx_word' id='word_1_264' title='bbox 238 2996 403 3064; x_wconf 76' lang='lat' dir='ltr'><strong>Dicenda</strong></span> <span class='ocrx_word' id='word_1_265' title='bbox 417 2996 633 3085; x_wconf 80' lang='lat' dir='ltr'><strong>tacendaque</strong></span> <span class='ocrx_word' id='word_1_266' title='bbox 651 2997 782 3079; x_wconf 75' lang='lat' dir='ltr'><strong>callae]</strong></span> <span class='ocrx_word' id='word_1_267' title='bbox 805 3002 850 3063; x_wconf 90' lang='lat' dir='ltr'><strong>Ab</strong></span> <span class='ocrx_word' id='word_1_268' title='bbox 867 3022 931 3061; x_wconf 90' lang='lat' dir='ltr'><strong>uno</strong></span> <span class='ocrx_word' id='word_1_269' title='bbox 944 2998 1124 3085; x_wconf 85' lang='lat' dir='ltr'><strong>prudentiae</strong></span> <span class='ocrx_word' id='word_1_270' title='bbox 1145 3018 1241 3059; x_wconf 76' lang='lat' dir='ltr'><strong>inern-</strong></span> 
     </span>
     <span class='ocr_line' id='line_1_32' title="bbox 102 3084 1244 3171; baseline -0.005 -20"><span class='ocrx_word' id='word_1_271' title='bbox 102 3091 159 3151; x_wconf 90' lang='lat' dir='ltr'><strong>bro</strong></span> <span class='ocrx_word' id='word_1_272' title='bbox 175 3098 275 3149; x_wconf 88' lang='lat' dir='ltr'><strong>totam</strong></span> <span class='ocrx_word' id='word_1_273' title='bbox 295 3086 436 3149; x_wconf 83' lang='lat' dir='ltr'><strong>denotat:</strong></span> <span class='ocrx_word' id='word_1_274' title='bbox 455 3098 501 3149; x_wconf 85' lang='lat' dir='ltr'><strong>est</strong></span> <span class='ocrx_word' id='word_1_275' title='bbox 522 3088 606 3148; x_wconf 88' lang='lat' dir='ltr'><strong>enim</strong></span> <span class='ocrx_word' id='word_1_276' title='bbox 626 3084 946 3171; x_wconf 83' lang='lat' dir='ltr'><strong>prudentiahabitus,</strong></span> <span class='ocrx_word' id='word_1_277' title='bbox 972 3107 1028 3171; x_wconf 88' lang='lat' dir='ltr'><strong>per</strong></span> <span class='ocrx_word' id='word_1_278' title='bbox 1049 3106 1146 3168; x_wconf 90' lang='lat' dir='ltr'><strong>quem</strong></span> <span class='ocrx_word' id='word_1_279' title='bbox 1167 3084 1244 3145; x_wconf 78' lang='lat' dir='ltr'><strong>utilia</strong></span> 
     </span>
     <span class='ocr_line' id='line_1_33' title="bbox 102 3164 1244 3255; baseline -0.004 -19"><span class='ocrx_word' id='word_1_280' title='bbox 102 3174 258 3254; x_wconf 83' lang='lat' dir='ltr'><strong>eligimus,</strong></span> <span class='ocrx_word' id='word_1_281' title='bbox 280 3171 431 3235; x_wconf 86' lang='lat' dir='ltr'><strong>damnosa</strong></span> <span class='ocrx_word' id='word_1_282' title='bbox 442 3173 595 3251; x_wconf 90' lang='lat' dir='ltr'><strong>rejicimus</strong></span> <span class='ocrx_word' id='word_1_283' title='bbox 610 3169 691 3253; x_wconf 79' lang='grc' dir='ltr'><strong><em>μετὰ</em></strong></span> <span class='ocrx_word' id='word_1_284' title='bbox 710 3165 814 3250; x_wconf 80' lang='grc' dir='ltr'><strong><em>λόγου</em></strong></span> <span class='ocrx_word' id='word_1_285' title='bbox 833 3164 999 3254; x_wconf 60' lang='lat' dir='ltr'><strong>diplasia,</strong></span> <span class='ocrx_word' id='word_1_286' title='bbox 1021 3170 1244 3255; x_wconf 84' lang='lat' dir='ltr'><strong>inquitAristo-</strong></span> 
     </span>
     <span class='ocr_line' id='line_1_34' title="bbox 101 3250 1240 3340; baseline -0.002 -19"><span class='ocrx_word' id='word_1_287' title='bbox 101 3261 188 3322; x_wconf 88' lang='lat' dir='ltr'><strong>teles.</strong></span> <span class='ocrx_word' id='word_1_288' title='bbox 232 3258 373 3321; x_wconf 87' lang='lat' dir='ltr'><strong>Socrates</strong></span> <span class='ocrx_word' id='word_1_289' title='bbox 391 3259 451 3322; x_wconf 88' lang='lat' dir='ltr'><strong>sic:</strong></span> <span class='ocrx_word' id='word_1_290' title='bbox 483 3254 648 3332; x_wconf 77' lang='grc' dir='ltr'><strong><em>διάθεοις,</em></strong></span> <span class='ocrx_word' id='word_1_291' title='bbox 678 3253 760 3321; x_wconf 73' lang='grc' dir='ltr'><strong>καθ’</strong></span> <span class='ocrx_word' id='word_1_292' title='bbox 782 3252 826 3340; x_wconf 77' lang='grc' dir='ltr'><strong>ἢν</strong></span> <span class='ocrx_word' id='word_1_293' title='bbox 846 3257 1005 3339; x_wconf 79' lang='grc' dir='ltr'><strong><em>κρίνομεν</em></strong></span> <span class='ocrx_word' id='word_1_294' title='bbox 1021 3255 1053 3317; x_wconf 81' lang='grc' dir='ltr'><strong>τί</strong></span> <span class='ocrx_word' id='word_1_295' title='bbox 1076 3250 1240 3336; x_wconf 76' lang='grc' dir='ltr'><strong><em>πρακτέον</em></strong></span> 
     </span>
     <span class='ocr_line' id='line_1_35' title="bbox 103 3336 1242 3424; baseline -0.002 -17"><span class='ocrx_word' id='word_1_296' title='bbox 103 3342 160 3407; x_wconf 79' lang='grc' dir='ltr'><strong>καὶ</strong></span> <span class='ocrx_word' id='word_1_297' title='bbox 176 3343 207 3406; x_wconf 82' lang='grc' dir='ltr'><strong>τί</strong></span> <span class='ocrx_word' id='word_1_298' title='bbox 222 3338 458 3424; x_wconf 65' lang='lat' dir='ltr'><strong>raeparator.-</strong></span> <span class='ocrx_word' id='word_1_299' title='bbox 476 3345 603 3406; x_wconf 90' lang='lat' dir='ltr'><strong>nomine</strong></span> <span class='ocrx_word' id='word_1_300' title='bbox 620 3355 724 3405; x_wconf 87' lang='lat' dir='ltr'><strong>autem</strong></span> <span class='ocrx_word' id='word_1_301' title='bbox 738 3345 806 3406; x_wconf 78' lang='grc' dir='ltr'><strong>τῶν</strong></span> <span class='ocrx_word' id='word_1_302' title='bbox 820 3346 977 3420; x_wconf 79' lang='grc' dir='ltr'><strong><em>πρακτῶν</em></strong></span> <span class='ocrx_word' id='word_1_303' title='bbox 989 3340 1048 3405; x_wconf 81' lang='grc' dir='ltr'><strong>καὶ</strong></span> <span class='ocrx_word' id='word_1_304' title='bbox 1059 3336 1242 3421; x_wconf 80' lang='grc' dir='ltr'><strong><em>πρακτέων,</em></strong></span> 
     </span>
     <span class='ocr_line' id='line_1_36' title="bbox 102 3420 1243 3513; baseline -0.001 -21"><span class='ocrx_word' id='word_1_305' title='bbox 102 3429 135 3492; x_wconf 91' lang='lat' dir='ltr'><strong>id</strong></span> <span class='ocrx_word' id='word_1_306' title='bbox 156 3442 201 3492; x_wconf 89' lang='lat' dir='ltr'><strong>est</strong></span> <span class='ocrx_word' id='word_1_307' title='bbox 217 3451 325 3492; x_wconf 90' lang='lat' dir='ltr'><strong>eorum</strong></span> <span class='ocrx_word' id='word_1_308' title='bbox 346 3450 424 3513; x_wconf 90' lang='lat' dir='ltr'><strong>quae</strong></span> <span class='ocrx_word' id='word_1_309' title='bbox 445 3428 585 3490; x_wconf 82' lang='lat' dir='ltr'><strong>iacienda</strong></span> <span class='ocrx_word' id='word_1_310' title='bbox 607 3441 696 3507; x_wconf 89' lang='lat' dir='ltr'><strong>sunt,</strong></span> <span class='ocrx_word' id='word_1_311' title='bbox 728 3429 761 3490; x_wconf 91' lang='lat' dir='ltr'><strong>in</strong></span> <span class='ocrx_word' id='word_1_312' title='bbox 784 3431 883 3492; x_wconf 87' lang='lat' dir='ltr'><strong>ethica</strong></span> <span class='ocrx_word' id='word_1_313' title='bbox 906 3426 1065 3513; x_wconf 82' lang='lat' dir='ltr'><strong>disciplina</strong></span> <span class='ocrx_word' id='word_1_314' title='bbox 1085 3429 1181 3490; x_wconf 88' lang='lat' dir='ltr'><strong>etiam</strong></span> <span class='ocrx_word' id='word_1_315' title='bbox 1206 3420 1243 3491; x_wconf 71' lang='lat' dir='ltr'><strong>vti</strong></span> 
     </span>
     <span class='ocr_line' id='line_1_37' title="bbox 102 3510 1245 3596; baseline -0.003 -17"><span class='ocrx_word' id='word_1_316' title='bbox 102 3513 200 3579; x_wconf 81' lang='grc' dir='ltr'><strong><em>λεκτὰ</em></strong></span> <span class='ocrx_word' id='word_1_317' title='bbox 215 3526 245 3577; x_wconf 90' lang='lat' dir='ltr'><strong>et</strong></span> <span class='ocrx_word' id='word_1_318' title='bbox 260 3513 294 3578; x_wconf 81' lang='lat' dir='ltr'><strong>ol</strong></span> <span class='ocrx_word' id='word_1_319' title='bbox 306 3510 400 3596; x_wconf 79' lang='grc' dir='ltr'><strong><em>λόγοι</em></strong></span> <span class='ocrx_word' id='word_1_320' title='bbox 414 3514 480 3577; x_wconf 83' lang='lat' dir='ltr'><strong>sive</strong></span> <span class='ocrx_word' id='word_1_321' title='bbox 495 3536 653 3577; x_wconf 77' lang='lat' dir='ltr'><strong>sermones</strong></span> <span class='ocrx_word' id='word_1_322' title='bbox 667 3516 889 3594; x_wconf 88' lang='lat' dir='ltr'><strong>intelliguntur:</strong></span> <span class='ocrx_word' id='word_1_323' title='bbox 910 3526 940 3577; x_wconf 91' lang='lat' dir='ltr'><strong>et</strong></span> <span class='ocrx_word' id='word_1_324' title='bbox 957 3515 1086 3576; x_wconf 86' lang='lat' dir='ltr'><strong>merito:</strong></span> <span class='ocrx_word' id='word_1_325' title='bbox 1107 3532 1245 3593; x_wconf 87' lang='lat' dir='ltr'><strong>sermone</strong></span> 
     </span>
     <span class='ocr_line' id='line_1_38' title="bbox 100 3597 1244 3687; baseline -0.003 -23"><span class='ocrx_word' id='word_1_326' title='bbox 100 3603 186 3664; x_wconf 86' lang='lat' dir='ltr'><strong>enirn</strong></span> <span class='ocrx_word' id='word_1_327' title='bbox 199 3603 343 3687; x_wconf 84' lang='lat' dir='ltr'><strong>pleraque</strong></span> <span class='ocrx_word' id='word_1_328' title='bbox 356 3600 523 3680; x_wconf 87' lang='lat' dir='ltr'><strong>transigunt</strong></span> <span class='ocrx_word' id='word_1_329' title='bbox 540 3602 591 3685; x_wconf 93' lang='lat' dir='ltr'><strong>qui</strong></span> <span class='ocrx_word' id='word_1_330' title='bbox 604 3612 747 3685; x_wconf 89' lang='lat' dir='ltr'><strong>praesunt</strong></span> <span class='ocrx_word' id='word_1_331' title='bbox 766 3601 904 3685; x_wconf 87' lang='lat' dir='ltr'><strong>publicae</strong></span> <span class='ocrx_word' id='word_1_332' title='bbox 922 3602 981 3678; x_wconf 91' lang='lat' dir='ltr'><strong>rei,</strong></span> <span class='ocrx_word' id='word_1_333' title='bbox 1004 3610 1035 3661; x_wconf 88' lang='lat' dir='ltr'><strong>et</strong></span> <span class='ocrx_word' id='word_1_334' title='bbox 1061 3597 1244 3679; x_wconf 78' lang='lat' dir='ltr'><strong>demagogi:</strong></span> 
     </span>
     <span class='ocr_line' id='line_1_39' title="bbox 101 3684 1246 3771; baseline -0.003 -23"><span class='ocrx_word' id='word_1_335' title='bbox 101 3708 195 3771; x_wconf 86' lang='lat' dir='ltr'><strong>quam</strong></span> <span class='ocrx_word' id='word_1_336' title='bbox 209 3690 250 3749; x_wconf 89' lang='lat' dir='ltr'><strong>ub</strong></span> <span class='ocrx_word' id='word_1_337' title='bbox 266 3708 406 3750; x_wconf 88' lang='lat' dir='ltr'><strong>caussam</strong></span> <span class='ocrx_word' id='word_1_338' title='bbox 419 3687 509 3747; x_wconf 72' lang='lat' dir='ltr'><strong>metiti</strong></span> <span class='ocrx_word' id='word_1_339' title='bbox 522 3698 677 3764; x_wconf 84' lang='lat' dir='ltr'><strong>veterum,</strong></span> <span class='ocrx_word' id='word_1_340' title='bbox 699 3698 733 3747; x_wconf 91' lang='lat' dir='ltr'><strong>ut</strong></span> <span class='ocrx_word' id='word_1_341' title='bbox 749 3709 788 3748; x_wconf 84' lang='lat' dir='ltr'><strong>ex</strong></span> <span class='ocrx_word' id='word_1_342' title='bbox 809 3686 936 3748; x_wconf 86' lang='lat' dir='ltr'><strong>Platone</strong></span> <span class='ocrx_word' id='word_1_343' title='bbox 963 3697 992 3747; x_wconf 92' lang='lat' dir='ltr'><strong>et</strong></span> <span class='ocrx_word' id='word_1_344' title='bbox 1009 3685 1175 3748; x_wconf 82' lang='lat' dir='ltr'><strong>Aristotele</strong></span> <span class='ocrx_word' id='word_1_345' title='bbox 1190 3684 1246 3748; x_wconf 85' lang='lat' dir='ltr'><strong>sci-</strong></span> 
     </span>
     <span class='ocr_line' id='line_1_40' title="bbox 102 3767 1245 3859; baseline -0.003 -25"><span class='ocrx_word' id='word_1_346' title='bbox 102 3767 189 3851; x_wconf 68' lang='lat' dir='ltr'><strong>rpus,</strong></span> <span class='ocrx_word' id='word_1_347' title='bbox 211 3774 395 3835; x_wconf 88' lang='lat' dir='ltr'><strong>rhetoricam</strong></span> <span class='ocrx_word' id='word_1_348' title='bbox 418 3792 489 3833; x_wconf 91' lang='lat' dir='ltr'><strong>cum</strong></span> <span class='ocrx_word' id='word_1_349' title='bbox 506 3772 629 3856; x_wconf 91' lang='lat' dir='ltr'><strong>politica</strong></span> <span class='ocrx_word' id='word_1_350' title='bbox 654 3771 857 3859; x_wconf 86' lang='lat' dir='ltr'><strong>cpnsuderunt</strong></span> <span class='ocrx_word' id='word_1_351' title='bbox 880 3784 910 3834; x_wconf 91' lang='lat' dir='ltr'><strong>et</strong></span> <span class='ocrx_word' id='word_1_352' title='bbox 950 3783 1046 3833; x_wconf 83' lang='lat' dir='ltr'><strong>artem</strong></span> <span class='ocrx_word' id='word_1_353' title='bbox 1062 3772 1146 3834; x_wconf 89' lang='lat' dir='ltr'><strong>illius</strong></span> <span class='ocrx_word' id='word_1_354' title='bbox 1166 3774 1245 3833; x_wconf 82' lang='lat' dir='ltr'><strong>sece-</strong></span> 
     </span>
    </p>

    <p class='ocr_par' dir='ltr' id='par_1_16' title="bbox 50 3795 1245 4030">
     <span class='ocr_line' id='line_1_41' title="bbox 50 3795 1245 3943; baseline -0.003 -23"><span class='ocrx_word' id='word_1_355' title='bbox 50 3870 197 3938; x_wconf 54' lang='grc' dir='ltr'><strong><em>περιττοῖς</em></strong></span> <span class='ocrx_word' id='word_1_356' title='bbox 227 3859 383 3941; x_wconf 85' lang='lat' dir='ltr'><strong>aptissime</strong></span> <span class='ocrx_word' id='word_1_357' title='bbox 398 3878 474 3922; x_wconf 83' lang='lat' dir='ltr'><strong>vero</strong></span> <span class='ocrx_word' id='word_1_358' title='bbox 490 3858 561 3920; x_wconf 91' lang='lat' dir='ltr'><strong>heic</strong></span> <span class='ocrx_word' id='word_1_359' title='bbox 583 3859 685 3943; x_wconf 86' lang='lat' dir='ltr'><strong>posuit</strong></span> <span class='ocrx_word' id='word_1_360' title='bbox 706 3861 837 3921; x_wconf 82' lang='lat' dir='ltr'><strong>verbum</strong></span> <span class='ocrx_word' id='word_1_361' title='bbox 859 3795 988 3920; x_wconf 63' lang='lat' dir='ltr'><strong>aalide:</strong></span> <span class='ocrx_word' id='word_1_362' title='bbox 1010 3878 1084 3918; x_wconf 90' lang='lat' dir='ltr'><strong>nam</strong></span> <span class='ocrx_word' id='word_1_363' title='bbox 1103 3868 1134 3918; x_wconf 92' lang='lat' dir='ltr'><strong>ut</strong></span> <span class='ocrx_word' id='word_1_364' title='bbox 1156 3854 1245 3919; x_wconf 81' lang='lat' dir='ltr'><strong>callus</strong></span> 
     </span>
     <span class='ocr_line' id='line_1_42' title="bbox 101 3942 1021 4030; baseline -0.003 -22"><span class='ocrx_word' id='word_1_365' title='bbox 101 3947 134 4008; x_wconf 89' lang='lat' dir='ltr'><strong>in</strong></span> <span class='ocrx_word' id='word_1_366' title='bbox 149 3965 290 4030; x_wconf 87' lang='lat' dir='ltr'><strong>corpore,</strong></span> <span class='ocrx_word' id='word_1_367' title='bbox 313 3945 357 4006; x_wconf 88' lang='lat' dir='ltr'><strong>sic</strong></span> <span class='ocrx_word' id='word_1_368' title='bbox 370 3942 531 4029; x_wconf 89' lang='lat' dir='ltr'><strong>prudentia</strong></span> <span class='ocrx_word' id='word_1_369' title='bbox 544 3944 577 4005; x_wconf 90' lang='lat' dir='ltr'><strong>in</strong></span> <span class='ocrx_word' id='word_1_370' title='bbox 592 3945 697 4006; x_wconf 87' lang='lat' dir='ltr'><strong>animo</strong></span> <span class='ocrx_word' id='word_1_371' title='bbox 710 3948 804 4024; x_wconf 88' lang='lat' dir='ltr'><strong>longo</strong></span> <span class='ocrx_word' id='word_1_372' title='bbox 820 3967 877 4007; x_wconf 89' lang='lat' dir='ltr'><strong>usu</strong></span> <span class='ocrx_word' id='word_1_373' title='bbox 891 3956 1021 4030; x_wconf 89' lang='lat' dir='ltr'><strong>paratur.</strong></span> 
     </span>
    </p>
   </div>
   <div class='ocr_carea' id='block_1_3' title="bbox 99 4041 1244 4219">
    <p class='ocr_par' dir='ltr' id='par_1_17' title="bbox 99 4041 1244 4219">
     <span class='ocr_line' id='line_1_43' title="bbox 187 4041 1243 4132; baseline -0.006 -21"><span class='ocrx_word' id='word_1_374' title='bbox 187 4051 217 4111; x_wconf 82' lang='grc'><strong>6.</strong></span> <span class='ocrx_word' id='word_1_375' title='bbox 239 4044 337 4132; x_wconf 83' lang='lat' dir='ltr'><strong>Ergo</strong></span> <span class='ocrx_word' id='word_1_376' title='bbox 353 4044 414 4109; x_wconf 77' lang='lat' dir='ltr'><strong>uti</strong></span> <span class='ocrx_word' id='word_1_377' title='bbox 427 4055 602 4109; x_wconf 82' lang='lat' dir='ltr'><strong>commota</strong></span> <span class='ocrx_word' id='word_1_378' title='bbox 618 4041 734 4130; x_wconf 78' lang='lat' dir='ltr'><strong>faerit</strong></span> <span class='ocrx_word' id='word_1_379' title='bbox 750 4044 936 4131; x_wconf 78' lang='lat' dir='ltr'><strong>plebecula</strong></span> <span class='ocrx_word' id='word_1_380' title='bbox 951 4043 1052 4123; x_wconf 73' lang='lat' dir='ltr'><strong>bila]</strong></span> <span class='ocrx_word' id='word_1_381' title='bbox 1076 4044 1178 4108; x_wconf 87' lang='lat' dir='ltr'><strong>Totus</strong></span> <span class='ocrx_word' id='word_1_382' title='bbox 1199 4047 1243 4106; x_wconf 89' lang='lat' dir='ltr'><strong>lo-</strong></span> 
     </span>
     <span class='ocr_line' id='line_1_44' title="bbox 99 4126 1244 4219; baseline -0.004 -22"><span class='ocrx_word' id='word_1_383' title='bbox 99 4155 155 4197; x_wconf 88' lang='lat' dir='ltr'><strong>cus</strong></span> <span class='ocrx_word' id='word_1_384' title='bbox 169 4155 210 4195; x_wconf 87' lang='lat' dir='ltr'><strong>ex</strong></span> <span class='ocrx_word' id='word_1_385' title='bbox 224 4132 283 4195; x_wconf 91' lang='lat' dir='ltr'><strong>illis</strong></span> <span class='ocrx_word' id='word_1_386' title='bbox 297 4133 432 4197; x_wconf 89' lang='lat' dir='ltr'><strong>Platonis</strong></span> <span class='ocrx_word' id='word_1_387' title='bbox 447 4154 607 4219; x_wconf 86' lang='lat' dir='ltr'><strong>expressus</strong></span> <span class='ocrx_word' id='word_1_388' title='bbox 625 4133 665 4216; x_wconf 63' lang='grc' dir='ltr'><strong>[ρ’.</strong></span> <span class='ocrx_word' id='word_1_389' title='bbox 686 4140 706 4197; x_wconf 84' lang='grc'><strong>7</strong></span> <span class='ocrx_word' id='word_1_390' title='bbox 721 4133 816 4219; x_wconf 84' lang='lat' dir='ltr'><strong>sqq.]:</strong></span> <span class='ocrx_word' id='word_1_391' title='bbox 839 4131 866 4197; x_wconf 83' lang='lat' dir='ltr'><strong>el</strong></span> <span class='ocrx_word' id='word_1_392' title='bbox 881 4126 1059 4215; x_wconf 78' lang='grc' dir='ltr'><strong><em>μέλλοντός</em></strong></span> <span class='ocrx_word' id='word_1_393' title='bbox 1074 4144 1140 4195; x_wconf 87' lang='grc' dir='ltr'><strong>σου</strong></span> <span class='ocrx_word' id='word_1_394' title='bbox 1163 4128 1244 4195; x_wconf 78' lang='grc' dir='ltr'><strong><em>ἰέναι</em></strong></span> 
     </span>
    </p>
   </div>
   <div class='ocr_carea' id='block_1_4' title="bbox 138 4382 1244 4518">
    <p class='ocr_par' dir='ltr' id='par_1_18' title="bbox 138 4382 1244 4518">
     <span class='ocr_line' id='line_1_45' title="bbox 138 4382 1244 4518; baseline -0.014 -67"><span class='ocrx_word' id='word_1_395' title='bbox 138 4390 344 4518; x_wconf 40' lang='lat' dir='ltr'><strong>damni&amp;</strong></span> <span class='ocrx_word' id='word_1_396' title='bbox 353 4390 439 4455; x_wconf 80' lang='lat' dir='ltr'><strong>oriae,</strong></span> <span class='ocrx_word' id='word_1_397' title='bbox 457 4388 526 4443; x_wconf 81' lang='lat' dir='ltr'><strong>inira</strong></span> <span class='ocrx_word' id='word_1_398' title='bbox 538 4389 567 4442; x_wconf 86' lang='lat' dir='ltr'><strong>in</strong></span> <span class='ocrx_word' id='word_1_399' title='bbox 580 4387 633 4442; x_wconf 73' lang='lat' dir='ltr'><strong>istu</strong></span> <span class='ocrx_word' id='word_1_400' title='bbox 642 4386 700 4441; x_wconf 65' lang='lat' dir='ltr'><strong>Sal</strong></span> <span class='ocrx_word' id='word_1_401' title='bbox 713 4387 753 4439; x_wconf 78' lang='lat' dir='ltr'><strong>Vt</strong></span> <span class='ocrx_word' id='word_1_402' title='bbox 770 4390 923 4457; x_wconf 77' lang='lat' dir='ltr'><strong>pelliculam</strong></span> <span class='ocrx_word' id='word_1_403' title='bbox 945 4394 1061 4442; x_wconf 74' lang='grc' dir='ltr'><strong><em>ναεεετι</em></strong></span> <span class='ocrx_word' id='word_1_404' title='bbox 1080 4392 1158 4447; x_wconf 81' lang='lat' dir='ltr'><strong>etc.“</strong></span> <span class='ocrx_word' id='word_1_405' title='bbox 1176 4382 1244 4457; x_wconf 84' lang='lat'><strong>[116]</strong></span> 
     </span>
     <span class='ocr_line' id='line_1_46' title="bbox 345 4476 465 4514; baseline -0.033 -13"><span class='ocrx_word' id='word_1_406' title='bbox 345 4476 367 4514; x_wconf 60' lang='lat'><strong>5,</strong></span> <span class='ocrx_word' id='word_1_407' title='bbox 462 4488 465 4497; x_wconf 95' lang='lat'>.</span> 
     </span>
    </p>
   </div>
   <div class='ocr_carea' id='block_1_5' title="bbox 0 0 1354 4972">
    <p class='ocr_par' dir='ltr' id='par_1_19' title="bbox 0 0 1354 4972">
     <span class='ocr_line' id='line_1_47' title="bbox 0 0 1354 4972; baseline 0 0"><span class='ocrx_word' id='word_1_408' title='bbox 0 0 1354 4972; x_wconf 95' lang='lat' dir='ltr'><strong> </strong></span> 
     </span>
    </p>
   </div>
  </div>
 </body>
</html>
