2700 4972
156 321 222 389 2³4
259 324 262 330 '
526 319 933 387 COMMENTARIUS

157 505 265 555 natrtra
277 492 335 557 viri
345 493 432 574 signa
448 495 631 571 manebunt,
652 510 751 579 neque
767 514 903 579 umquam
920 497 1056 579 perlecta
1078 494 1138 557 eris
1153 496 1280 576 lemniae,

159 578 216 642 sed
234 578 404 643 horrendus
425 590 456 641 et
472 580 580 642 sirnilis
594 580 727 665 portenti
741 577 947 660 androgynus.

48 672 51 681 '
107 671 160 728 ste
248 662 509 744 Palaesrr·itae.]
532 660 768 746 Δρωπακισταὶ
788 659 1068 747 ἐρῥωμενέσκατοι
1081 662 1139 731 καὶ
1154 662 1279 750 τῆςὲαα-

156 751 225 827 τῶν
237 747 352 835 τέχνης
367 745 407 815 τὰ
419 752 545 832 πρῶτα.

252 834 463 917 Plaetoria]
489 832 555 911 Τὰς
567 832 690 916 τρίχας.
734 836 822 898 Hanc
843 857 955 899 vocem
976 848 1008 898 et
1024 838 1178 922 sequentis
1191 860 1276 901 versus

157 923 290 1011 primam
312 934 467 985 mutuatus
492 934 537 985 est
559 944 576 983 a
599 921 705 999 Persiu
727 922 879 985 Ausonius
902 922 1123 1007 epigrammate
1146 920 1274 987 Cthtt.

160 1012 235 1089 [nno
252 1004 409 1072 CXXXI.
435 1006 523 1071 Adde
538 1006 577 1069 de
595 1029 628 1067 re
640 1004 764 1069 Tertull.
781 1006 854 1071 Pall.
878 1006 907 1070 4.
923 1029 971 1093 ap.
984 1006 1046 1089 Pl]

245 1094 308 1173 [40.
338 1088 484 1157 Elixos:
513 1090 643 1155 assiduis
665 1094 800 1173 balneis3
830 1116 894 1155 nan
917 1090 1115 1175 cogitandum
1139 1092 1177 1158 de
1200 1094 1274 1157 catti
1313 1117 1317 1162 ;

156 1178 265 1329 resipa.
309 1170 469 1265 Forcipe,
486 1180 629 1261 uolsella3
651 1200 682 1242 u.
694 1176 820 1240 'l'ertull
833 1182 854 1241 l.
870 1182 891 1244 l.
912 1178 1017 1267 Plures
1029 1176 1092 1243 loci
1105 1202 1153 1267 ap.
1161 1180 1273 1244 Meister.
1313 1185 1317 1202 '

156 1288 177 1353 p
243 1266 295 1417 41].
314 1346 393 1414 Noa
406 1358 525 1412 tamen
539 1340 706 1432 istaft'liu
720 1344 792 1411 ullo
807 1336 1015 1413 mansuescit
1026 1354 1173 1433 aratro-J
1184 1348 1273 1433 Ὅμως

158 1426 223 1502 οὐκ
237 1430 437 1520 ἐκνικήσας,
459 1428 542 1499 oillei
558 1430 597 1499 eoi
613 1429 735 1515 ἀνδρὸς
752 1438 869 1542 σημεῖα
882 1428 933 1498 ἀεὶ
947 1431 1124 1519 decorticet·
1167 1434 1273 1501 ditirta

147 1520 258 1610 silix,
289 1544 402 1608 nempe
423 1543 476 1600 ea,
505 1506 544 1583 de
568 1542 627 1605 qm
650 1522 742 1583 sentit
769 1522 1008 1611 allqyopcuoiqr
1041 1544 1118 1585 nam
1139 1524 1201 1585 filix
1218 1544 1271 1589 reia
1307 1589 1312 1599 ,

157 1622 255 1673 aratro
270 1607 470 1686 mansuescit,
492 1604 526 1669 id
544 1618 590 1669 est
609 1606 730 1693 penitus
751 1607 810 1668 exti
849 1619 897 1669 ata
920 1606 992 1669 sinit
1009 1629 1044 1669 se
1068 1608 1158 1673 vinci
1200 1608 1272 1673 Colu-

157 1698 248 1759 mella
260 1694 338 1757 libro
352 1693 385 1757 ll
398 1693 436 1775 [c.
448 1694 480 1772 2,
493 1690 521 1779 b.
539 1696 603 1767 131:
621 1690 797 1779 pernicies
806 1628 925 1781 filicis
945 1688 1114 1779 frequens
1135 1692 1271 1793 extirpa-

157 1780 207 1845 tio
225 1788 297 1857 est,
321 1798 409 1866 quae
425 1772 484 1843 vel
498 1786 622 1841 aratro
629 1773 724 1865 fieri
735 1786 868 1863 potest,
892 1775 1057 1864 quoniam
1078 1780 1173 1844 iutra
1194 1778 1269 1844 brea·
1315 1856 1317 1863 Ι

156 1866 253 1931 aium
277 1865 414 1951 saepius
437 1860 620 1927 convulsae
644 1862 847 1927 aroriuatur.
883 1862 1065 1943 [‚,eelerius
1090 1863 1215 1930 etiam“
1231 1864 1271 1929 de

155 1953 263 2033 lenda,
285 1951 370 2038 quod
383 1951 423 2012 ad
435 1951 599 2034 sequentia
619 1950 791 2035 pertinent]

242 2040 295 2104 42.
318 2034 524 2113 Caedimus,
546 2033 647 2121 inque
663 2032 776 2099 vicem
786 2033 998 2121 praebemus
1013 2056 1120 2099 crura
1133 2033 1271 2125 sagittis]

156 2120 344 2205 Huiusmodi
365 2120 572 2203 λογοποιΐαις
588 2121 639 2183 alii
654 2122 786 2183 aliorum
827 2125 916 2184 rubra
930 2123 1132 2207 publicamus.

242 2210 295 2277 43.
321 2203 464 2274 Vivitur
485 2206 550 2271 boc
571 2208 695 2293 pacta]
727 2204 790 2285 Qui
831 2209 971 2271 faceres?
1002 2228 1076 2269 nam
1099 2210 1126 2271 si
1146 2228 1239 2295 speres
1251 2216 1272 2267 te

156 2300 217 2359 hoc
229 2297 338 2360 vitium
350 2296 514 2357 hominnm
529 2314 622 2378 posse
637 2292 801 2356 emendare
814 2296 867 2357 vel
881 2294 1057 2355 auctoritate
1072 2304 1124 2357 tua
1141 2292 1273 2381 impedire,
1315 2365 1317 2373 ¹

156 2405 198 2445 ne
215 2381 254 2443 de
271 2393 302 2443 te
313 2385 474 2465 loquantur
493 2381 603 2459 libere,
625 2380 807 2456 frustrasis:
829 2400 908 2464 quae
932 2390 1002 2440 sunt
1018 2381 1103 2442 enirn
1122 2382 1274 2443 hominrltu
1315 2383 1317 2404 '

156 2466 237 2530 adeo
253 2478 380 2546 cognata
394 2466 485 2543 vitia,
508 2465 615 2544 corrigi
632 2476 796 2549 nequeunt.

243 2548 303 2613 Sic
325 2544 500 2615 novimus:
521 2546 589 2611 ilia
613 2546 727 2612 subter
749 2546 901 2612 Caecum
924 2549 1049 2613 vulnus
1068 2548 1201 2631 lactea]
1224 2550 1275 2613 Hac

156 2639 248 2719 igitur
270 2639 387 2700 ratione
407 2636 583 2698 interiorem
602 2648 688 2697 tuam
706 2636 802 2699 vitam
822 2638 1025 2717 cognovimus
1051 2650 1082 2701 et
1101 2638 1211 2719 flagitia
1227 2645 1274 2713 tun,

156 2744 235 2810 quae
249 2728 313 2803 jam
324 2725 356 2785 in
372 2722 529 2809 publicum
548 2740 709 2808 erumpere
729 2722 893 2808 incipiunt,
915 2725 1055 2809 quamvis
1076 2722 1128 2784 diu
1149 2744 1167 2787 a
1187 2734 1215 2785 te
1227 2720 1275 2783 dis-

155 2812 313 2888 simulata,
337 2810 489 2871 habemus
511 2818 599 2888 nota3
628 2805 750 2871 vulnus
774 2826 915 2871 caecum
937 2804 1054 2871 subter
1078 2807 1145 2873 ilia
1166 2808 1275 2895 appellat
1312 2805 1317 2856 ἲ

153 2895 313 2959 libidinem
338 2907 369 2957 et
389 2894 502 2974 flagitia
526 2895 606 2955 elem
628 2892 717 2956 solita
740 2914 757 2955 a
777 2894 902 2957 Nerone
926 2896 1083 2957 committi.
1134 2894 1215 2973 [Post
1231 2888 1276 2955 Sic
1312 2891 1316 2904 '

154 2980 313 3046 novimus
329 2981 392 3043 ie.
413 2982 508 3041 talem
526 3000 594 3043 esse
615 2976 731 3065 experti
745 3000 852 3042 sumus
871 2980 969 3045 vitam
988 2981 1169 3061 hominum,
1190 2976 1275 3063 τελείᾳ

154 3065 403 3149 distinguendum
419 3067 486 3145 est]
665 3144 668 3151 Ι

239 3154 293 3219 44.
315 3149 387 3216 Sed
403 3148 476 3212 lato
487 3148 622 3213 balteus
640 3168 725 3213 auro
746 3146 951 3236 Praetegit.]
982 3149 1048 3213 Sed
1064 3152 1194 3233 flagitia,
1214 3169 1276 3237 quae

154 3251 340 3327 patrantura
357 3250 389 3299 te
404 3234 550 3323 quotidie,
571 3247 694 3321 propter
714 3236 883 3319 potentiam
902 3248 988 3298 tuam
1009 3237 1088 3315 [sive
1104 3239 1275 3301 nobilitatem

156 3338 186 3388 et
201 3324 399 3410 splendorem
415 3322 546 3403 generis]
569 3319 757 3384 abscondere
777 3333 808 3382 te
822 3342 914 3405 posse
934 3322 1078 3403 confidis,
1100 3324 1276 3386 nomineco-

101 3411 247 3473 ssodente
260 3421 311 3473 aut
320 3411 353 3471 in
366 3409 418 3469 illa
429 3409 581 3492 inquirere
597 3418 648 3468 aut
663 3405 702 3467 de
716 3407 754 3469 iis
768 3408 862 3491 loqui.
897 3407 1010 3470 Alludit
1018 3408 1142 3473 Persius
1156 3408 1276 3483 edictus,

174 3518 231 3558 uos
247 3505 405 3579 acceperat
415 3504 508 3555 noctu
523 3514 577 3577 per
591 3496 699 3556 urbem
715 3495 956 3578 petulantissime
972 3513 1098 3574 vagans,
1119 3488 1278 3559 ut'scribunt

153 3582 320 3646 bautonius
341 3600 377 3642 ac
398 3578 523 3641 Tacitus
545 3576 597 3655 [ad
616 3598 649 3639 v.
671 3580 744 3657 tat:
772 3580 823 3640 hic
844 3598 919 3642 vero
941 3582 1033 3642 etiam
1055 3578 1142 3643 addit
1163 3578 1279 3646 uulneris

154 3669 307 3730 cicatrices
323 3687 376 3727 ore
388 3664 576 3751 praetulisse.
613 3660 714 3723 Baltei
724 3676 863 3728 veterum
877 3664 931 3727 lati
944 3678 1038 3728 erant.
1072 3666 1192 3749 virgil,
1204 3684 1280 3753 quen

33 3748 37 3757 ’
154 3765 258 3817 noster
280 3752 416 3813 imitetur
440 3749 525 3828 [Aen.
540 3750 581 3827 V,
597 3747 691 3827 312]:

470 3832 544 3897 lato
560 3854 664 3921 quam
681 3830 980 3918 circumplectitur
995 3856 1084 3899 auro

238 3920 403 3997 Baltasar

150 4007 224 4074 ideo
248 4010 432 4089 τελαμῶνες
453 4002 577 4068 Graecis
600 4004 795 4091 scriptoribus
821 4003 976 4086 dicuntum
1005 4019 1036 4069 at
1064 4006 1198 4071 balteus
1220 4006 1280 4069 luto

119 4100 126 4118 ⁸
152 4112 238 4160 auro
251 4096 382 4158 duarum
397 4113 499 4155 rerum
515 4093 693 4173 symbolum
710 4091 779 4151 heic
803 4102 864 4153 est:
886 4094 1040 4178 potentiae
1063 4106 1094 4157 et
1113 4094 1280 4167 divitiarum,

153 4205 230 4269 quae
245 4182 307 4243 duo
325 4191 396 4243 sunt
411 4179 555 4241 vitiorum
570 4199 682 4257 magna
694 4187 881 4255 tegumenta.
923 4178 1129 4265 Antiphanes:
1146 4236 1149 4241 .

257 4262 296 4332 ‘0
314 4259 459 4338 πλοῦτός
473 4259 542 4326 ἐστι
563 4256 809 4343 παρακάλυμμα
828 4267 897 4327 τῶν
918 4268 1040 4329 κακῶν.

238 4353 291 4419 46.
319 4346 366 4415 Ut
387 4348 516 4426 mavis,
547 4345 595 4411 cla
616 4344 721 4411 verba
743 4357 776 4410 et
796 4344 918 4436 decipe
942 4371 1086 4429 nervos,
1114 4348 1155 4415 Si
1171 4346 1278 4439 potes]

152 4442 238 4521 Esto,
258 4440 338 4505 eiita
357 4438 422 4501 vis:
440 4447 489 4516 tu,
510 4436 563 4521 qui
580 4436 684 4498 annno
697 4435 952 4520 periculosissime
970 4450 1128 4522 aegrotae,
1147 4456 1277 4527 prosena
