2700 4972
67 282 143 427 ‘a‘
300 390 319 411 a
371 415 375 424 ¹
456 314 864 398 conuersas-ros

168 493 396 582 Labeonem]
426 496 484 565 De
494 498 594 565 ardeo
611 500 759 566 macons
780 508 812 563 et
829 496 1020 588 ineptissima
1028 494 1136 565 Iliadiss
1152 516 1227 569 tet·-

85 591 177 659 dona
190 608 284 676 quam
298 584 449 668 ediderat,
470 596 591 674 praeter
607 587 704 651 Persii
722 594 753 649 et
769 588 883 650 vetusti
896 586 1067 676 interpletis
1081 586 1226 652 testinnoa

50 722 55 732 -
89 672 141 741 nia
149 677 230 746 nihil
242 674 393 739 habemus
408 684 610 761 compertum.
630 672 693 754 [Cf.
707 671 806 753 Pasa]
951 692 953 697 ⁴

99 808 103 815 -
175 763 206 829 5.
231 758 373 847 Nugae:
396 781 483 837 non,
505 758 638 846 siquid
658 752 925 823 tnrbirlalloma
946 752 1093 832 naver]
1113 752 1228 838 Rejicit

90 848 211 912 Persius
224 844 330 909 datum
342 845 402 909 sibi
413 844 574 908 consilium
589 854 620 907 et
637 859 777 908 caussam
791 844 955 925 subjungit.
998 843 1097 924 Euae,
1118 845 1151 906 in
1172 845 1229 927 uit,

91 935 118 998 si
145 935 179 996 in
206 932 418 997 aestimatione
447 934 601 994 bonorum
626 938 678 993 aut
706 932 864 992 malorum
898 929 1081 1031 polimatntn
1111 867 1228 1010 jorlicio

89 1018 236 1084 standum
255 1029 344 1105 putas
357 1028 535 1099 magnatus
555 1018 632 1097 [imo
651 1014 745 1079 etiam
758 1014 971 1097 multitudinis]
994 1014 1228 1080 Romanorum:

41 1101 76 1160 4³
91 1103 197 1168 idonei
217 1107 302 1167 enim
320 1104 427 1181 tallum
447 1102 571 1183 judices
582 1120 647 1164 non
668 1112 740 1164 sunt
760 1099 807 1181 et{
834 1112 878 1163 ut·
893 1101 1027 1187 loquitur
1040 1101 1241 1182 Aristoteles,'

93 1184 156 1256 οὐκ
174 1184 326 1274 ἀσφαλὴς
344 1185 364 1252 ὁ
381 1183 505 1253 κανών.
543 1178 703 1252 Turbida
717 1178 832 1251 Koma·
844 1186 966 1266 dicitnr,
990 1188 1022 1251 in
1042 1204 1104 1273 qua
1120 1188 1230 1251 flerem

92 1278 197 1340 omnia
216 1280 254 1341 ab
277 1274 446 1360 occupatis,
475 1275 541 1336 imo
564 1273 795 1358 occupantium,
815 1274 923 1336 utillo
947 1276 1004 1338 ait:
1027 1275 1071 1337 sic
1091 1273 1177 1337 enlm
1196 1273 1230 1337 in

92 1365 168 1426 urbe
180 1364 233 1425 illa
249 1368 301 1424 aut
315 1364 389 1423 orbe
401 1361 504 1446 potius
518 1360 680 1424 vivebatur
686 1392 699 1438 ,ι
718 1368 750 1419 ut
764 1359 817 1444 qui
829 1358 861 1421 in
875 1362 963 1423 turba
983 1381 1018 1424 se
1035 1370 1144 1422 mutuo
1164 1371 1231 1422 tru-

94 1447 171 1511 dunt
186 1449 407 1535 impelluntque
428 1445 475 1526 [ut
494 1460 568 1531 prae
589 1452 797 1532 tempestuosa
822 1444 986 1525 agitatione
1004 1447 1085 1525 juste
1106 1446 1158 1508 exi

92 1534 236 1596 trutinam
256 1554 320 1595 nrm
338 1542 474 1618 possent.
496 1531 644 1608 (Meister.
667 1529 783 1594 Letzte
806 1529 904 1594 Sraa.
924 1553 956 1617 p.
971 1530 1069 1612 86.)]:
1091 1552 1153 1618 quo
1192 1540 1233 1594 et

92 1616 257 1685 luvenalis
267 1617 363 1681 Satira
371 1619 480 1697 tertia,
502 1626 536 1678 ut
550 1619 628 1679 alios
648 1622 782 1695 racemo,
806 1617 1002 1680 notissimum
1025 1626 1081 1680 est.
1123 1616 1233 1680 Vitru-

92 1704 162 1771 vius
174 1707 207 1766 in
220 1704 408 1791 praefatione
429 1703 498 1766 libri
511 1702 560 1766 V:
596 1720 672 1764 cnm
692 1698 1019 1775 aninradaertissem
1044 1700 1233 1767 distentam

95 1790 271 1856 civitatem
282 1786 426 1875 publicis
440 1797 471 1853 et
477 1787 638 1874 privatis·
651 1785 814 1874 negotiis,
833 1788 955 1874 paucis
968 1787 1126 1869 judicavi
1145 1788 1234 1854 scri·-

95 1875 264 1941 bendum:
285 1877 329 1939 sic
350 1877 415 1937 fere
428 1873 510 1960 apud
527 1872 691 1936 Sidonium
704 1873 910 1958 Apollinarem
924 1875 1002 1938 libro
1016 1872 1104 1937 VIII.
1126 1872 1234 1939 tarbi-

97 1961 147 2025 da
172 1971 205 2025 et
217 1976 387 2046 praeceps
399 1956 587 2048 festinatio
611 1960 688 2040 [imo
709 1959 769 2021 ita:
804 1980 907 2046 qaam
933 1960 1043 2039 (vitam
1063 1957 1233 2047 Apollonii]

97 2046 181 2111 dnm
190 2064 321 2133 parere
331 2046 480 2132 teatino,
502 2044 656 2108 celeriter
675 2041 768 2129 ejecit
784 2043 822 2107 in
844 2042 1104 2110 tumultuarium
1124 2056 1234 2111 erremd

93 2130 179 2221 plor
193 2129 334 2195 turbida
348 2142 380 2194 et
388 2150 558 2217 praeceps
575 2138 606 2193 et
627 2127 687 2217 op'
747 2128 946 2208 translatio3
968 2152 1019 2218 ep.
1034 2134 1095 2213 dl:
1115 2134 1171 2199 vel
1193 2134 1234 2196 alr

96 2220 183 2305 aquis
194 2238 259 2282 vox
272 2226 318 2280 est
335 2218 486 2295 translata,
501 2219 578 2279 sicut
587 2212 668 2278 Grae
724 2214 823 2278 homo
837 2236 903 2279 non
917 2236 988 2280 com
1011 2217 1107 2282 ositae
1119 2218 1236 2283 mentis

72 2349 76 2354 -
98 2304 206 2369 dicitur
219 2299 375 2384 θολερὸς,
397 2297 638 2384 τεταραγμένος
662 2310 694 2363 et
709 2296 911 2386 ταραχώδης.
939 2239 1077 2384 [Eleaet
1096 2304 1182 2368 Pass.
1201 2324 1235 2392 p.
1266 2316 1270 2321 '

71 2442 74 2447 .
95 2389 160 2456 248
182 2390 328 2476 explicat:
350 2390 472 2468 efferat,
494 2390 620 2451 extollat
633 2386 790 2467 laudibus,
811 2389 940 2452 nisusin
954 2390 1030 2453 locis
1047 2411 1096 2476 ap.
1112 2388 1234 2471 Gamla,
1272 2430 1278 2453 t

99 2494 206 2562 opera
228 2474 315 2537 critt.
337 2492 368 2560 p.
385 2480 435 2539 17.
449 2495 492 2553 c.,
514 2473 691 2560 quaemihi
710 2494 774 2535 non
797 2484 869 2536 sunt
889 2473 928 2537 ad
947 2494 1074 2542 manus:
1098 2474 1139 2539 ad
1162 2498 1237 2540 sen·

28 2616 31 2621 .
97 2561 256 2625 tentiamo
278 2560 363 2639 time,
384 2559 441 2623 sed
457 2559 608 2622 serrnonis
619 2574 692 2622 usus
707 2580 747 2621 an
756 2562 875 2645 probet,
893 2562 1094 2625 vehementer
1104 2559 1236 2645 dubito]

183 2651 216 2710 6.
244 2582 399 2723 itiner.
417 2642 582 2716 accedam
609 2662 795 2710 exameaae
819 2645 916 2727 [leger
949 2668 1179 2736 exameaqner
1202 2664 1237 2715 r.

10 2762 12 2771 ·
41 2758 47 2769 ’
97 2731 184 2796 Pass.
211 2742 242 2794 et
258 2730 368 2812 Orell.]
395 2728 588 2818 improbum
614 2729 651 2792 in
678 2727 742 2793 illa
765 2728 921 2817 Castigee
950 2732 1102 2809 trutina]
1138 2730 1237 2815 Quod

101 2815 212 2883 Graeci
234 2816 354 2892 dicunt.
376 2836 447 2879 cruri
469 2811 659 2899 spectatori·
675 2834 738 2900 quo
761 2817 869 2902 aliquis
890 2818 998 2899 utitur,
1029 2814 1237 2906 dominat

102 2896 477 2987 atdtppaiorolapncog,
498 2903 634 2989 pluribus
655 2896 757 2965 verbis
772 2920 951 2989 expressum
970 2905 1119 2975 aPersio.
1164 2904 1257 2971 Ser-·

101 3010 154 3052 mo
179 3000 283 3053 autem
300 2989 493 3071 allegoricus:
526 3008 601 3051 nam
619 2985 756 3051 elevare
777 2999 808 3051 et
834 3011 978 3054 examen
999 2988 1178 3078 castigare
1199 2990 1238 3056 in

103 3074 237 3139 trutina
249 3096 291 3138 ex
307 3086 369 3138 arte
385 3075 576 3138 stethmetica
588 3083 659 3136 sunt
676 3074 790 3160 petita:
812 3076 1024 3161 nequeenim,
1046 3088 1081 3140 ut
1095 3077 1129 3142 in
1141 3060 1239 3143 llinis

102 3161 327 3247 Aristophanis,
356 3154 522 3244 calicrati
529 3153 674 3243 μουσική
697 3162 911 3245 caudatam.-
946 3160 983 3225 In
1005 3175 1131 3250 unaque
1150 3165 1238 3245 libra,

104 3254 135 3310 et
146 3258 344 3309 momentana
355 3245 485 3309 duarum
499 3245 633 3308 lancium
645 3256 677 3309 et
690 3245 847 3332 Campana
862 3243 1133 3333 potentianam,
1157 3272 1239 3314 exa-

14 3364 23 3409 ,·
104 3344 183 3396 men
203 3334 371 3418 appellatur
389 3330 482 3413 ligula
504 3332 549 3406 (et
567 3328 676 3394 Graeci
694 3332 864 3414 γλωσσίδα
881 3336 1006 3416 vocant)
1028 3348 1128 3399 erecta
1146 3354 1239 3423 super

104 3436 214 3502 scapo,
239 3436 331 3502 quem
345 3428 434 3481 vetus
450 3418 596 3502 interpres
615 3418 754 3481 tractam
775 3416 1104 3503 eleganterssominat,
1128 3418 1239 3486 Gracci

107 3498 207 3585 ζυγὸν
222 3514 251 3565 et
266 3497 441 3586 adlapya:
462 3504 520 3564 hac
534 3522 687 3586 nusquam
701 3504 874 3586 inclinante,
899 3516 929 3570 et
951 3510 1009 3571 sub
1028 3526 1103 3571 ansa
1125 3509 1239 3571 latente

105 3590 271 3675 aequalitas
285 3601 316 3652 et
337 3585 515 3670 ἰσορῥοπὶα
533 3608 636 3650 rerum
654 3609 861 3674 appensamrn
884 3591 1069 3658 ostenditur:
1091 3594 1154 3657 hoc
1164 3594 1240 3659 Per-

104 3675 168 3738 siu's
191 3684 283 3738 vocat
304 3696 448 3739 examen
468 3671 642 3760 castigare
664 3673 702 3737 ia
723 3676 877 3751 trutina·
899 3679 941 3741 ita
961 3680 1241 3765 loquiturelegans

104 3758 232 3846 scriptor
254 3759 415 3824 Cassianus
436 3759 607 3825 Collatione
625 3758 753 3841 XXIII,
775 3783 842 3848 cap.
855 3763 902 3825 V:
926 3784 1002 3829 cnm
1027 3764 1241 3830 econtrario

6 3890 10 3897 ·
106 3844 276 3910 theoricae
299 3846 375 3922 [imo
387 3844 549 3926 theoriae]
573 3843 697 3908 tortum
713 3845 795 3910 inde
822 3847 919 3926 [eddr
943 3849 1056 3932 corde]
1072 3860 1241 3938 pensaret

108 3930 253 3994 acaelnt
265 3930 302 3995 in
320 3954 392 3996 nna
406 3931 505 3996 lance
517 3938 691 3994 tantarum
715 3930 872 3997 laborum
889 3932 1102 4023 profectum,
1125 3936 1164 4001 s‘n
1184 3935 1241 4001 al-

56 4019 188 4150 p'plltera
202 4015 460 4081 delectationem
478 4015 621 4080 divinae
635 4018 930 4105 contemplationis
943 4020 1166 4110 appenderet,
1181 4021 1241 4087 din

109 4100 267 4165 examine
272 4102 425 4188 pectoris
445 4102 499 4165 sni
519 4101 773 4200 qrraclammoda
794 4106 968 4194 castigato
990 4106 1137 4174 tandem
1149 4128 1241 4196 pro·

108 4185 247 4251 clamat.
293 4185 378 4265 Quid
390 4188 431 4251 sit
445 4196 619 4273 castigare
632 4189 815 4270 mortalis,
838 4191 970 4256 declarat
993 4195 1143 4282 interpres
1162 4195 1241 4258 anti-
1262 4198 1270 4217 ⁸

34 4323 37 4331 .
108 4293 204 4358 quus:
229 4270 409 4372 Castigare
424 4280 472 4338 est
484 4271 595 4360 digito
614 4271 741 4338 libram
758 4288 953 4362 percutere,
979 4290 1015 4344 nt
1034 4290 1242 4367 temperetur

95 4368 142 4421 ‘et
156 4380 248 4443 prae
268 4359 462 4447 agitatione
469 4370 550 4445 post
563 4380 707 4446 aeqnam
721 4361 932 4449 conquiescat
944 4365 1003 4447 [ct
1011 4365 1140 4430 Forcell.
1153 4370 1241 4441 s.v.]:

76 4478 80 4487 ,
108 4441 199 4524 digna
221 4444 429 4532 interpretatio
450 4456 554 4509 nostra
571 4442 856 4514 animadversione:
876 4466 951 4516 nam
968 4462 1125 4539 percutere
1144 4452 1239 4536 digito
