2700 4972
185 370 248 414 xur
365 344 1080 447 ,ssPISTOLt'NttNGUt’tTORIA

186 519 290 583 dicunt
308 531 339 582 et
362 539 432 581 cum
443 517 526 583 vibis
545 518 659 605 γυμνῇ
680 520 723 603 τῇ
743 522 889 607 κεφαλῇ,
917 520 1001 609 quod
1022 522 1122 599 aiunt,
1151 513 1253 603 ὁμόσε
1263 518 1334 605 xcu-¹

186 624 306 705 pudotv
320 640 416 705 eaque
428 620 556 684 ridenda
569 622 713 685 omnibus
730 624 903 710 propinant.
934 622 1000 703 Qui
1011 624 1038 687 si
1054 645 1099 686 eo
1110 623 1214 687 animo
1228 625 1340 688 hodie·

186 735 401 804 trectarentur,
416 746 477 809 quo
492 725 648 810 scripsisse
658 725 742 811 ipsos
757 738 828 789 ante
841 724 1050 805 ostendimus,
1072 726 1260 799 uberrimos,
1281 728 1324 791 ita

185 851 238 892 me
251 827 352 906 Deus,
374 848 488 913 operae
500 848 573 890 suae
586 832 701 891 fructus
714 840 744 891 et
758 831 935 915 interpretes
951 819 1063 891 ¹eorum
1080 841 1111 893 et
1125 833 1255 895 lectores
1273 850 1325 893 re-

184 942 357 1021 portarent:
386 950 460 991 nam
472 941 507 992 ut
522 933 608 994 solae
626 926 847 997 θεόπνευστοι
865 933 970 995 literae
989 932 1085 995 animi
1105 934 1232 997 morbos
1249 954 1325 1019 pos-

185 1046 256 1100 sunt
272 1052 392 1112 curare,
413 1032 458 1094 sic
472 1030 624 1111 ejusmodi
639 1032 801 1118 poetarum
814 1034 936 1099 assidua
948 1036 1038 1098 lectio
1058 1037 1246 1099 curationem
1267 1034 1326 1099 ad-

183 1133 289 1210 iuvare
304 1147 349 1214 et,
371 1155 465 1219 quum
480 1156 587 1199 sanare
607 1148 773 1220 nequeant,
801 1150 931 1224 possunt
953 1150 1059 1202 tamen
1079 1141 1232 1203 sanabiles
1252 1136 1325 1201 red-

184 1242 265 1306 dere.
308 1238 358 1301 Fit
373 1239 457 1300 enim
469 1239 575 1301 nescio
589 1236 748 1324 quomodo
761 1251 886 1327 propter
894 1244 1022 1307 humani
1039 1242 1154 1325 ingenii
1173 1263 1244 1304 cum
1265 1262 1326 1304 nu.

184 1344 276 1408 meris
293 1341 508 1422 cognationem
522 1343 705 1419 naturalem,
736 1353 769 1404 ut
787 1343 905 1411 virttrtis
926 1357 1086 1432 praecepta
1109 1345 1242 1407 carmine
1255 1344 1325 1406 ulli-

184 1461 253 1529 gata
272 1457 303 1509 et
318 1444 487 1507 memoriae
501 1442 617 1505 firmius
630 1445 776 1506 haereant
795 1456 828 1509 et
844 1446 878 1509 in
892 1448 955 1511 ima
974 1446 1151 1533 praecordia
1170 1447 1325 1509 efficacius

183 1547 379 1615 descendant.
423 1546 493 1608 Hoc
507 1544 598 1625 igitur
611 1547 714 1608 animo
727 1568 823 1632 quum
834 1561 905 1613 ante
917 1553 1031 1614 multos
1046 1532 1252 1613 annos'Persii
1265 1546 1326 1611 Sa-

181 1656 253 1717 tiras
266 1650 452 1738 interpretati
466 1668 620 1726 essemus,
643 1661 677 1710 ut
691 1651 750 1737 ipsi
764 1653 970 1739 nos'primum
985 1652 1025 1716 ad
1041 1673 1180 1715 amorem
1195 1651 1326 1728 virtutis,

182 1758 290 1822 odium
312 1756 458 1822 vitiorum
479 1751 700 1837 capessendum
719 1756 958 1835 stimularemus,
989 1753 1102 1819 deinde
1115 1766 1150 1816 ut
1167 1752 1325 1817 studiosae

179 1860 332 1944 juventuti
356 1856 550 1921 adsimilem
572 1868 717 1919 conatum
743 1856 836 1922 duces
856 1881 914 1922 nos
937 1862 1168 1945 praeberemus,
1200 1856 1324 1944 dequo

179 1964 295 2051 priores
309 1962 486 2046 interpretes
500 1980 607 2044 parum
620 1957 801 2023 videbantur
815 1964 982 2051 cogitasse:
1006 1965 1072 2025 ausi
1084 1983 1208 2042 sumus,
1229 1960 1326 2025 Prae-

180 2090 230 2132 ses
246 2065 448 2150 amplissime,
483 2061 522 2124 de
540 2062 662 2125 illustris
681 2063 726 2125 tui
740 2065 874 2147 nominis
896 2062 1060 2151 splendore
1076 2067 1247 2128 stricturam
1265 2066 1325 2129 ali-

181 2192 274 2258 quam
283 2166 408 2231 luminis
420 2177 544 2230 nostrae
557 2166 628 2227 huic
643 2166 798 2251 scriptioni
811 2168 856 2231 ire
875 2178 1057 2230 mutuatum.
1099 2166 1194 2249 Quod
1213 2180 1248 2231 ut
1268 2190 1325 2233 ae-

76 2280 79 2285 ’
180 2276 234 2363 qui
252 2272 328 2347 boni
344 2270 485 2333 consules
502 2281 655 2353 tenueque
674 2269 735 2330 hoc
751 2272 966 2332 munusculum
983 2272 1116 2353 benigne
1131 2284 1164 2334 ut
1181 2272 1323 2358 accipias,

178 2400 237 2466 per
254 2379 340 2440 illam
361 2374 462 2459 ipsam
478 2383 604 2434 naturae
623 2383 695 2434 tuae
712 2367 881 2436 bonitatem
900 2384 932 2437 te
954 2377 1106 2455 obtestor,
1137 2396 1215 2461 quae
1236 2377 1324 2439 nullo

181 2502 254 2544 meo
271 2478 382 2541 merito
401 2486 487 2537 tuam
502 2475 582 2537 mibi
601 2486 718 2539 tantam
736 2478 984 2544 benevolentiam
1004 2479 1191 2557 conciliavit,
1224 2500 1325 2564 quan-

181 2588 247 2647 tam
257 2582 309 2646 vel
321 2591 427 2667 optare
440 2579 507 2641 sine
522 2575 631 2639 audaci
643 2578 811 2643 temeritate
827 2602 891 2645 non
906 2594 1054 2669 poteram.
1096 2579 1204 2663 Quum
1218 2594 1325 2647 autem

180 2688 360 2751 meritorum
373 2684 405 2745 in
421 2701 473 2743 me
491 2690 616 2744 tuorum
629 2682 656 2746 is
676 2684 716 2746 sit
730 2686 893 2766 cumulus,
913 2700 949 2750 ut
964 2686 1042 2750 tides
1055 2706 1128 2749 mea
1141 2686 1208 2748 sine
1223 2689 1324 2750 bene-

180 2791 252 2853 ficio
265 2790 436 2852 tabularum
454 2806 606 2850 novarum
624 2786 746 2850 liberari
761 2799 910 2874 nequeat,
928 2788 1098 2873 'aequitatis
1113 2799 1184 2850 tuae
1200 2789 1325 2868 magni·

179 2892 354 2978 tudinisque
371 2888 467 2951 animi
485 2889 591 2967 fuerit,
619 2910 685 2951 non
704 2889 778 2975 quid
800 2889 937 2953 adferam
959 2891 1027 2970 tibi,
1057 2890 1114 2954 sed
1135 2912 1198 2977 quo
1216 2892 1324 2955 animo

162 2992 348 3059 attendere.
390 2990 509 3077 Neque·
519 2992 602 3053 enim
620 2990 653 3054 id
674 3013 747 3073 ago,
775 3005 811 3054 ut
827 3015 910 3055 nexu
924 3014 976 3056 me
992 2995 1136 3058 exolvam
1150 3016 1244 3080 opera
1258 3006 1325 3058 tam

178 3100 256 3179 levi,
277 3096 382 3162 sedut
393 3096 527 3175 ingenua
538 3096 641 3158 bonae
655 3097 762 3182 copiae
775 3096 959 3176 ejuratione,
992 3109 1139 3182 quantum
1154 3100 1210 3162 tibi
1232 3120 1251 3171 a
1269 3120 1324 3162 me

96 3228 116 3285 Ι·
179 3202 339 3281 debeatur,
362 3202 466 3287 palam
481 3200 624 3262 omnibus
639 3200 759 3265 faciam.
803 3200 844 3263 Ut
862 3202 923 3265 hoc
940 3221 1004 3262 non
1029 3184 1121 3279 esset,
1148 3204 1325 3267 merebatur

177 3318 283 3369 tamen
304 3316 357 3366 tua
377 3303 490 3382 virtus,
522 3324 562 3365 ne
579 3304 674 3365 alium
689 3316 854 3390 praeter,te
871 3315 1034 3390 patronum
1051 3305 1110 3367 sibi
1123 3305 1252 3369 Persius·
1264 3304 1323 3368 ad-

175 3409 333 3489 scisceret:
364 3406 412 3466 cui
428 3405 513 3467 enim
534 3406 635 3490 potius
658 3407 808 3491 supplicet
828 3418 893 3468 tam
919 3428 1044 3471 severus
1066 3428 1190 3470 morum
1212 3428 1324 3472 censor

178 3532 272 3596 quam
286 3510 346 3588 illi,
370 3513 454 3588 cujus
469 3508 533 3571 vla
548 3529 675 3571 censura
690 3510 757 3574 est?
784 3509 837 3594 qui
850 3511 1001 3573 censorius
1014 3510 1081 3573 illas
1094 3511 1235 3591 virtutes,
1258 3505 1322 3597 τὴν

180 3608 378 3695 σεμνότητα,
406 3606 445 3675 cd
467 3605 572 3694 βάρος
593 3608 650 3675 καὶ
670 3606 709 3675 τό
740 3606 964 3695 ἀπαραίτητον
985 3609 1021 3677 ἐν
1039 3614 1087 3697 τῷ
1109 3596 1245 3697 desolo,
1270 3614 1322 3675 in-

179 3714 408 3793 declinabilem,
429 3715 570 3800 inquam,
591 3716 753 3796 justitiam,
775 3717 857 3780 vitae
872 3719 1076 3796 sanctitatem,
1097 3716 1278 3797 gravitatem
1289 3726 1321 3779 et

179 3820 396 3897 constantiam,
434 3840 509 3903 quas
529 3830 688 3907 tantopere
706 3820 738 3882 in
765 3842 822 3883 suo
846 3816 963 3884 Catone
985 3819 1121 3883 Romani
1145 3821 1319 3905 stupebant,

177 3923 272 4001 longo
294 3921 372 3984 adeo
392 3934 568 4009 temporum
587 3924 747 3987 intervallo
772 3935 905 4008 praestas
925 3922 1096 4003 redivivas:
1133 3942 1234 4007 neque
1258 3924 1319 3983 hoc

177 4022 266 4104 dico,
288 4037 322 4086 ut
336 4022 486 4090 Catonem
497 4027 553 4089 tibi
569 4022 762 4112 comparem,
784 4024 901 4089 nedum
913 4039 950 4088 ut
963 4038 994 4090 te
1011 4025 1138 4104 Catoni,
1160 4025 1213 4110 qui
1222 4024 1319 4087 sciam

176 4129 424 4206 tantomajorem
445 4142 475 4192 te
498 4126 642 4195 omnibus
654 4128 841 4208 Catonibus,
870 4141 983 4215 quanto
997 4152 1071 4194 vera
1087 4129 1121 4190 in
1134 4126 1241 4191 Deum
1251 4128 1318 4213 pie-

81 4292 84 4297 .
175 4240 224 4293 tas
245 4232 369 4296 caeteris
393 4233 533 4319 quamvis
556 4234 700 4296 maxirnis
721 4244 853 4318 praestat
867 4233 1036 4297 virtutibus.
1085 4231 1192 4317 Itaque
1212 4231 1317 4310 imago

175 4334 349 4414 venstatis,
378 4338 520 4399 columen
540 4336 723 4422 sapientiae,
757 4337 934 4422 exemplum
948 4336 1116 4401 severitatis
1133 4324 1176 4397 sic
1194 4332 1318 4397 haberis

176 4437 216 4501 ab
231 4437 379 4503 universis
393 4438 539 4503 Franciae
554 4441 692 4527 populis,
717 4439 773 4505 sed
788 4461 853 4504 non
867 4439 958 4520 solis,
988 4452 1022 4503 ut
1041 4462 1104 4505 non
1121 4426 1241 4500 tantum
1262 4433 1317 4498 ad-
