2700 4972
436 374 439 381 ⁴
512 356 766 424 sarrai
808 362 899 427 v..
1092 378 1246 440 mm

102 533 230 597 Marcus
252 532 346 596 dixit:
376 530 419 595 ita
433 543 495 604 ests
537 528 688 613 albigno,
710 532 828 613 Marce,
850 496 998 602 tabellas.¹
1106 566 1109 581 ·

100 640 191 703 Haec
212 624 298 703 mera
315 638 455 720 libertas3
483 641 544 700 boc
566 639 657 703 nobis
677 640 757 725 pilea
778 638 902 708 donant.
921 681 960 695 -

99 750 162 811 An
184 745 368 833 quisquam
389 753 443 807 est
463 744 556 809 nlius
576 742 682 825 liber,
712 745 927 815 niai'ducore
951 752 1062 819 vitam
1079 746 1090 815 “.

102 850 171 919 Cui
194 851 293 931 licet,
319 860 359 915 ut
379 850 515 917 voluit?
543 835 641 930 licet,
664 861 704 917 ut
721 853 816 926 volo,
839 855 978 924 vivere.-
1008 886 1076 929 nou
1091 863 1160 930 rim
1265 842 1268 847 Ι
1295 908 1299 916 -

98 958 267 1025 Liberior
289 956 429 1024 Bruto?
447 994 492 1007 -
512 960 665 1026 Mendose
688 965 819 1046 colligis,
846 965 945 1052 inquit
1203 981 1245 1045 35
1298 990 1301 995 -
1346 954 1349 959 ’

100 1068 226 1134 Stoicus
246 1068 314 1147 hic,
344 1088 451 1133 aurern
471 1068 608 1132 mordaci
627 1073 708 1134 lotus
729 1084 825 1134 aceto.

100 1178 189 1241 Haec
213 1177 327 1261 reliqua
349 1174 483 1262 accipio:
511 1198 629 1239 aroer
651 1200 789 1256 ranno,
813 1190 858 1258 et,
881 1203 930 1244 or
953 1205 1080 1265 voro,
1101 1193 1184 1254 tolle.
1202 1226 1243 1237 -

105 1278 280 1351 Vindicta
296 1290 480 1370 postquam
502 1304 598 1347 meua
622 1306 646 1346 n
663 1293 826 1367 praetore
848 1290 989 1365 recessi,

102 1389 373 1458 Curmiliaca
396 1390 518 1466 liceat,
532 1388 641 1477 jussit
662 1390 885 1481 quodcunque
904 1397 1079 1482 voluntas,

98 1498 262 1586 Excepto
286 1495 424 1584 siquid
442 1497 580 1561 Masuri
602 1496 742 1565 rubrica
761 1501 918 1566 vetavit?
1202 1518 1244 1577 90

188 1608 303 1671 Disce:
331 1604 388 1669 sed
408 1605 453 1668 ira
473 1603 561 1668 cadat
580 1628 657 1670 naso
678 1630 848 1695 rugosaque
867 1633 978 1690 sanna,

97 1717 188 1781 Dum
208 1728 329 1783 veteres
350 1712 435 1779 avias
457 1713 513 1775 tibi
535 1711 574 1775 de
594 1716 742 1798 pulmone
761 1719 888 1781 revello.

98 1825 173 1889 Non
194 1823 342 1910 praetoris
363 1832 427 1885 erat
446 1819 544 1884 stultis
566 1819 638 1883 dare
658 1821 761 1883 tenuia
781 1844 883 1887 rerum

54 1984 58 1991 .
100 1930 215 1997 Officia
237 1943 328 2017 atque
348 1950 440 1991 usum
460 1927 584 2015 rapidae
604 1928 778 2013 permittere
798 1932 891 1997 ritae.

99 2038 290 2104 Sambucam
310 2037 395 2100 citius
419 2037 519 2099 caloni
540 2034 690 2121 aptaveris
710 2039 782 2101 alto.

99 2145 167 2210 Stat
192 2157 298 2209 contra
317 2145 395 2207 ratio
417 2155 448 2207 et
467 2155 617 2207 secretam
638 2145 742 2225 gannit
761 2145 795 2207 in
818 2167 942 2213 aurem:

97 2254 147 2319 Ne
167 2255 258 2317 liceat
278 2257 379 2314 facere
399 2251 446 2331 id,
476 2250 560 2337 quod
581 2253 648 2335 quis
667 2252 788 2317 vitiabit
808 2254 938 2334 agendo.

99 2361 226 2426 Publica
248 2362 299 2422 lex
319 2359 484 2421 hominum
504 2371 670 2444 naturaque
691 2359 827 2449 continet
845 2362 907 2425 boc
928 2365 990 2441 fas,
1043 2412 1046 2417 .
1069 2440 1072 2449 Ι

99 2468 141 2533 Ut
161 2479 264 2531 teneat
283 2467 395 2531 vetitos
416 2466 533 2530 inscitia
556 2464 664 2529 debilis
685 2476 780 2531 auus·
1033 2452 1039 2463 ’

98 2574 202 2639 Diluis
223 2577 416 2637 helleborum
437 2586 518 2638 certo
541 2594 736 2659 compescere
755 2584 875 2661 ptrnctb'·

99 2683 229 2763 Nescius
251 2704 399 2746 examen:
443 2692 527 2747 vetat
546 2684 607 2744 boc
628 2670 910 2747 nauu'medendi.

100 2790 223 2857 Navem
244 2790 270 2854 si
291 2801 398 2876 poscat
418 2789 477 2852 sibi
497 2800 660 2875 peronatus
681 2800 782 2853 arator

99 2899 234 2963 Luciferi
256 2898 355 2976 rudis,
381 2899 532 2963 exclamet
552 2897 709 2960 Melicerta
729 2896 844 2983 perisse

100 3004 247 3068 Frontem
259 3003 308 3067 de
328 3006 429 3068 rebus.
470 3003 544 3067 Tibi
563 3016 646 3067 recto
667 3005 772 3068 vivere
792 3007 855 3066 talo
919 2984 920 2988 Ἰ

101 3114 155 3177 Ars
177 3111 286 3176 dedit?
324 3121 362 3189 ¹et
381 3110 447 3175 veri
467 3112 603 3196 speciem
625 3110 783 3174 dinoscere
803 3114 910 3189 calles,

103 3220 147 3283 Ne
169 3240 229 3305 qua
249 3221 410 3281 subaerato
420 3216 617 3280 “mendosum
638 3218 746 3280 tinniat
768 3219 867 3282 auro?

72 3320 75 3325 ’
102 3326 252 3412 Quaeque
274 3325 432 3412 sequenda
451 3328 553 3389 forent
573 3345 710 3410 quaeque
732 3323 874 3388 evitanda
895 3324 1047 3406 vicissim,

101 3433 155 3498 Illa
176 3436 261 3521 prius
287 3446 383 3511 creta,
410 3446 487 3497 mox
507 3435 585 3496 haec
609 3435 740 3495 carbone
760 3435 896 3500 notasti?

102 3538 141 3607 Es
162 3540 306 3605 modicus
327 3544 408 3623 voti,
437 3562 545 3628 presso
566 3544 644 3614 lare,
676 3539 771 3604 dulcis
794 3541 922 3619 amicis?

102 3650 172 3714 Jam
192 3672 275 3712 nunc
296 3651 460 3731 astringas,
491 3653 553 3729 jam
572 3671 653 3711 nunc
673 3650 810 3729 granuia
829 3651 930 3711 laxes:

104 3757 197 3845 Inque
218 3761 283 3820 luto
303 3759 402 3821 lixum
422 3759 523 3844 possis
542 3734 756 3820 transcendere
774 3777 957 3832 nummum,

105 3868 165 3932 Nec
187 3872 282 3950 glutto
305 3869 429 3931 sorbere
450 3865 579 3929 salivam
600 3863 838 3926 Mercurialem?

189 3973 288 4040 Haec
309 3995 388 4036 meo
409 3981 505 4043 suut,
537 3981 633 4034 teneo
656 3993 725 4032 cum
747 3991 820 4033 vere
841 3968 971 4045 dixeris,
1002 3986 1068 4053 esto

107 4086 255 4170 Liberque
275 4106 309 4147 ac
331 4083 471 4167 sepiens,
501 4079 692 4145 Praetoribus
715 4100 750 4140 ac
775 4076 861 4143 Jove
877 4078 1000 4161 dextr03
1078 4086 1082 4092 “

108 4192 160 4255 Sin
181 4204 228 4266 tu,
256 4213 328 4253 cum
348 4189 443 4251 fueris
462 4197 585 4250 nostrae
606 4189 697 4271 paulo
722 4198 793 4248 ante
814 4186 947 4262 farinae,
1182 4196 1253 4260 115·
1328 4194 1333 4205 '

173 4456 206 4509 V.
224 4457 267 4511 87.
285 4454 359 4517 Hoc,
377 4450 521 4523 (reliquom
535 4452 673 4523 andnim)
693 4467 808 4504 ororr.
825 4480 860 4490 -
882 4452 913 4506 V.
930 4454 972 4511 96.
990 4454 1137 4526 garrit-
1167 4444 1188 4493 '·
1262 4515 1267 4537 Ι
1342 4527 1346 4535 ¹

167 4540 279 4599 wari.
299 4541 399 4596 comm.
416 4540 453 4592 ad
472 4537 542 4591 Pera.
1029 4564 1049 4613 c
