2700 4972
35 242 169 359 rar!
393 261 874 332 ιοιιιιιιιιτιιιινεΙ
986 308 995 320 .

38 448 85 503 tas
93 434 277 502 veterumin
291 435 372 495 cultu
388 431 517 495 deorum
534 434 639 497 locmrt
658 436 722 512 jam
737 436 856 498 nullum
876 437 1007 519 lrabeat,
1028 436 1087 503 sed
1105 460 1172 503 oon-

39 538 84 587 tra
97 524 137 585 in
145 522 265 606 templis
279 540 353 582 auro
371 530 401 581 et
413 529 537 598 argento
551 519 656 581 omnia
674 520 801 583 niteant.
1078 532 1081 537 '
1125 578 1129 585 .

70 644 74 651 ·
129 602 169 671 V
165 628 228 668 osa
241 601 408 684 Numae]
429 604 512 666 Vasa
529 605 649 682 fictilia,
673 604 847 683 cujusmodi
865 620 952 671 erant
970 608 1090 694 quibus
1107 611 1174 673 olim
1189 634 1194 645 ·

0 693 164 770 thuma,
187 682 427 754 ceremoniarum
438 690 555 775 primus
570 700 692 768 auctor,
716 690 879 757 Romanos
899 695 944 755 uti
957 692 1105 773 instimit,
1126 696 1176 759 etri

45 780 105 842 dici
117 788 218 864 potest
232 776 344 840 saeculi
359 796 429 837 eam
449 770 603 858 λιτότητα
617 772 730 854 fuisse,
749 799 815 839 non
836 778 1021 845 hominumr
1041 779 1176 867 decape-
1218 776 1221 781 ’

45 864 184 926 dunculis
196 863 353 1011 eburnulis
363 860 504 923 fictilibus
518 858 640 924 Numae
657 858 764 925 Cicero
778 874 809 925 et
826 864 893 927 atti.
933 864 1024 944 [cic.
1033 864 1076 928 cle
1091 865 1128 933 Ν.
1140 864 1176 931 D.

118 954 157 1015 17
171 959 201 1011 et
238 950 259 1009 l.
276 947 362 1009 adh.
379 948 399 1007 l.
1175 1002 1182 1009 .

45 948 341 1119 ΙΙΙ’δαιιιινιίιιᾳιιι
356 947 497 1116 imimlit
513 1033 630 1111 cerm]
652 1030 745 1108 Aera,
766 1031 801 1093 in
822 1032 933 1119 quibus
951 1036 1066 1111 vetoris
1083 1035 1188 1121 populi.

45 1120 181 1184 Romani
205 1139 281 1204 opes
296 1117 388 1179 etiam
408 1117 548 1202 publicae
567 1127 652 1178 erant
677 1116 813 1201 positae,
840 1118 948 1183 alludit
966 1120 1009 1183 ad
1027 1121 1180 1199 aerarium,

46 1203 131 1291 quod
143 1205 176 1265 in
191 1202 269 1266 aede
281 1201 403 1265 Saturni
418 1200 474 1282 [cf.
488 1203 585 1265 schol.
602 1213 632 1263 et
645 1200 719 1282 Pl.]:
740 1224 814 1264 nam
825 1225 845 1266 e
856 1226 890 1267 re
903 1203 1021 1268 dictum
1033 1207 1093 1268 fuit
1105 1228 1181 1269 aero-
1217 1242 1235 1273 -.

46 1293 126 1353 rium
132 1294 148 1363 ξ
162 1288 296 1374 alioquin
311 1288 417 1349 omnia
429 1289 551 1372 antiqua
564 1286 703 1349 dicuntur
717 1284 838 1368 ιιρὸνια
851 1301 882 1352 et
901 1286 1103 1371 Saturniae
1114 1287 1179 1353 im-
1226 1316 1230 1325 ¹

47 1373 161 1462 pulit,
185 1376 256 1457 loco
270 1373 377 1451 dejecit
394 1383 424 1434 et
441 1372 698 1451 conternniiecit,
720 1384 754 1434 ut
766 1386 848 1439 recte
864 1378 1042 1463 expositum
1054 1378 1090 1439 in
1103 1376 1183 1441 Bon-

49 1459 195 1543 garsianis
209 1459 405 1523 membranis.
879 1472 886 1491 ’
972 1506 975 1511 -
1010 1522 1014 1529 ,
1108 1518 1134 1533 ,,
1175 1476 1178 1481 ·

8 1562 55 1630 ⁰5)
90 1590 93 1597 -
139 1550 190 1609 60.
217 1536 444 1628 Vestalesque
465 1544 605 1623 urnas]
627 1541 717 1606 Urnis
733 1565 846 1630 aquam
861 1544 1069 1610 necessariam
1082 1546 1123 1610 ad
1140 1550 1185 1611 slt-

51 1651 100 1695 cra
122 1628 264 1693 Vestales
287 1632 460 1710 gestabant,
490 1640 526 1690 ut
548 1627 588 1690 de
608 1628 733 1714 Tarpeii
754 1632 818 1693 filia
839 1644 966 1710 notum,
994 1655 1075 1718 quae
1092 1646 1187 1695 arcem

51 1715 173 1780 Sabinis
186 1715 328 1803 prodidit.
372 1713 434 1794 [cf.
450 1717 525 1777 loce.
546 1734 595 1800 ap.
610 1714 666 1793 Pl.,
687 1718 849 1802 praecipue
861 1719 944 1779 hunc
956 1718 1124 1784 Vallllax.
1135 1716 1187 1797 IV,

52 1802 82 1881 4,
100 1813 185 1865 extre
209 1800 282 1866 Per
292 1807 450 1863 aeternos
468 1793 599 1864 Vestae
605 1794 722 1884 socos,
732 1796 973 1887 fictilibus
990 1802 1186 1869 etiaomuoc

53 1884 172 1951 vasis
192 1892 385 1965 contentos,-
401 1885 484 1969 juro
505 1896 582 1962 cett,
606 1886 702 1950 ubiv.
717 1886 798 1967 imt]
846 1904 851 1915 ·
1091 1888 1112 1941 ἶ-

55 1970 57 1983 ’
142 1966 294 2035 Tuscum
310 1966 455 2056 fictile]
480 1968 527 2033 An
560 1972 609 2032 uia
629 1993 668 2033 ex
689 1968 826 2034 Etruniae
843 1972 977 2052 figulinis
992 1972 1132 2057 Romam
1147 1974 1191 2036 al-

53 2059 202 2123 ferretur?
224 2070 296 2143 puta
304 2059 396 2125 Areto
410 2058 453 2137 [v.
466 1993 569 2119 laudii.
585 2056 630 2119 Pl.
670 2104 676 2119 .
702 2056 794 2137 170]:
816 2056 1098 2141 ruodmannum
1111 2059 1191 2123 Ant-

55 2142 179 2224 damas,
201 2165 249 2229 ap.
266 2142 404 2224 Fulgent.
420 2163 525 2227 expos.
540 2164 571 2205 r.
588 2078 721 2220 Fallet
736 2144 769 2203 in
790 2144 974 2206 moralibus:
997 2132 1078 2230 quis
1094 2164 1191 2211 aver-

56 2228 229 2292 runcossit
248 2237 322 2291 tom
339 2226 506 2292 Aretinas
522 2226 573 2307 [ita
590 2223 759 2289 Godolled.
773 2239 804 2290 et
812 2228 939 2290 lllunck.
954 2252 972 2293 e
989 2236 1084 2313 conia
1104 2233 1192 2311 vulgo

56 2312 242 2388 Aricinam
265 2314 334 2376 edd.
347 2325 430 2378 veltz
451 2309 628 2392 Eretioas]
651 2310 828 2376 bominum
840 2315 1000 2377 mentes?
1021 2316 1195 2399 Fulgentius

58 2402 183 2484 exponit
196 2394 322 2462 testeus
337 2397 394 2478 vel
409 2395 633 2486 argilloceae.
675 2398 723 2460 An
737 2421 774 2461 eo
787 2400 926 2485 respicit,
945 2402 1035 2486 quod
1056 2404 1195 2489 pleraque

59 2485 99 2548 ad
108 2486 289 2565 religionem
303 2485 468 2571 spectantia
480 2487 652 2547 habuerunt
668 2482 803 2547 Romani
817 2488 855 2548 ab
870 2484 1031 2553 Etruscis?

145 2575 195 2634 61.
220 2566 389 2635 Ocurvae
408 2567 444 2631 in
460 2567 563 2632 terris
580 2566 719 2632 animae
739 2569 797 2650 [et]
816 2568 1020 2635 coelestium
1034 2570 1196 2653 iaanesl]

59 2656 162 2720 Potest
175 2656 226 2718 hic
240 2678 346 2720 versus
364 2667 394 2718 et
409 2677 478 2717 cum
490 2657 685 2740 sequentibus
699 2657 798 2736 jungi,
819 2656 877 2719 sed
896 2669 1030 2743 praestat
1045 2676 1116 2723 esse
1137 2659 1197 2744 epi-

60 2744 215 2829 phonema
227 2740 478 2827 praecedentibus
487 2743 589 2805 verbis
604 2744 791 2820 subjectum:
804 2745 1031 2828 appositissime
1044 2743 1199 2830 illud'qui-

63 2828 136 2890 dem
152 2840 182 2888 et
195 2829 410 2891 meritissime:
433 2824 506 2912 quid
525 2829 608 2889 enim
627 2827 745 2890 stultius
759 2838 810 2890 aut
822 2830 993 2914 improbius
1016 2852 1113 2915 quam
1131 2852 1200 2917 pro-

61 2914 128 3000 pria
145 2914 218 2976 vitia
232 2913 374 2977 inDcum
388 2914 574 2977 transferre?
599 2916 664 2992 jure
681 2913 770 2993 igitur
790 2916 939 2978 exclamat
954 2915 1095 2994 Persius,
1114 2915 1200 2997 igno-

63 3000 193 3062 rantiam
210 2998 271 3062 Dei
289 3000 352 3064 suis
369 2999 547 3060 hominibus
561 3001 747 3083 exprobrans
759 3010 789 3060 et
805 3020 907 3062 rerum
921 2998 1109 3068 divinarum.
1150 3000 1202 3064 Est

64 3097 167 3149 autem
183 3098 288 3149 exacta
304 3084 485 3170 vituperatio
500 3105 555 3180 per
574 3079 673 3167 ἄρσιν
691 3097 723 3147 et
737 3078 849 3164 θέσιν,
870 3097 905 3147 ut
922 3088 1116 3172 praecipiunt
1134 3089 1202 3149 rhe-

12 3184 169 3244 915tores:
193 3167 288 3251 ἄρσις
302 3183 348 3234 est
364 3166 565 3233 coelestrum
580 3167 720 3248 inanes,
741 3167 850 3247 θέσις,
873 3193 892 3233 ο
907 3192 1035 3235 curvae
1047 3171 1089 3235 in
1102 3170 1204 3235 terrie

66 3254 224 3319 animae:
246 3251 492 3337 πρωθυστέρως
509 3256 592 3317 enim
604 3256 716 3341 posuit.
762 3254 961 3319 simillimum
976 3258 1051 3320 huic
1068 3270 1117 3322 est
1131 3256 1206 3321 illut

59 3344 97 3405 'in
109 3341 278 3423 Evangelio
294 3343 414 3422 [btatth.
429 3339 521 3416 XVI,
538 3340 591 3420 23]
613 3361 632 3403 a
645 3338 784 3403 Domino
797 3344 1041 3428 pronuntiatum:
1065 3337 1206 3409 σιιιένᾶὰ-

66 3422 127 3492 λόν
139 3448 207 3510 μον
222 3421 265 3491 el·
289 3418 341 3491 ὅτι
355 3421 397 3490 οὐ
411 3429 547 3508 φρονεῖς
563 3421 605 3490 cci
624 3426 685 3490 ιὀὕ
703 3428 806 3506 θεοῦ,
828 3421 911 3492 ἀλλὰ
928 3424 969 3493 τὰ
984 3430 1054 3493 τῶν
1068 3421 1206 3513 ἀνθρώ-

67 3533 158 3590 πων,
180 3527 214 3575 ut
232 3512 357 3598 quidem
375 3513 463 3574 illum
482 3514 586 3574 locum
612 3511 861 3599 Theophylactus
883 3514 946 3576 inte
983 3526 1115 3597 retatur3
1137 3538 1207 3581 sen·

67 3601 194 3662 tentiam
210 3620 284 3662 vero
299 3601 389 3678 hujus
406 3618 513 3661 versus
533 3598 618 3659 aliter
641 3600 747 3660 extulit
768 3599 940 3663 Lactantius
972 3602 1040 3664 'bro
1058 3600 1119 3667 VI.
1142 3622 1207 3687 cop.

68 3687 186 3770 primo:
212 3680 392 3763 Homines,
420 3683 536 3767 inquit,
565 3679 816 3769 nibilaapiunt
838 3682 908 3747 nisi
926 3688 1080 3765 terram}
1102 3684 1209 3760 bona,-

71 3790 134 3917 ppe
152 3779 186 3831 et
201 3768 296 3833 mala
310 3768 416 3832 solius
430 3765 581 3864 corporis
602 3788 703 3832 sensu
721 3780 755 3833 et
777 3769 956 3856 voluptate
972 3770 1209 3869 perpendunt·

109 3854 189 3940 ujus
210 3852 356 3918 arbitrio
375 3865 420 3917 ut
446 3852 655 3940 religionem
681 3853 892 3941 ponderent,
915 3855 966 3919 sic
989 3865 1099 3921 totius
1119 3858 1226 3923 vitoe·

72 3962 154 4004 suaa
170 3951 251 4004 acta
267 3936 467 4027 disponerem
488 3939 784 4026 idempolitissimus
799 3943 927 4029 scriptor
939 3944 992 4009 lib.
1005 3942 1048 4007 II.
1064 3946 1166 4032 capite
1182 3941 1211 4007 ll

73 4025 112 4110 [ξ.
133 4027 185 4106 18]
208 4030 289 4088 hunc
304 4028 400 4091 Persii
413 4030 517 4087 locum
530 4026 616 4087 affert
638 4038 667 4088 et
688 4050 758 4090 cum
785 4051 823 4092 eo
842 4032 912 4092 loco
935 4041 1002 4091 tum
1026 4031 1122 4093 etiam
1141 4029 1212 4093 alibi

73 4116 167 4174 multa
182 4113 213 4174 in
230 4116 309 4174 hanc
322 4113 504 4175 sententiam
519 4111 658 4199 disputat.

162 4195 296 4261 Curvae
321 4196 355 4258 in
378 4193 481 4258 terris
503 4195 671 4276 animae]
708 4197 823 4262 Beatus
855 4209 941 4285 pater
973 4197 1213 4282 chrysostomus

75 4285 222 4346 concio‘ne
237 4283 331 4346 XXI.
350 4284 464 4347 ineam
477 4281 517 4343 ad
536 4281 703 4368 Ephesios:
727 4278 822 4366 μέχρι
842 4283 932 4362 τίνος
952 4280 1050 4367 ἐσμὲν
1077 4282 1213 4369 ociorem

75 4366 168 4452 μέχρι
182 4368 273 4446 τινος
294 4365 346 4432 ἐπὶ
366 4370 424 4452 τῆς
442 4369 503 4451 γῆς
520 4363 688 4451 κύπτομιν
699 4393 707 4445 3
738 4382 768 4432 et
796 4372 917 4458 saepius
942 4376 1146 4457 carnesque
1179 4393 1214 4435 ec

26 4528 197 4640 f,
