2700 4972
91 349 156 413 sto
212 400 215 407 .
283 340 529 412 PERSiiNA
552 339 1052 443 nourrtllnlrrrlo.

182 526 187 531 “
247 518 284 557 7
344 511 383 578 in
401 534 457 578 me
470 511 589 579 veniat
605 510 750 579 mictum
763 522 866 603 atque
882 525 1046 582 cacatum

221 595 346 664 Julius.
434 638 438 648 ·
577 676 579 682 y
773 617 777 629 ¹
857 648 859 653 .

93 688 127 749 in
141 686 211 750 Arte
225 698 258 751 νς
270 685 353 754 4712

411 802 413 807 ·
779 781 896 835 utrum
935 847 938 852 ,

223 853 391 921 Μίκκανὶί
411 854 447 920 in
465 854 600 942 patrios
618 854 770 920 cineres:
889 846 897 861 “
969 870 990 939 J

95 940 135 1004 de
151 943 238 1004 omni
253 944 436 1007 contumelia
450 944 682 1026 nuootptuuoic
701 943 837 1030 usurpari
849 942 976 1007 solitum
990 953 1129 1030 apparet.

183 1049 255 1112 114.
282 1043 400 1109 Secuit
414 1041 575 1109 Lucilius
595 1043 731 1130 urbem,
759 1042 806 1109 Te
821 1042 939 1134 Lupe,
961 1054 996 1108 te
1016 1042 1137 1125 Moti]
1157 1038 1225 1107 Tra'¹

96 1130 189 1195 ctavit
216 1131 349 1195 eundem
378 1134 483 1194 lo'cum
509 1134 607 1196 fusius
634 1133 741 1195 Horat.
765 1133 797 1194 in
824 1133 923 1217 prima
952 1128 1098 1203 fibri-ll.
1125 1129 1224 1193 Sata

43 1233 132 1292 533v-
152 1223 194 1284 62
208 1240 289 1303 sqq.;
311 1216 439 1281 studiosi
460 1220 528 1280 loca
545 1219 625 1281 inter
638 1238 672 1281 se
691 1229 881 1304 comparent:
909 1217 1150 1281 namsententie
1164 1210 1224 1279 eti

96 1303 163 1380 πᾶς
176 1306 239 1367 τοῦ
259 1299 361 1382 lifou
375 1298 496 1378 σκοπὸς
509 1302 602 1365 idem.
786 1356 789 1369 .

185 1394 256 1455 116.
280 1386 424 1452 Ridenti
442 1387 593 1453 Flaccus
610 1384 744 1467 amica]
775 1385 923 1474 Respexit
945 1386 1039 1451 illud:
1062 1382 1224 1450 ridentem

27 1504 33 1515 ›
96 1469 214 1538 dicere
231 1494 350 1538 verum
364 1470 596 1559 Quidvetot?
622 1473 686 1536 Sat.¹
707 1472 732 1552 1,
752 1479 778 1552 1,
796 1473 848 1540 24.

108 1618 123 1639 .
185 1580 256 1643 118.
279 1573 433 1639 Excusso
453 1573 623 1662 populum
641 1570 848 1659 suspendere
870 1576 979 1655 nuso]
1009 1572 1049 1638 In
1070 1572 1225 1662 VI--primi

97 1660 213 1727 Satr-
231 1662 269 1726 5:
297 1682 382 1724 naso
402 1658 582 1746 suspendis
601 1657 736 1725 adunco
754 1659 916 1749 Ignotos5
944 1661 977 1723 in
997 1659 1088 1724 VHJ„
1110 1658 1225 1725 secundi

95 1770 127 1816 v.
142 1746 183 1813 64
192 1772 206 1811 ι·
221 1745 432 1832 suspendens
451 1745 569 1810 omnic
579 1767 674 1810 nuso.
721 1814 724 1823 ¹

183 1839 255 1898 123.
277 1830 422 1897 Audaci
436 1832 626 1919 quicunque
641 1823 766 1918 efflata
784 1827 950 1910 Cratino]
970 1828 1226 1909 ‚Observabamns

95 1919 324 1983 translationem
339 1940 407 1982 esse
422 1940 439 1981 a
454 1920 558 2005 pratis,
579 1919 688 2003 quibus
701 1913 809 1980 Graeci
820 1915 910 1979 docta
925 1927 956 1979 et
969 1914 1084 1980 florida
1096 1928 1226 1982 retemm

96 2003 207 2088 scripta
221 2025 312 2090 saepe
327 2005 503 2067 assimilant.
545 2005 631 2067 Haec
644 1988 757 2066 ἐννοια
771 2005 809 2065 ab
821 2002 951 2064 Horatio
967 2013 1023 2082 est,
1050 2003 1104 2088 qui
1115 2000 1226 2088 tlrpmc

8 2144 13 2159 ,
97 2091 231 2174 appellat
251 2110 344 2175 opera
365 2091 558 2175 antiquorum
578 2098 752 2166 anctorum,
773 2088 806 2148 in
826 2109 843 2149 e
866 2088 956 2150 istola
975 2087 1016 2150 ad
1032 2087 1151 2151 Julium
1163 2088 1226 2150 Flo-

35 2188 42 2205 ¹
96 2196 210 2239 rumv-
226 2179 282 2241 21:
305 2172 405 2255 Quae
422 2171 681 2238 circumvolitas
701 2170 807 2259 agilis
824 2109 970 2258 tliymu?
1014 2171 1050 2235 Si
1068 2174 1226 2259 quismalit

97 2260 138 2323 ad
152 2260 295 2342 Pythiam
306 2263 418 2324 referre
428 2271 465 2323 'et-
476 2261 562 2339 alios,
585 2259 637 2345 qni
650 2260 785 2322 numinis
799 2260 905 2322 afflatu
921 2261 1043 2326 oracula
1056 2258 1226 2337 fundebant,

18 2372 23 2387 ’
97 2341 1226 2516 militis,imilliillllilllttitillatio}

993 2477 1002 2508 i
1146 2479 1155 2509 i

52 2508 54 2512 ’
98 2517 241 2579 afflantur
257 2515 311 2600 qui
336 2517 474 2600 priorum
500 2517 595 2578 libros
615 2515 722 2590 diurna
747 2527 954 2599 nocturnaque
982 2536 1081 2578 manu
1104 2527 1226 2593 versant,

99 2600 241 2664 describit
261 2603 413 2683 eleganter
431 2600 601 2683 Dionysius
625 2601 798 2681 Longinus,
824 2600 863 2663 de
883 2601 1056 2685 inritatione
1084 2598 1226 2665 duserem

35 2722 37 2729 ι
99 2682 188 2766 [περί
199 2680 257 2762 ὅν.
271 2708 296 2749 c.
312 2690 361 2762 13,
378 2685 407 2769 §.
421 2689 471 2766 2]=
494 2682 611 2750 ποίλοί
623 2680 786 2766 οίίίοτρίω
803 2687 1056 2767 θεοφοροῦνται
1072 2683 1228 2770 πνεύματι

98 2768 158 2837 τὸν
176 2766 281 2836 αὐτὸν
292 2767 429 2850 τρόπον,
444 2766 485 2836 ὃν
496 2769 554 2853 καί
566 2765 628 2853 τήν
644 2748 783 2836 nostri
802 2767 902 2854 λόγος
917 2768 980 2876 iper
1001 2770 1140 2853 colueris
1157 2776 1227 2857 πίη-

99 2851 283 2936 σιοίζουσαν
303 2854 400 2940 (ἔνθα
422 2851 532 2942 ῥῆγμα
553 2853 622 2922 ἐστι
641 2851 912 2940 νῆς,.ιίνακεῑν,Ι
924 2878 969 2933 ως
981 2872 1107 2940 φασιν,
1130 2852 1227 2942 ἀτμὸν

22 3020 26 3027 ,
96 2940 243 3025 ἔνθεον),
263 2937 408 3020 αὐτόθεν
420 2940 589 3027 ἐγκύμονα
603 2945 661 3027 τῆς
676 2941 856 3024 δαιμονίου
865 2940 1116 3028 καθισταμένην
1132 2937 1228 3010 desl-

24 3086 26 3091 .
96 3049 184 3113 μεως
206 3028 393 3111 παραυτίκα
414 3029 621 3115 χρησμῳδεῖν
642 3024 715 3093 κατ’
736 3025 927 3095 ἐπίπνοιαν·
958 3023 1071 3105 οὕτως
1090 3022 1156 3096 ἀπὸ
1176 3030 1227 3113 τῆς

96 3116 166 3178 τῶν
180 3110 329 3197 ἀρχαίων
341 3116 568 3199 μεμαλοφυίας
585 3113 631 3190 είς
644 3109 702 3189 τὰς
717 3117 785 3178 τῶν
797 3109 984 3198 ζηλούντων
1000 3109 1151 3194 ἐκείνους
1170 3123 1228 3195 ψυ-

96 3198 156 3283 χὰς
171 3194 216 3275 sic
231 3194 297 3264 ciui
315 3200 414 3282 ίερων
429 3201 572 3284 στομίων
595 3193 775 3282 αἰπόῤῥοιαί
791 3221 878 3276 τινες
900 3196 1080 3306 φέρονται,
1101 3195 1168 3285 ’ὑφ’
1185 3189 1228 3267 ds

95 3281 327 3367 ἐπιπνεόμενοι
346 3282 403 3351 καί
418 3286 452 3350 οί
465 3281 510 3370 μὴ
524 3285 601 3350 λίαν
615 3284 827 3369 φοιβαστικοί
844 3287 891 3351 roi
906 3280 1028 3368 ἕτερον
1040 3293 1227 3352 συνενθου-

97 3371 209 3436 σιοῦσι
229 3372 305 3452 [imo
325 3375 603 3453 συνενθουσιῶσι]
625 3367 757 3456 μεγέθει
769 3370 811 3455 *).
854 3350 904 3437 De
918 3370 1086 3469 Eupolide,
1109 3372 1225 3439 Cratino

39 3670 43 3675 .
132 3624 172 3694 [*)
191 3624 242 3692 „Io
253 3626 310 3680 loco
327 3624 446 3697 Dionysii
457 3626 570 3697 Longini
578 3628 704 3683 lectoren
716 3645 807 3682 moneo
817 3626 954 3697 legendnm
965 3644 1025 3683 esse
1041 3623 1225 3695 ἄταπνέονὸς

166 3713 264 3762 φασιν,
280 3714 331 3750 non
345 3695 496 3754 οἷναπνεῐνι
515 3715 598 3769 eaque
614 3706 656 3751 est
669 3698 746 3752 lectio
765 3699 937 3751 recentiorum
951 3697 1065 3768 Longini
1080 3700 1224 3765 editionum,

164 3764 347 3835 crispinianus
369 3773 456 3833 certe,
480 3785 549 3836 quse
570 3766 668 3837 prodiit
687 3784 711 3820 a.
733 3767 759 3819 d.
783 3769 859 3822 1569.
901 3771 935 3819 nt
955 3767 983 3820 in
1003 3769 1153 3824 Besileensi
1172 3767 1224 3824 snei

164 3836 243 3889 1554.
262 3835 347 3906 (quse
361 3835 443 3906 prims
457 3836 484 3889 ni
499 3837 589 3902 tollor3
607 3853 659 3907 qus
672 3837 750 3890 etism
764 3852 836 3890 nsum
853 3842 986 3906 parentem
997 3838 1129 3909 conjicio)
1154 3840 1223 3912 plue

160 3912 192 3956 ut
209 3902 269 3968 hic,
287 3901 437 3960 ἅναπνιῖνι
455 3905 511 3959 Cur
528 3912 612 3960 sutem
633 3907 721 3963 verius
738 3914 824 3978 putem
845 3904 878 3960 τὸ
899 3902 1043 3963 isaurios
1065 3926 1143 3979 qnam
1163 3907 1224 3964 riso·

160 3977 255 4027 πνεῖνι
273 3980 301 4027 ut
314 3975 422 4029 scilicet
431 3975 463 4029 de
477 3984 553 4030 estro
571 3976 690 4042 dicetur,
709 3975 778 4046 quod
799 3985 874 4029 extre
887 3976 986 4045 spiret,
1005 3992 1057 4031 non
1071 3980 1106 4032 de
1120 3980 1224 4034 foemina

144 4041 406 4115 'Phoebadelqnod
425 4055 510 4098 tumen
527 4046 556 4098 in
576 4063 605 4097 re
626 4044 684 4116 ipss
697 4063 806 4117 porrum
823 4045 959 4098 discrimen
974 4063 1049 4113 esse,
1062 4060 1129 4102 ‘cum
1147 4050 1223 4102 relate

160 4109 230 4174 sint,
253 4115 446 4181 agnoscimus),
471 4133 539 4184 quse
554 4113 665 4185 irrepiret
684 4124 730 4169 ant
749 4115 866 4168 hauriat:
891 4112 952 4168 inde
967 4132 1093 4181 moveor,
1140 4117 1183 4171 nie
1199 4115 1221 4168 id

158 4180 242 4249 nugis
257 4184 380 4236 convenit
392 4191 447 4237 tum
462 4178 598 4248 Auctorii,
617 4185 662 4254 qni
675 4185 716 4237 De
729 4185 827 4239 Mundo
840 4185 963 4254 scripsit,
979 4185 1168 4256 elegantissimi
1183 4186 1221 4239 de·

44 4312 48 4319 f
159 4250 306 4371 scriptioni,
325 4254 370 4324 qni
382 4250 529 4316 ἀναπνοὰς
543 4260 571 4306 et
581 4251 774 4322 ἀναφωνήσεις
792 4252 844 4322 ipsi
859 4262 947 4308 terrae
959 4254 1065 4323 tribuit,
1083 4259 1222 4312 tum-'stiur

71 4324 80 4375 “,
155 4318 212 4372 ,Ιιι
232 4320 308 4386 licini,
336 4323 382 4392 qui
401 4324 515 4390 πνεῦμα
534 4319 633 4377 leucio
660 4321 855 4392 insolescunt
876 4322 903 4376 in
925 4332 1052 4383 accurate
1079 4326 1221 4381 narratione

27 4400 36 4415 ²
193 4388 255 4469 τοξί.
290 4391 345 4447 Sed
358 4392 422 4462 quid
434 4399 507 4446 vetat
518 4391 601 4460 ipsius
612 4393 710 4458 verbs,
728 4410 795 4462 qnae
813 4392 925 4446 nondum
939 4394 1010 4463 quod
1026 4395 1110 4448 scistn
1124 4399 1220 4450 Grecos

152 4403 326 4527 finitorum,
351 4479 384 4517 ex
406 4460 606 4516 instructissima
620 4460 678 4515 Viri
699 4461 788 4531 summi
807 4461 915 4517 Josunis
933 4461 1043 4518 Saltem
1062 4464 1219 4521 Rittium
