2700 4972
325 306 862 392 ‘rnraasnsarrarrr
890 325 931 392 v.
1057 281 1062 289 *
1161 334 1227 401 m

85 505 216 575 monet3
236 503 362 580 apparet
373 504 477 557 autem
498 515 538 557 ex
546 491 678 579 Epicteti
694 492 863 557 enchiridio
878 497 944 582 cap.
958 495 1036 563 LIX
1051 508 1083 563 et
1096 498 1224 571 Dissert
1306 532 1309 537 ·

85 578 346 658 intentastis,
362 601 427 666 cap.
440 574 531 658 XII,
541 581 677 663 itemque
688 578 825 642 Senecae
837 582 938 661 libris,
959 584 1108 649 familiare
1118 589 1152 650 in
1171 612 1225 655 ore
1256 602 1262 613 ‘

87 664 266 733 Stoicorum
278 666 374 729 fuisse
383 676 578 751 praeceptum
584 666 701 736 Parce
713 664 883 749 tempori.-
903 666 943 730 de
954 690 1014 753 quo
1025 672 1121 735 m'ulta
1131 679 1295 759 prae-(163)

88 752 170 813 clare
187 772 328 814 summus
348 752 402 813 ille
423 752 472 815 air
489 752 582 814 variis
603 750 687 812 locis.
708 798 716 811 ,
736 749 909 815 Platonicus
930 774 1052 841 quoque
1070 756 1224 842 Nigrinus,

90 848 123 941 ut
138 840 235 898 refert
245 834 458 985 [υῗεααοβ.
474 836 548 941 ψ,
569 837 681 939 εοΗιοεὶ
697 836 761 939 spis
777 835 935 941 discipulis
955 838 1122 941 iaculcare,
1141 850 1227 910 Δεῖν

88 919 1246 1104 ttdtt'tttt{tittitattttttttddttt‘lttit,tt·.

89 1095 260 1156 cherrimus
273 1104 320 1157 est
336 1095 389 1155 ille
407 1114 512 1156 versus
533 1090 721 1174 [ioyifflk
869 1134 873 1151 .

176 1176 249 1243 Atet
265 1171 300 1251 ,δ’
320 1172 536 1260 ἀμβολιεργὸς
550 1158 635 1259 ἆνήμ
658 1171 771 1242 ἄταισι
789 1176 931 1244 παλαίει
980 1246 985 1257 ,

88 1264 149 1327 llic
160 1277 264 1327 autern
277 1276 323 1327 est
336 1262 545 1345 dialogismus.
591 1264 678 1328 Cras
690 1261 755 1327 ltoc
768 1258 855 1349 fiet,
877 1267 919 1328 ait
938 1264 1025 1354 piger
1036 1266 1227 1339 adolescens.

90 1348 227 1435 Ovidius
248 1348 580 1445 [Remed.a1n.104]:
708 1422 710 1428 y
961 1364 964 1375 ·
1183 1416 1187 1425 ,
1284 1422 1287 1435 Ι

175 1432 339 1499 Dicimur
352 1432 512 1497 assidue:
534 1431 622 1497 Cras
639 1453 769 1520 quoque
785 1430 974 1519 fietidem.
1224 1454 1277 1511 393

89 1520 252 1585 Petronius
269 1520 308 1597 [c.
321 1520 392 1601 451:
412 1516 506 1607 quod
519 1517 621 1583 hodie
643 1542 710 1584 non
725 1528 792 1597 est,
816 1538 896 1583 cras
915 1520 999 1595 erit;
1023 1524 1138 1611 excipit
1151 1524 1227 1589 Per-

90 1606 172 1671 sius:
201 1603 297 1668 idem
317 1625 395 1668 cras
408 1602 483 1691 fiet
505 1605 560 1686 [sc.
579 1618 612 1668 ut
629 1618 662 1667 tu
683 1608 745 1668 hoc
766 1605 859 1669 dicas.
910 1606 998 1671 Salsa
1020 1610 1094 1675 satis
1116 1609 1227 1675 eadem

89 1693 195 1771 juveni
212 1694 306 1757 verba
323 1688 511 1772 redduntur}
555 1690 688 1757 Ovidius
702 1691 844 1771 [Remed.
860 1692 932 1772 94J:
1096 1762 1099 1767 ,

177 1775 249 1859 Qui
268 1797 336 1839 non
355 1786 407 1839 est
432 1775 553 1854 hodie,
580 1797 660 1840 cras
686 1774 801 1839 minuc
828 1786 931 1861 optus
954 1776 1032 1842 erit.
1303 1836 1312 1855 ,

93 1862 145 1943 [V.
152 1886 239 1926 omn.
246 1863 375 1927 Martial.
388 1862 430 1942 V,
438 1866 501 1942 59.]
518 1862 632 1927 Caussa
651 1874 712 1925 est:
729 1863 798 1947 quia
810 1866 892 1927 mala
905 1865 955 1927 illa
971 1864 1130 1951 dispositio
1148 1869 1227 1951 quo'-

90 1948 214 2013 tidianis
233 1950 553 2033 procrastinationibus
566 1950 668 2027 alitur,
695 1946 795 2010 donec
817 1947 944 2011 tandem
965 1962 1064 2047 mutpt
1078 1953 1110 2013 in
1138 1952 1243 2014 habi:

91 2046 174 2099 tum:
196 2034 279 2120 quod
290 2036 345 2096 ubi
361 2033 485 2113 accidit,
507 2036 627 2097 animus
640 2035 779 2097 occalluit
798 2037 1025 2121 aegerrimeque
1042 2035 1229 2100 medicinam
1315 2028 1318 2043 '

92 2120 234 2183 admittit.
275 2119 430 2204 Epictetus
444 2119 527 2227 apud
545 2121 704 2182 arrianus
725 2120 789 2197 [lib.
801 2119 858 2199 lV,
873 2120 945 2183 diss.
966 2129 1015 2200 12,
1026 2122 1098 2202 in.]:
1120 2120 1228 2187 ἐκεῖνο
1261 2112 1266 2133 ’

91 2201 364 2288 ποόγιιρον,ἔσπω
380 2219 444 2283 σοι,
466 2227 518 2269 οτι
535 2201 627 2287 παραὶ
642 2200 679 2270 νὸ
696 2201 841 2287 σήμερον
856 2200 1050 2289 ἁμαμπηθὲν
1063 2206 1110 2281 εἰς
1126 2203 1229 2271 adila

91 2296 205 2375 χεῖρον
225 2285 353 2373 ἀνάγκη
371 2304 427 2354 σοι
447 2288 488 2355 cd
502 2287 679 2373 πράγματα
700 2287 793 2372 ἔχειν.
822 2292 959 2372 πρῶτον
981 2288 1059 2371 μὲν,
1079 2286 1118 2357 τὸ
1136 2296 1228 2376 γαλε-

91 2372 257 2454 suvavos,
279 2374 359 2451 taor
370 2378 434 2440 τοῦ
446 2373 490 2460 μή
507 2373 681 2459 προσέχειν
694 2372 871 2458 ἐγγίνεται·
892 2370 962 2441 εἶτα
978 2374 1056 2454 ἔθος
1072 2380 1133 2443 τοῦ
1148 2375 1229 2443 εἷνα-

93 2460 276 2548 βάλλεσθμι
288 2459 348 2545 τὴν
354 2458 538 2546 προσοχήν·
553 2460 616 2527 αἰεὶ
628 2456 659 2526 d’
670 2461 716 2537 εἰς
737 2459 904 2527 ἅλλονκαὶ
914 2457 1148 2613 ἅλλονέρόνον
1158 2459 1228 2529 aloi-

93 2554 149 2613 ttae
156 2549 269 2629 (scribe
277 2541 439 2628 ἀπωθεῖν)
458 2544 721 2630 ὑπερτιθέμενον
735 2544 773 2614 τό
789 2542 937 2629 εὐνοεῖν,
949 2545 988 2613 rd
1004 2570 1018 2612 a
1043 2554 1228 2633 σχημονεῑν.

96 2635 253 2716 [Probatit
264 2635 436 2720 recepitque
454 2638 534 2697 hanc
547 2633 670 2697 emend.
686 2632 795 2697 Gatak.
818 2633 858 2697 ad
870 2636 1011 2698 Antonin.
1021 2635 1108 2715 Vlll,
1127 2635 1229 2719 §.223

93 2723 286 2801 ingeniosam
305 2721 429 2803 vocavit
447 2720 559 2807 Upton.
582 2720 622 2782 ad
640 2720 704 2782 Art.
727 2723 748 2781 l.
770 2722 807 2798 l.‚
838 2742 905 2783 rem
926 2721 1060 2800 tetigisse
1084 2720 1230 2802 judicavit

95 2806 285 2886 schaagu]
328 2804 458 2869 Brevius
471 2818 562 2891 atque
578 2806 748 2912 expressius
759 2806 792 2867 in
806 2804 982 2867 Enclriridio
998 2806 1036 2886 [c.
1046 2806 1117 2886 50]:
1138 2801 1231 2889 παρὰ

117 2892 175 2956 ίαν
186 2880 290 2974 ἧτταν
306 2888 363 2955 καὶ
387 2888 517 2955 ἔνδοσιν
535 2887 559 2974 ἢ
580 2889 638 2969 οὐ,
662 2884 844 2955 ἀπόλλυται
865 2887 1019 2973 προκοπή
1039 2885 1063 2973 ἢ
1083 2886 1230 2971 σώζεται.

94 2916 238 3059 italegd,
260 2998 325 3038 non
341 2988 432 3057 uthest
445 2977 578 3039 editum:
598 2997 706 3039 sensus
723 2989 785 3040 est:
807 2973 925 3039 Semel
946 2974 1079 3040 victum
1101 2998 1174 3039 esse
1195 2974 1231 3040 et

96 3058 236 3125 cessisse
261 3071 323 3123 aut
342 3084 426 3135 non,
450 3059 599 3124 destruit
619 3059 711 3148 quod
728 3057 928 3147 profectum
949 3068 1001 3125 ert
1021 3060 1079 3127 vel
1103 3070 1232 3128 servat.

96 3149 203 3231 [Aliter
223 3168 301 3210 rece.
318 3146 389 3213 edd.
409 3170 426 3210 e
444 3146 627 3234 Simplicio]
957 3152 961 3157 '

181 3237 234 3298 67.
257 3230 377 3313 Quid?
407 3237 507 3318 quasi
531 3253 698 3320 magnum
719 3226 859 3319 Nempe
882 3229 976 3295 diem
997 3230 1129 3316 donas]
1157 3234 1233 3297 Vox

95 3322 171 3383 haec
186 3319 301 3399 ignavi.
343 3318 425 3382 Inter
442 3323 556 3401 multos
574 3341 610 3381 ac
630 3340 737 3400 graves
757 3340 889 3396 errores,
911 3318 963 3405 qui
984 3321 1045 3383 late
1060 3343 1115 3407 per
1128 3323 1234 3383 homi-

95 3428 171 3468 num
187 3416 309 3469 mentes
329 3418 515 3486 grassantur,
538 3428 601 3467 non
620 3406 767 3471 minimus
786 3407 837 3468 ille
852 3417 914 3486 est,
937 3428 1008 3468 cum
1028 3428 1121 3493 saepe
1138 3428 1233 3493 parva

96 3492 237 3554 ducimus
248 3504 373 3576 peccata
389 3503 419 3553 et
430 3493 581 3553 momenti
599 3492 727 3567 nullius,
746 3512 824 3574 quae
836 3494 888 3555 vel
904 3515 941 3555 eo
955 3493 1081 3555 nomine
1096 3492 1233 3555 maxima

94 3590 183 3657 sunt,
205 3579 278 3662 quia
292 3576 461 3639 maximam
473 3578 641 3662 perniciem
661 3596 767 3639 secum
778 3579 918 3642 trahuntr
944 3576 1001 3641 scd
1018 3592 1151 3641 erramus
1168 3580 1233 3643 fere

93 3666 126 3727 iu
144 3667 226 3740 hoc,
249 3661 369 3748 decepti
386 3665 439 3725 illo
463 3663 647 3748 σοφιστικῷ
667 3655 774 3747 λόγῳ,
796 3684 890 3747 quem
907 3662 950 3725 ait
966 3664 1183 3750 philosophus,
1206 3661 1235 3726 al

93 3746 238 3813 ἕκαστον
250 3745 380 3828 μικρόν,
400 3745 457 3812 καὶ
472 3747 600 3813 adura:
622 3747 706 3833 quod
718 3750 750 3809 in
766 3750 919 3833 plerisque
936 3751 1028 3812 rebus
1043 3750 1128 3811 aliter
1142 3751 1235 3830 longe

94 3837 223 3899 evenire
237 3835 320 3896 exitu
341 3835 481 3914 tandem,
503 3837 555 3919 qui
574 3838 736 3897 stultorum
762 3846 808 3896 est
828 3834 1234 3920 magister,'comperimur:

93 3922 210 3984 idcirco
227 3919 347 3983 dicebat
359 3923 501 4006 pacificus
516 3920 585 3983 Rex
607 3932 637 3981 et
658 3940 731 3980 vere
751 3918 872 3983 divinus
894 3920 928 3981 in
939 3917 1178 3985 Proverbiorum
1197 3920 1236 3982 li-

93 4011 169 4072 bro:
202 4007 324 4092 pigrum
346 4009 522 4083 hominem,
551 4006 626 4067 dum
645 4007 804 4089 paululum
824 4004 952 4084 dormit,
978 4008 1137 4091 paululum
1163 4006 1236 4067 dcir-

95 4096 202 4171 mitat,
224 4094 383 4177 paululum
404 4095 534 4155 conserit
552 4112 676 4170 manus,
704 4103 737 4151 ut
757 4089 905 4167 dormiat,
931 4091 1047 4154 interea
1063 4101 1289 4177 pauperem³99

98 4191 129 4243 et
141 4201 247 4242 rerum
262 4180 402 4241 omnium
423 4181 490 4241 fieri
512 4198 653 4257 egenum.
695 4177 787 4238 Hunc
809 4198 959 4255 errorem,
980 4179 1057 4240 sicut
1077 4179 1147 4240 heic
1165 4177 1239 4240 Per-

97 4267 163 4329 sius
186 4263 336 4343 ostendit,
363 4268 493 4343 juvencs
516 4275 628 4339 errant,
658 4283 728 4329 cum
751 4261 916 4341 admoniti,
938 4274 974 4324 ut
993 4265 1067 4327 vitia
1093 4264 1242 4342 corrigant
1312 4302 1315 4307 ·

98 4351 264 4437 studiaque
285 4351 404 4415 vnaius
427 4362 458 4412 et
484 4350 639 4412 literarum
659 4347 842 4438 suscipiant,
870 4347 954 4411 diem
977 4370 1016 4411 ex
1041 4349 1091 4411 die
1117 4346 1241 4410 ducunt

98 4437 182 4503 Nam
194 4436 268 4523 'quin
284 4434 350 4501 dies
370 4429 450 4500 unus
468 4436 551 4501 vitae
571 4436 623 4500 rel
644 4433 787 4498 modicae
808 4455 879 4521 pars
893 4435 1067 4499 multesima
1086 4445 1147 4498 est:
1168 4431 1241 4497 ideo

218 4520 269 4576 ,τε
304 4558 310 4569 ..
354 4530 369 4547 .,
