2700 4972
65 128 70 149 .=
129 111 177 175 :Li-7¹·

187 356 233 418 ae
554 342 953 418 somniarimus
991 308 1026 374 7

180 521 258 586 viter
271 532 301 584 et
312 542 400 583 more
416 520 672 605 philosophorum
689 517 911 582 accuratissime
925 514 1072 601 superiori
1087 514 1256 596 objectioni
1266 534 1311 581 ιο-

181 606 320 692 spondet.
365 605 502 669 Primum
525 605 716 669 distinctione
735 606 827 667 utitur
847 601 1091 687 epbilosophiae
1110 603 1309 686 penetralibm

130 692 292 780 (δωροῖο,
315 691 428 754 docens
444 689 607 754 aliudesse
624 693 754 772 gloriam
770 690 877 753 sectari
892 700 1037 773 tanquam
1051 687 1148 755 linem
1161 689 1310 751 actionum

178 800 303 842 suarum
323 788 352 839 et
370 775 501 840 eandem
519 780 647 862 probare
663 789 807 861 tanquam
824 769 1084 854 ἐπακολούθημα
1104 783 1150 851 et,
1171 784 1208 841 ut
1222 773 1310 837 Stoici

179 866 346 940 vocabant,
375 858 574 946 ἐπιγέννημα
594 861 750 947 quoddam
769 862 835 924 τῶν
854 853 1129 940 κατορθωμάτων
1145 869 1177 920 et
1202 870 1309 939 gratam

179 961 270 1034 atque
285 949 449 1011 amabilem
467 949 610 1011 virtutum
634 948 773 1009 omnium
796 946 955 1007 comitem:
979 946 1049 1007 illos
1070 945 1164 1024 igitur
1182 955 1247 1006 tota
1264 945 1309 1008 via

127 1026 132 1035 ¹
181 1046 296 1098 arecta
308 1035 425 1096 ratione
446 1036 599 1110 aberrare,
620 1034 672 1117 qui
693 1033 733 1094 ad
755 1034 883 1112 gloriam
903 1048 957 1093 ceu
978 1030 1018 1092 ad
1041 1050 1173 1116 scopum
1194 1031 1309 1104 unicum

182 1121 379 1196 collimarent,
399 1141 462 1179 non
476 1120 565 1196 illos,
588 1121 639 1203 qui
651 1117 774 1180 laudem
793 1116 930 1179 honestis
951 1117 1064 1178 artibus
1074 1126 1199 1263 partam
1211 1116 1246 1179 in
1257 1117 1309 1179 bo-

181 1206 228 1268 nis
245 1216 277 1267 et
289 1203 466 1289 expetendis
482 1215 534 1265 aut
550 1216 628 1265 certe
641 1203 796 1266 sumendis
819 1213 990 1265 censerent:
1011 1222 1072 1286 quo
1116 1211 1148 1262 et
1167 1221 1205 1264 se
1218 1204 1309 1264 facem

61 1359 63 1366 ,
131 1300 164 1354 89
180 1292 313 1370 ingenue
333 1291 497 1375 profitetur.
548 1287 670 1350 Deinde
693 1290 785 1350 aliam
805 1287 1031 1349 distinctionem
1041 1286 1209 1369 subjungit
1226 1308 1309 1351 verae

181 1375 357 1461 solidaeque
370 1374 469 1437 laudis
483 1386 513 1436 et
525 1376 620 1437 salsae
638 1386 726 1459 atque
745 1375 857 1435 inanis:
878 1392 952 1435 nam
968 1393 1080 1451 vanas,
1102 1372 1209 1437 futiles
1227 1383 1309 1459 atqm
1346 1411 1347 1416 κ

179 1462 328 1522 cachinno
341 1461 460 1537 satirico
476 1459 667 1539 dignissimas
687 1482 754 1522 esse
769 1480 820 1521 eas
836 1457 1040 1534 laudationes,
1062 1455 1102 1520 de
1121 1458 1235 1542 quibus
1247 1458 1309 1539 egit,

180 1545 220 1607 du
242 1542 292 1607 lici
310 1545 361 1609 via
376 1548 500 1629 probat:
524 1546 607 1631 prius
631 1545 785 1630 quidema
804 1563 934 1629 persona
949 1542 1156 1621 laudantium,
1179 1544 1234 1629 qui
1250 1536 1324 1607 trine¹

177 1568 291 1710 juciicio
309 1633 409 1694 bonos
426 1632 589 1715 malosque·
612 1631 718 1715 po'e‘tas
745 1629 1011 1700 acclamationibus
1032 1630 1092 1691 illis
1114 1629 1181 1693 s'uis
1203 1629 1309 1693 insanis

177 1727 445 1802 prosequerentur3
474 1727 540 1777 tum
562 1727 665 1778 autem
686 1738 703 1778 a
723 1736 851 1801 persona
878 1735 1000 1792 eorum,
1023 1715 1076 1799 qui
1098 1713 1309 1779 laudabuntur:

178 1823 255 1886 quos
272 1802 368 1882 arguit
381 1823 443 1862 non
461 1803 570 1863 virtute
586 1814 617 1864 et
628 1814 709 1864 recta
729 1802 779 1863 via
794 1799 835 1863 ad
854 1803 972 1862 famam
992 1799 1137 1880 grassari,
1159 1799 1219 1863 sed
1236 1800 1310 1863 obli·

178 1888 245 1973 quis
265 1888 421 1949 itineribus
437 1898 467 1948 et
485 1889 597 1949 artibus
619 1887 822 1961 foedissimis,
845 1883 924 1949 adeo
944 1885 1084 1969 quidem,
1106 1895 1141 1946 ut
1159 1885 1222 1949 illis
1235 1886 1310 1973 ipsis

176 1972 275 2034 irrisui
296 1983 411 2048 essent,
439 1973 491 2056 qui
512 1974 660 2051 conrogati
680 1986 710 2034 et
730 1971 915 2033 munusculis
934 1969 1050 2033 deliniti
1067 1972 1212 2035 solebant
1229 1972 1310 2059 ipsos

24 2058 29 2071 “
120 2069 127 2083 “
177 2056 310 2119 laudare.
347 2056 437 2133 [Cum
461 2079 534 2118 suae
557 2059 663 2120 aetatis
678 2058 841 2118 hominum
861 2067 981 2118 mentes
1006 2067 1037 2119 et
1061 2052 1234 2119 discordia
1250 2052 1310 2121 nbi

176 2141 298 2205 Romae
317 2140 427 2221 judicia
443 2139 481 2203 de
495 2143 656 2204 scribendo
671 2155 700 2202 et
710 2140 865 2204 recitando
879 2143 1049 2227 exprimere
1060 2142 1217 2221 uelletiis,
1238 2162 1310 2229 quae

177 2231 214 2290 ab
241 2225 416 2302 adversario
438 2228 497 2289 sibi
515 2228 606 2307 objici
619 2228 706 2290 t'ecit:
734 2250 798 2288 non
819 2239 932 2290 certam
959 2229 988 2290 ei
1007 2246 1174 2313 personam
1187 2226 1310 2307 induero¹

88 2302 94 2317 ’
177 2313 289 2398 potuit.
317 2312 358 2375 V.
373 2315 525 2394 praeclare
542 2314 619 2374 haec
639 2312 898 2375 demonstrantem
910 2312 993 2375 PasS.
1015 2336 1046 2399 p.
1061 2314 1146 2393 203]
1259 2358 1262 2363 -
1348 2387 1349 2392 1

263 2397 314 2462 45.
347 2393 386 2457 Si
401 2390 501 2476 forte
527 2394 611 2482 quid
635 2398 750 2484 aptius
773 2397 871 2479 exit]
908 2397 1101 2477 Singularem
1127 2396 1309 2463 modestiam

175 2504 264 2547 suam
280 2483 327 2544 vir
339 2480 460 2546 divinus
475 2485 588 2567 ubique
602 2483 750 2548 ostendit:
773 2486 842 2546 heic
855 2506 928 2548 vero
945 2495 1019 2568 quot
1038 2485 1118 2546 illius
1134 2498 1309 2566 argumente

177 2560 426 2644 iuteoipeveev?
456 2571 494 2631 ab
517 2568 627 2631 eadem
651 2580 756 2631 mente
779 2582 825 2633 est
847 2571 940 2632 etiam
959 2573 1089 2633 verbum
1108 2569 1199 2647 exit,
1229 2569 1308 2657 quod

177 2653 217 2717 de
235 2674 327 2738 opere
343 2651 451 2715 dicitur
470 2652 571 2716 studio
593 2666 624 2716 et
643 2657 748 2717 labore
763 2654 803 2718 ad
823 2657 917 2718 finem
939 2654 1102 2739 perducto,
1124 2677 1193 2719 non
1212 2655 1251 2719 de
1263 2656 1308 2737 iis,

107 2766 112 2773 ·
177 2760 270 2824 quae,
292 2750 324 2799 ut
344 2738 376 2799 in
394 2740 522 2824 prologo
543 2738 662 2802 dicebat
683 2739 722 2802 de
741 2740 841 2826 poitis
861 2736 1165 2823 μουσοποαάκτοις,
1187 2754 1308 2828 repente

177 2837 208 2886 et
224 2824 383 2887 Musarum
405 2826 472 2886 sola
494 2825 691 2910 inspiratione
713 2828 909 2912 proveniunt:
937 2826 1020 2913 apud
1045 2825 1200 2891 Senecam
1223 2828 1305 2915 epist.

176 2904 441 2994 Xbeeetinori
455 2908 592 2972 estense
608 2911 704 2973 exire
720 2923 791 2974 sunt
807 2913 962 2975 contraria.
1004 2912 1109 2989 Horat.
1128 2912 1174 2990 [Α.
1189 2913 1230 2979 Ρ.
1238 2916 1307 2993 221:

57 2992 65 2997 '
177 3013 378 3056 coruncanis
395 2992 494 3056 exit?
517 2996 569 3076 [ex
585 2998 721 3077 officina3
744 3001 782 3060 cf.
797 2997 853 3076 VI,
866 3003 916 3062 60.
936 2996 993 3078 Pl]
1021 2996 1156 3062 Seneca:
1180 2996 1308 3086 Aliquo

175 3078 231 3145 vei
243 3101 325 3142 casu
336 3078 392 3144 vel
405 3079 653 3146 exercitatione
669 3082 807 3146 exibunt
827 3093 938 3163 recto,
958 3083 992 3145 id
1011 3094 1058 3147 est
1075 3085 1174 3147 fi'nem
1193 3097 1308 3149 rectum

176 3162 414 3251 consequentur:
441 3188 515 3229 nam
538 3164 633 3231 exire
657 3180 703 3231 est
723 3164 951 3234 riiaiociobcn:
978 3170 1022 3231 sic
1043 3171 1103 3231 tela
1128 3171 1212 3250 exit,
1241 3192 1307 3235 cum

176 3249 296 3313 detexta
310 3254 411 3332 aiugo
428 3250 649 3339 dependeret,
673 3266 707 3315 ut
721 3253 821 3317 dicam
839 3276 909 3316 cum
922 3254 1097 3335 Theocrito,
1118 3255 1307 3340 καταβαίνει

175 3329 238 3416 ἀφ’
254 3335 358 3400 ἱστοῦ.
389 3336 483 3416 [lilios
497 3340 611 3423 aliquot
627 3342 712 3402 locos
729 3340 843 3403 dehoc
860 3362 917 3402 usu
930 3342 1015 3405 verbi
1028 3339 1123 3403 exire
1136 3342 1307 3427 aptissimos

175 3423 271 3489 habes
292 3422 323 3481 in
337 3416 466 3483 Gesneri
479 3421 572 3486 Thes.
593 3446 618 3487 s.
634 3447 665 3488 v.
678 3447 722 3488 nr.
739 3431 768 3489 6.
791 3448 821 3511 p.
837 3426 918 3504 4843
937 3425 1019 3510 apud
1037 3425 1200 3494 Forcellin.
1224 3449 1307 3508 roro,

175 3507 268 3568 etiam
295 3503 562 3586 Germanicam„
592 3511 669 3572 haec
690 3512 794 3573 omnia
815 3514 925 3573 frustra
944 3511 1094 3596 quaeras]
1139 3512 1231 3577 idem
1251 3513 1307 3579 Se-

174 3613 251 3652 neca
265 3590 315 3653 De
336 3589 670 3677 tranquillit.:'Altiuc
693 3604 733 3657 ut
752 3596 907 3680 spirare,
929 3593 982 3659 ita
1002 3593 1119 3682 eloqui
1134 3597 1251 3696 gestit
1274 3606 1307 3663 et

175 3673 225 3737 ad
236 3673 441 3762 dignitatem
457 3699 574 3741 rerum
588 3677 658 3743 exit
673 3682 795 3744 oratio.
839 3683 1030 3746 Lactantius:
1048 3704 1113 3769 per
1131 3704 1229 3768 ipsus
1244 3682 1308 3772 dis·

166 3756 349 3845 ficultntec
363 3760 459 3824 nobis
473 3762 668 3827 exeundum
683 3776 743 3845 eet,
767 3765 828 3854 qui
841 3766 1074 3830 adremmon
1092 3767 1222 3834 bonum
1234 3780 1307 3835 ten·

175 3843 310 3910 dimus:
330 3860 360 3909 et
372 3849 441 3910 heic
458 3846 554 3912 exire
572 3849 612 3912 ad
631 3853 726 3915 finem
746 3874 781 3915 ac
800 3864 916 3915 metam
936 3856 1094 3940 pervenire
1117 3868 1174 3920 est.
1218 3858 1306 3921 Hunc

174 3931 271 4003 Persii
290 3935 392 4005 locum
416 3937 569 4015 eleganter
587 3939 721 4002 imitatus
749 3951 795 4001 est
813 3937 1022 4018 ,Quintilianus
1043 3939 1141 4004 Instit.
1160 3944 1221 4015 lib.
1242 3940 1307 4008 XII

176 4016 214 4097 [c.
233 4022 283 4095 10,
297 4015 324 4100 §-
341 4016 413 4097 26]:
435 4016 557 4106 Itaque
573 4045 662 4084 nuno
681 4022 713 4086 si
733 4022 809 4109 quic
833 4022 882 4086 od
897 4046 953 4087 eos
972 4020 1223 4092 Demosthenis
1239 4027 1304 4093 vir-

176 4109 284 4198 tutes,
314 4123 398 4186 quoe
427 4102 487 4168 ille
513 4119 808 4195 commonemini
831 4108 969 4186 imbuit,
1001 4120 1115 4176 tomen
1132 4122 1222 4199 quae
1245 4113 1305 4178 cte-

168 4182 283 4274 suisse
313 4187 347 4250 ei
367 4187 439 4253 sive
467 4189 480 4252 i
504 4190 575 4254 sius
602 4204 729 4257 notura
757 4196 826 4259 eive
848 4194 927 4281 lege
955 4195 1103 4261 civitatis
1136 4198 1305 4275 videntur,

174 4270 357 4361 adjecerit,
382 4284 420 4338 ut
445 4211 592 4373 affectui
614 4279 819 4344 concitatius
842 4292 993 4354 moveat,
1016 4281 1163 4348 audiam
1186 4284 1304 4351 dicen-

174 4366 254 4435 tem,
277 4354 375 4423 Non
391 4359 507 4444 fecit
526 4360 599 4426 boc
622 4363 959 4443 Demosthenes?
981 4377 1016 4432 et
1030 4368 1161 4455 siquid
1179 4369 1305 4437 exierit

173 4441 326 4508 numeris
349 4443 488 4532 aptius,-
512 4442 665 4534 fortasse
684 4474 752 4537 non
772 4451 904 4538 possit,-
932 4451 997 4518 sed
1020 4464 1140 4521 tamen
1168 4454 1305 4546 siquid
