2700 4972
86 366 90 395 2
127 317 248 391 2112,
466 308 469 313 ·
523 311 932 399 commaneamus

89 497 95 514 ”
163 448 279 550 lubenti
298 485 403 552 animo
427 496 574 575 exceptus
589 484 731 550 interiora
751 478 864 571 mentis
881 485 971 584 vitia²
1001 486 1087 574 quasi
1110 485 1298 554 ludibundus

164 572 278 654 [ridens
297 585 329 635 et
344 571 487 654 blandus]
510 572 713 661 reprehendit.
765 566 993 637 'Praecordtu
1013 612 1052 623 -
1073 575 1188 639 mentis
1209 574 1298 640 sedes

167 697 205 706 -
223 680 254 722 v.
269 658 390 722 Aristot.
403 657 442 722 de
455 659 534 722 Part.
547 659 677 722 Animal.
690 657 746 738 ΠΙ,
767 664 815 725 10.
824 659 861 740 “]
1098 664 1101 669 ’
1340 666 1344 689 ¹

251 767 320 828 118.
336 757 653 824 Callidus'exc'usso
663 759 836 846 populum
847 757 1055 846 suspendere
1069 758 1180 842 naeu]
1194 761 1299 828 Notis-
1338 782 1343 815 1

156 847 277 911 'simum
295 858 325 911 et
342 846 497 933 hodieque
512 842 741 911 usitatissimum
754 869 869 910 sannae
882 869 994 929 genus,
1017 869 1088 910 cum
1107 847 1224 934 aliquid
1238 851 1300 912 ele-

163 940 272 997 vantes'
286 956 320 995 ca
342 944 376 996 ut
392 934 544 1036 quatimus
556 954 679 996 sursum
693 954 817 996 versus:
840 936 932 1017 quem'
948 945 1068 1014 gestum
1078 935 1157 996 mire
1175 956 1300 1021 expres·

149 1016 204 1082 'sit
219 1030 289 1107 post
334 1031 465 1081 oratiam
478 1018 600 1097 Persius
612 1021 707 1083 'verbo
723 1016 956 1103 suspendere·
985 1017 1073 1100 [Imo
1088 1018 1299 1104 suspendere
1341 1090 1344 1099 ¹

164 1112 248 1168 nuso
265 1102 401 1193 aliquid
415 1116 567 1190 est-super
581 1105 680 1191 aliqua
698 1124 852 1166 re'nasum
874 1103 1062 1185 corrogando
1085 1116 1116 1168 et
1139 1104 1299 1192 crispando

164 1194 316 1268 attollere,
340 1192 476 1274 σιμοῠν,
497 1202 532 1252 ut
550 1211 586 1253 ea
619 1191 686 1253 uasi
707 1188 875 1277 pendeate
898 1190 1021 1253 naribus
1042 1190 1170 1270 nostris,
1199 1191 1301 1271 judicii

165 1276 206 1347 fle
221 1298 258 1339 ea
272 1277 368 1339 nostri
386 1275 516 1347 indicio:
538 1212 785 1360 polsaemus,
808 1297 878 1337 crun
893 1274 1053 1345 irridemus
1070 1275 1197 1361 aliquid.
1229 1276 1301 1341 Per-

163 1364 227 1426 sius
242 1370 317 1427 ve'ro
328 1362 398 1424 cum
407 1365 466 1424 hac
479 1362 634 1424 locutione
644 1361 736 1422 aliam
751 1361 906 1441 conjunxit
919 1360 1161 1446 proverbialem:
1184 1382 1300 1426 emun-

166 1456 243 1515 ctae
259 1446 356 1512 nuris
372 1450 446 1510 erse
466 1447 486 1509 i.
504 1469 531 1510 e.
541 1447 660 1510 subtilis
674 1445 778 1526 judicii
797 1469 882 1510 esse:
905 1466 997 1532 quare
1011 1445 1157 1510 Erasinus
1169 1449 1205 1512 h.
1219 1450 1240 1513 l.
1253 1462 1300 1513 rte-¹

103 1547 108 1558 “
143 1580 145 1585 ,
163 1533 284 1622 posuit:
306 1540 480 1597 exterso
498 1529 827 1618 suspendere-naso:
848 1530 905 1595 sed
917 1535 1033 1613 majore
1049 1554 1121 1594 cum
1133 1532 1167 1597 vi
1181 1532 1299 1599 Pontos

165 1618 308 1683 excurso
325 1640 429 1699 naso,
452 1641 470 1680 e
489 1640 551 1704 quo
570 1614 701 1697 eiectum
718 1616 864 1704 'quicquid
882 1630 946 1681 erat
960 1612 1119 1682 sordium·
1148 1617 1299 1691 ‚Veterum

117 1782 122 1791 Ι
165 1719 284 1773 etrecc.
304 1706 390 1771 locos
401 1727 432 1771 v.
453 1725 502 1791 ap.
517 1704 612 1784 Pasa,
627 1702 672 1767 ΡΙ.
690 1715 720 1767 et
739 1704 899 1768 Heindorf.
920 1702 958 1765 ad
973 1703 1085 1787 Horat.
1100 1701 1211 1786 sset,
1225 1706 1296 1783 hh

143 1893 151 1911 ‘
248 1899 322 1963 119.
347 1891 441 1957 Men'
455 1888 583 1963 mutire
598 1886 729 1981 beses?
751 1911 813 1955 nec
838 1889 931 1955 olam
949 1911 1012 1955 uec
1033 1912 1115 1955 cum
1129 1878 1296 1975 'scrobell

162 1979 259 2059 Plena
273 1977 445 2042 modestiae
466 1980 577 2042 oratio:
599 1978 642 2042 sic
659 1980 743 2041 enim
760 1979 906 2064 loquitur,
948 1978 1015 2041 uasi
1030 1981 1168 2059 futurum
1186 1980 1227 2044 sit
1245 1980 1296 2067 Ipsi
1331 2038 1334 2045 .

156 2059 237 2153 'satis
253 2067 332 2143 inter
347 2067 463 2127 amicos
483 2065 647 2128 familiares
671 2062 711 2145 de
732 2076 871 2151 corrupta
893 2085 911 2126 a
928 2001 1053 2127 Herone
1070 2075 1101 2127 et
1120 2064 1296 2129 Neronianis

188 2142 255 2225 oiisi
268 2146 346 2212 intra
361 2149 496 2236 privatos
513 2152 643 2237 parietes
665 2151 825 2235 conqueri:
854 2147 945 2235 quod·
956 2149 1058 2235 minus
1077 2162 1124 2213 est
1144 2172 1199 2230 eo,
1222 2149 1295 2238 quod

163 2174 299 2301 [aedilis
316 2248 348 2298 et
359 2236 503 2299 Horatius
518 2238 681 2299 voluerunt
697 2236 759 2299 'sibi
771 2236 881 2298 licere.
918 2232 1113 2316 [sementim
1143 2234 1227 2299 Mihi
1240 2258 1294 2299 non

163 2318 267 2386 liceret
283 2323 341 2385 sub
357 2321 460 2403 lingua
474 2320 730 2386 immurmurare?
751 2342 791 2383 ne
806 2332 884 2382 tecte
895 2318 1046 2406 quidem?
1067 2342 1108 2383 ne
1120 2324 1225 2386 scrobi
1273 2322 1282 2339 ⁴

165 2406 240 2473 dem
255 2408 493 2486 committerem,
515 2404 599 2492 quod
609 2427 660 2470 me
676 2412 859 2554 suspensum
872 2406 990 2470 habet?
1012 2404 1198 2491 Nusquam?
1255 2408 1296 2471 uir

164 2504 268 2569 tamen
281 2492 360 2555 libro
377 2480 529 2555 infodiam
545 2501 612 2554 cett.
634 2488 692 2554 Pl.
756 2514 773 2554 e
787 2513 866 2555 voce
879 2488 1005 2555 mutire
1022 2490 1148 2565 v.Pass.
1169 2515 1201 2582 p.
1218 2478 1295 2573 sle]

165 2576 260 2649 Meu?
276 2589 365 2643 vetus
382 2578 483 2655 lectio,
503 2599 567 2640 non
583 2597 637 2638 me
650 2575 746 2663 [quod
759 2576 903 2640 Pithoeus
923 2574 1075 2658 dederat]:
1096 2575 1192 2663 ¹idque
1207 2580 1296 2641 multo

165 2664 294 2751 melius3
316 2658 548 2737 commode,
572 2654 704 2745 durique
719 2685 774 2751 pro
789 2663 820 2725 in
837 2665 955 2726 sc'robe.
999 2663 1152 2728 Ausonius
1175 2662 1297 2729 Paulino

164 2747 275 2839 [Epist.
291 2746 417 2829 XXIII,
430 2751 470 2814 18
484 2746 561 2834 sq.]:
1112 2818 1115 2825 ,
1170 2746 1173 2751 ’
1295 2746 1300 2755 ’

156 2868 159 2873 ·
251 2840 436 2939 Depressir
451 2847 628 2915 scrobibus
644 2847 769 2917 vilium
783 2848 903 2940 regale
916 2848 1073 2919 minister
1155 2841 1159 2849 ’

255 2932 425 3033 Credidit,
448 2934 551 3023 idque
571 2936 632 3000 diu
647 2936 733 3002 texit
745 2934 921 3026 fidissima
938 2938 1047 3003 tellus
1342 2972 1344 3027 j

255 3046 327 3108 120.
348 3035 420 3105 Hie
436 3046 554 3102 tamen
570 3035 771 3126 infodiunt]
788 3035 1005 3122 Ἐναποθῆσω
1026 3038 1104 3124 τῇδε
1124 3041 1169 3124 τῇ
1185 3037 1297 3129 tltep:

117 3145 169 3207 15³
176 3127 316 3214 quamvis
329 3138 360 3189 te
375 3124 569 3189 dissuadente
584 3148 642 3206 ego
656 3139 761 3191 tamen
774 3127 878 3208 judicii
890 3127 954 3188 mei
965 3137 1076 3189 testem
1087 3123 1221 3191 Satiram
1232 3129 1299 3193 scri-
1342 3192 1344 3199 ,

165 3219 254 3291 bam,
276 3234 340 3275 non
353 3223 387 3275 ut
401 3233 470 3274 eam
492 3223 608 3275 temere
629 3214 662 3274 in
680 3216 782 3275 lucem
798 3213 905 3290 edam,
927 3211 983 3274 sed
1003 3211 1075 3297 quia
1090 3231 1207 3277 vocem
1221 3236 1298 3278 rum-

166 3320 240 3386 pere
257 3318 343 3360 amor
356 3309 457 3361 rectae
470 3296 646 3362 eruditionis
660 3321 732 3384 prae
751 3298 961 3379 indignatione
979 3296 1163 3384 aequissima
1179 3322 1233 3364 me
1251 3322 1299 3363 co-
1342 3312 1344 3323 '

167 3388 225 3467 git:
249 3381 322 3460 hio,
349 3382 382 3444 id
401 3382 499 3444 estin
519 3385 581 3445 hoc
602 3386 735 3447 carmine
758 3386 826 3448 sive
847 3387 908 3445 hoo
931 3385 1027 3458 libro,
1057 3403 1123 3445 nun
1146 3390 1252 3450 autem
1270 3387 1300 3449 in

167 3471 293 3535 scrobe:
320 3465 392 3530 ideo
416 3467 562 3552 sequitur,
591 3466 682 3545 vicli,
713 3467 787 3533 vidi
814 3467 905 3554 ipse,
935 3466 1063 3535 libelle.
1109 3463 1300 3554 Infodiurre

165 3555 199 3619 id
221 3565 267 3618 est
288 3552 475 3632 consignabo
494 3563 525 3615 et
543 3554 615 3615 huie
638 3557 758 3618 chartae
778 3554 918 3633 credam,
944 3553 1056 3616 deinde
1079 3577 1150 3620 eam
1166 3560 1301 3621 osculnm

166 3663 202 3703 ac
217 3639 303 3725 quasi
316 3649 438 3719 aggesta
458 3640 554 3701 humo
568 3641 712 3705 obruam:
734 3640 811 3704 duas
831 3641 914 3703 enim
937 3640 1073 3704 actiones
1094 3663 1160 3704 vox
1177 3644 1237 3707 ista
1254 3644 1301 3707 hic

167 3726 307 3788 denotat:
324 3745 450 3808 quarum
462 3735 619 3810 utramque
633 3724 898 3811 exponitOvidius
909 3726 941 3788 in
950 3725 1010 3789 XI.
1018 3725 1146 3791 Metam.
1162 3728 1220 3809 [90
1227 3728 1300 3835 sqq]

166 3811 206 3874 de
221 3822 346 3873 tonsore
359 3808 465 3872 Midae
485 3810 629 3895 loquens:
652 3812 786 3896 alioquin
802 3808 956 3898 infodere
969 3813 1035 3875 sive
1056 3833 1302 3897 καταχωννυειν

202 3917 378 3959 oarcanum
394 3893 553 3975 diligenter
575 3899 672 3959 celare
691 3898 821 3983 ponitur.
864 3896 998 3961 loannes
1015 3896 1258 3980 chrysostomus
1272 3902 1301 3965 in

164 3919 222 4047 lu.
244 3981 452 4066 adpopulum
466 3980 699 4045 Antiochenam
717 3984 868 4046 Humilia:
897 3977 940 4045 dlv
961 3979 1027 4060 doe
1044 4003 1124 4047 uoce
1145 3984 1205 4050 καὶ
1225 3983 1301 4073 δόξῃ

165 4061 344 4150 ἆνὲχεσθαι
359 4067 427 4130 τῶν
443 4061 576 4143 ἑτέρους
591 4063 757 4150 λεγόντων
772 4071 897 4146 κακῶς,
920 4062 1131 4151 κατάχωσον,
1154 4067 1303 4139 aalma

164 4147 283 4220 voveri
303 4148 436 4235 λεχθὲν,
458 4146 545 4237 λήθῃ
558 4148 718 4235 παράδος.

253 4259 324 4320 121.
355 4247 390 4316 V
392 4250 460 4331 idi,
488 4250 565 4317 victi
587 4253 675 4340 ipse,
704 4253 844 4318 libelle:
873 4252 1066 4320 Auriculas
1087 4253 1184 4322 asini
1205 4258 1302 4327 Mida

165 4360 228 4405 retr
241 4337 368 4420 turbae]
383 4338 472 4428 Apud
483 4339 637 4404 loannem
644 4340 907 4407 Saresberiensem
921 4344 973 4406 lib.
987 4341 1043 4406 III.
1056 4344 1212 4412 scribitur:
1231 4344 1302 4411 Au·

164 4424 297 4492 riculae
310 4423 403 4491 asini
415 4421 533 4490 Midae
548 4423 668 4505 babet,
690 4428 747 4492 sed
758 4429 844 4494 aliter
858 4430 890 4493 in
906 4429 1114 4515 antiquissima
1129 4429 1227 4497 Persii
1242 4435 1303 4500 rita
