2700 4972
341 359 407 429 ao
436 356 623 428 euasit·
643 356 873 426 sacrarat·
898 359 941 428 v.
996 316 999 321 ’
1153 304 1242 433 'aaa

97 532 1088 705 ffioffifffflffiffip
1104 551 1240 687 ”aiiii

99 700 205 777 Unus,
221 703 305 765 enim
332 702 421 767 Deus
448 716 510 790 opt.
531 724 636 784 man,
663 724 724 766 una
747 704 881 785 religio,
917 716 997 791 quae
1025 707 1118 771 sacris
1147 710 1241 773 volu-

97 787 238 851 minibus
259 789 446 853 continetur:
473 787 530 854 sed
548 790 646 870 ignari
668 801 788 854 veteres
815 791 906 869 hujus
929 792 1063 855 veritan’s
1084 792 1171 856 aliter
1189 792 1240 857 ‹li-
1293 806 1297 813 ’

96 872 272 937 stinxerunt
289 876 369 938 inter
380 875 562 957 religionem
579 888 610 937 et
627 877 892 962 superstitionem
911 876 997 939 illam
1009 889 1155 962 putarunt
1168 900 1239 943 esso
1299 884 1302 889 '

98 956 232 1023 deorum
269 960 415 1023 atriorum
434 982 523 1024 more
542 957 640 1047 patrio
657 964 788 1040 cultum,
812 963 896 1049 'hpnc
912 956 1143 1048 peregrinorum
1159 962 1238 1028 deo-

96 1065 189 1121 rum,
208 1066 231 1110 v
279 1046 372 1109 etiam
394 1067 521 1110 suorum
540 1051 654 1110 cultum
677 1046 843 1133 peregrinis
866 1068 925 1110 nec
947 1047 1100 1112 consuetis
1120 1049 1237 1115 ritibus·
1290 1068 1296 1085 ¹

81 1127 208 1208 ,Quare
223 1132 303 1195 inter
321 1143 483 1220 praecepta
499 1145 652 1212 veterum,
674 1134 785 1218 quibus
807 1130 847 1194 de
862 1133 1009 1213 religione
1028 1134 1143 1221 aliquid
1156 1136 1286 1201 san-tu

97 1216 254 1296 ciebanrr,
274 1216 410 1304 primum
421 1240 545 1305 semper
559 1217 635 1280 illud
651 1230 730 1298 erat,
755 1213 861 1294 Θεοΰς
882 1218 1045 1296 πατρίους
1061 1216 1124 1283 ital
1135 1224 1238 1305 bopa-

97 1297 261 1384 ζομένους
282 1296 384 1387 utlibet
405 1301 490 1368 κατὰ
511 1298 553 1367 cci
579 1300 720 1383 πάτρωε
747 1316 909 1391 propterea
927 1302 1048 1369 Persius
1070 1304 1110 1369 de
1129 1310 1238 1393 super-

96 1387 225 1451 stitione
238 1389 308 1451 heic
328 1410 423 1470 agens
441 1392 583 1476 exempla
600 1391 688 1477 ponit
708 1410 817 1453 eomrn
835 1391 1012 1470 hominum,
1033 1391 1086 1477 qui
1100 1390 1254 1457 tuccius·

89 1484 157 1535 -aut
170 1474 310 1538 Asiaticis
340 1486 372 1538 et
395 1475 587 1562 Aegyptiacis
612 1476 718 1539 ritibus
739 1474 862 1539 Romae
889 1487 1054 1542 uterentur.
1108 1475 1238 1541 Judsica

84 1559 206 1641 religio
217 1558 341 1623 Romae
357 1562 515 1647 peregrina
529 1564 722 1639 censebatur,
745 1562 820 1625 solis
829 1560 955 1624 ludaeis
971 1565 1081 1626 urbem
1098 1562 1238 1625 incolen-

94 1645 180 1709 tibus
199 1646 366 1732 penninas·
389 1645 441 1724 [de
452 1645 641 1710 ludaeorum
660 1647 694 1709 in
713 1646 795 1711 Urbe
816 1645 993 1710 conditione
1011 1659 1043 1711 et
1063 1649 1168 1712 ritibus
1183 1649 1238 1713 ¹re-

94 1731 216 1811 ligiosis
233 1752 265 1797 v.
285 1751 364 1819 quae
383 1743 554 1795 narrant-et
572 1732 697 1795 laudant
710 1730 808 1795 Plum.
829 1732 862 1819 p.'
873 1734 937 1799 470
949 1754 1015 1819 sqq.
1036 1746 1067 1796 ct
1087 1731 1234 1797 Gieseler.

95 1813 181 1879 bist.
201 1814 286 1880 eccl.
305 1814 344 1881 Τ.
360 1816 403 1898 'I.]
431 1818 579 1882 Asiaticus
596 1816 746 1881 Bellonae
764 1830 796 1881 et
814 1818 1015 1904 Aegyptiacus
1030 1817 1123 1882 Isidis
1146 1818 1237 1906 atqaie

94 1900 236 1967 Osiridis
252 1904 349 1967 cultus
362 1901 484 1966 decreto
498 1903 625 1989 quidem
645 1915 777 1967 senatus·
789 1904 822 1965 in
839 1905 948 1966 urbem
966 1903 1095 1968 admissi
1115 1904 1237 1992 pridem

94 1990 237 2065 fueram,
256 1986 312 2052 sed
326 1987 467 2051 nondum
483 2000 586 2052 tamen
605 1989 680 2054 viris
695 1990 838 2071 gravibus
856 2010 893 2051 ea
914 2010 1000 2052 sacra
1020 1992 1237 2076 probabantur.

95 2074 181 2136 Hinc
191 2074 283 2157 igitur
294 2076 541 2159 superstitionum
555 2077 699 2162 exempla
711 2074 922 2161 petitPersius‚
943 2096 1008 2137 non
1025 2097 1065 2138 ex
1081 2077 1237 2157 religionis

94 2161 262 2245 antiquitus
282 2158 405 2224 Romae
425 2172 566 2246 receptae
585 2162 710 2225 ritibus:
740 2161 792 2245 qui
811 2171 916 2223 tamen
936 2161 1089 2239 vanitate,
1111 2161 1236 2226 stultitia

95 2257 127 2308 et
157 2247 206 2331 τῷ
234 2244 353 2334 γελοίῳ
381 2267 423 2309 ne
443 2246 636 2331 Aegyptiacis
657 2244 783 2332 quidem
810 2244 1030 2310 concedebant.
1081 2242 1236 2309 Herodis

93 2327 173 2394 dies
188 2342 260 2395 sunt
275 2329 357 2410 dias,
378 2353 457 2416 qnos
477 2334 549 2394 colit
566 2334 699 2418 populus
717 2332 768 2416 qui
788 2330 907 2393 Herodi
927 2343 1014 2416 paret
1037 2333 1104 2424 sive
1120 2333 1235 2418 paruit:
1288 2364 1291 2381 ·

93 2415 208 2481 Iudaei
227 2432 354 2502 nempe:
375 2418 417 2479 ita
438 2438 602 2504 possumus
617 2418 796 2499 generaliter
811 2417 950 2502 accipere
971 2416 1044 2494 [hoc
1062 2417 1153 2480 unice
1175 2438 1235 2482 ve-

93 2522 165 2565 rum
186 2513 233 2566 est
252 2501 390 2582 Plumio,
432 2524 490 2566 .v.
511 2524 542 2590 p.
556 2502 620 2568 475
633 2503 711 2589 sq.]=
732 2501 789 2565 aed
808 2513 941 2588 praestat
962 2496 1118 2583 argutius
1139 2504 1235 2566 inter-

92 2588 208 2675 pretari
220 2586 261 2651 de
270 2610 326 2674 pro
348 2590 393 2650 ria
405 2525 594 2677 iudaeorum
607 2600 690 2651 secta
704 2588 835 2667 illorum,
858 2589 910 2689 apri
924 2591 964 2651 ab
975 2586 1235 2670 Herodelliagno‚

91 2672 218 2763 pridem
237 2674 301 2737 uita
323 2610 487 2754 defuncto,
516 2673 687 2737 Heracliani
709 2686 781 2737 sunt
806 2675 887 2736 dicta
938 2672 965 2735 Ε
990 2675 1083 2739 variis
1099 2673 1237 2739 Judaicis

92 2760 187 2825 sectis
197 2780 259 2821 una
270 2760 328 2822 fuit
343 2760 482 2840 istorum,
503 2771 537 2821 ut
552 2760 667 2823 scimus
682 2780 722 2821 ex
734 2757 919 2840 Evangeliis,
940 2757 1132 2845 Epiphanio,
1151 2759 1183 2823 Τ
1184 2756 1235 2822 er—'

91 2846 238 2924 tulliano,
257 2846 462 2927 Hieronymo.
504 2846 548 2907 Hi
570 2846 648 2907 nihil
668 2843 839 2907 admodum
859 2843 1040 2907 differebant
1061 2866 1078 2907 a
1098 2844 1234 2923 ludaeis,
1326 2860 1333 2867 '

92 2931 233 2994 maxime
242 2929 369 3017 quidem
382 2953 402 2992 a
412 2930 592 3009 Pharisaeis,
606 2931 793 3015 quibusoam
815 2950 849 2992 er
863 2932 1086 3011 conjunguntur
1099 2931 1132 2992 in
1148 2952 1234 2993 sacra

91 3016 357 3098 Evangelistarum
372 3016 506 3095 historia,
529 3015 680 3102 nisiquod
695 3017 745 3079 He
803 3034 854 3078 em
870 3036 926 3101 pro
942 3014 1063 3079 Christo
1082 3017 1233 3095 colebant,
1254 3028 1258 3035 '

92 3102 170 3167 dece
191 3103 216 3164 ti
235 3103 482 3188 interpretatione
507 3123 603 3190 prava
623 3103 803 3188 prophetiae
822 3100 931 3164 Jacobi
952 3098 1112 3166 Geneseos
1134 3103 1233 3188 capite
1302 3118 1305 3123 “

91 3125 217 3253 mit.
229 3199 377 3251 mamete
388 3186 530 3253 declino:
545 3189 602 3263 isn’
617 3206 690 3268 ergo
702 3199 736 3250 et
748 3188 973 3268 Hierosolymis
996 3198 1026 3249 et
1043 3186 1117 3249 alibi
1130 3186 1234 3249 Hero-

93 3273 143 3338 dis
164 3277 280 3337 icstum
297 3293 408 3355 magna
429 3274 612 3355 solenpitate
631 3276 782 3338 colebant.
827 3272 953 3352 [Multos
971 3273 1020 3335 bis
1040 3275 1127 3336 locos
1144 3284 1234 3335 vete-

90 3381 162 3423 rum
183 3357 270 3422 addit
289 3359 336 3423 Pl.
353 3372 389 3446 p.
406 3360 472 3425 474
489 3374 535 3445 sq.
550 3357 719 3423 ostendens
737 3378 829 3438 vero,
858 3378 952 3456 quam
978 3358 1090 3439 exigua
1108 3379 1145 3420 ac
1165 3361 1232 3421 fere

90 3448 176 3509 nulls
196 3444 247 3508 his
259 3444 442 3508 testimoniis
460 3444 539 3509 fides
553 3447 594 3509 sit
611 3443 775 3523 habenda]
818 3441 910 3507 Deos
922 3439 1079 3506 Herodis
1091 3446 1282 3531 appellattss

89 3534 228 3595 natalem
241 3529 326 3594 fflcm
334 3529 486 3611 Herodis,
506 3552 569 3593 non
584 3529 711 3616 quidem
726 3550 820 3594 uerae
831 3525 1005 3613 γενέσεως,
1026 3529 1083 3592 sed
1098 3531 1233 3615 suscepti

88 3618 178 3700 regni
192 3614 277 3704 apud
287 3615 439 3680 ludaeos:
461 3639 534 3680 narn
553 3629 584 3679 et
596 3617 640 3679 illi
654 3615 920 3681 dtesvoccbanan
942 3616 1073 3694 natales,
1086 3627 1129 3677 ut
1146 3614 1233 3678 dice-
1266 3650 1271 3661 x

87 3707 202 3768 bemus
225 3700 265 3764 ad
284 3700 479 3789 spartianum
501 3701 656 3781 [Hadrian.
668 3701 722 3783 4]c
740 3704 887 3789 pleraque
913 3700 990 3764 item
1008 3688 1068 3763 aiis
1086 3704 1166 3764 festa
1186 3702 1231 3765 sic

88 3789 311 3865 nominabant,
331 3800 366 3852 ut
380 3782 517 3854 tetrae
536 3789 695 3871 compoti,
712 3786 853 3851 Natalem
871 3797 1084 3851 terraemotus
1098 3786 1231 3849 Alexan-

89 3875 186 3954 drini,
217 3872 258 3936 de
284 3866 346 3959 quo
364 3872 438 3938 vide
453 3872 675 3953 Summanum,
696 3873 765 3936 libri
782 3870 840 3936 VI.
863 3882 954 3959 eaput
965 3870 1145 3937 secundum.
1195 3871 1231 3936 si

132 3962 141 3979 “
178 3960 267 4022 malit
284 3959 325 4021 ad
337 3959 497 4023 Herodem
508 3960 692 4045 Agrippam,
733 3959 767 4020 ui
784 3959 910 4023 virente
921 3956 1027 4023 Persio
1047 3977 1177 4038 regnum
1195 3958 1229 4020 in

87 3982 209 4113 ffica
233 4032 407 4126 obtinebat,
428 4047 507 4109 baec
527 4050 641 4109 reterre
663 3980 753 4108 etde
776 4044 870 4106 natali
890 4044 972 4109 illius
990 4043 1142 4130 accipere,
1163 4064 1229 4107 non

88 4132 131 4199 de
146 4132 240 4219 prirni
252 4128 401 4211 Herodis,
423 4130 508 4194 haud
526 4130 618 4197 valde
639 4129 839 4193 contendam:
859 4140 934 4214 puto
953 4140 1059 4193 tamen
1077 4130 1229 4191 rationem

86 4221 201 4283 taleam
216 4238 294 4296 esse,
314 4237 394 4303 quae
407 4217 491 4282 viros
504 4215 725 4281 eruditissimos
733 4217 779 4278 ita
798 4215 899 4297 coiigit
915 4216 1150 4299 senumquasi
1165 4216 1229 4293 jam

86 4317 157 4369 tum
176 4301 425 4367 Herodiaaorum
447 4314 530 4366 secta
552 4301 715 4366 defecisset
739 4322 775 4364 ac
795 4323 929 4365 nomen:
959 4300 1044 4388 quod
1061 4298 1140 4362 mihi
1163 4320 1229 4363 non

87 4390 219 4469 videtur,
240 4409 342 4474 neque
352 4387 562 4475 Epiphaniam
574 4410 644 4451 cum
657 4391 755 4469 legas,
775 4388 836 4466 ita,
859 4388 976 4472 opinor,
997 4386 1125 4449 sentias:
1147 4382 1229 4447 adde

88 4475 185 4564 quod,
206 4485 240 4545 ut
249 4475 293 4537 ita
307 4485 403 4555 esset,
423 4474 640 4539 accuratiorem
655 4477 720 4556 ejus
733 4473 1000 4556 reilcognitionern
1014 4471 1153 4535 Persium
1164 4488 1245 4535 non·

132 4558 493 4617 mummolum.
527 4624 530 4628 ¹
1018 4560 1069 4622 ‘Ab
