2700 4972
90 1352 407 1445 ctossnn
439 1318 862 1445 varensem
893 1280 1222 1442 ruasrutu.

550 1624 554 1630 .
570 1621 758 1633 .-w-Q·—

268 1800 1094 1897 ·run1PuRsr1v1rn,'

90 1984 208 2095 Aulus
227 2031 348 2097 Persius
369 2032 494 2097 Flaccus
514 2046 604 2098 natus
626 2045 672 2098 est
692 2031 789 2118 pridie
809 2031 915 2095 Nonas
936 2030 1134 2112 Decembris,
1163 2032 1229 2096 Fa-

90 2120 143 2183 bio
163 2118 302 2197 Persico,
325 2118 359 2182 L.
382 2120 507 2183 Vitellio
530 2120 633 2200 Coss,
663 2117 793 2181 decessit
804 2116 892 2181 VIII.
907 2116 980 2180 Kal.
995 2117 1147 2183 Decemb.
1162 2118 1230 2182 Ru-

90 2205 158 2269 brio
171 2203 281 2283 Mario,
303 2203 407 2267 Asinio
420 2202 509 2268 Gallo
526 2204 612 2270 Coss.
645 2204 741 2268 Natus
754 2205 787 2265 in
800 2203 917 2267 Etruria
929 2204 1105 2285 volaterris,
1126 2204 1230 2289 Eques

91 2290 270 2366 Romanus,
298 2291 446 2371 sanguine
468 2303 499 2354 et
519 2292 665 2354 assmitate
685 2290 776 2375 primi
797 2288 913 2353 ordinis
936 2291 1008 2353 viris
1036 2293 1230 2371 conjunctus3

26 2370 29 2379 '
93 2376 224 2437 decessit
239 2373 281 2445 ¹ad
305 2388 449 2440 octavum
469 2378 642 2441 milliarium
663 2377 714 2441 via
735 2375 832 2461 Appia
851 2376 885 2436 in
905 2374 1037 2460 praediis
1057 2377 1130 2438 suis.
1170 2375 1232 2440 Pa-

92 2473 139 2523 ter
162 2464 225 2539 ejus
246 2459 371 2525 Flaccus
391 2463 542 2547 pupillum
570 2464 690 2546 reliquit
710 2463 860 2540 moriens,
894 2482 1046 2522 annorum
1072 2464 1138 2523 fere
1157 2472 1231 2524 sex.

92 2544 201 2609 Fulvia
224 2544 364 2608 Sisennia
385 2560 482 2609 mater
501 2550 604 2634 nupsit
624 2559 731 2633 postea
753 2547 862 2622 Fusio,
888 2544 991 2631 Equiti
1011 2545 1174 2627 Roman03
1202 2558 1234 2610 et

1 2664 27 2689 ,.,
67 2636 168 2694 *eum
189 2652 311 2715 quoque
333 2633 437 2695 extulit
457 2635 534 2696 intra
554 2655 669 2719 paucos
694 2654 801 2695 annos.
845 2631 965 2694 Studuit
987 2632 1111 2695 Flaccus
1137 2654 1234 2719 usque

94 2717 136 2779 ad
164 2738 279 2778 annum
307 2716 384 2780 XII.
413 2719 601 2799 Voleronis,
636 2717 708 2781 inde
735 2716 856 2781 Romae
884 2716 965 2779 aud
993 2714 1234 2781 Grammaticum

94 2802 274 2867 Remmium
291 2802 511 2867 Palaemonem
540 2817 571 2867 et
602 2802 684 2889 apud
703 2806 858 2867 rhetorem
878 2740 1060 2883 Vldrginium
1080 2803 1234 2867 Flaccum.

34 2928 37 2933 ·
95 2887 175 2953 Cum
201 2900 282 2951 esset
305 2910 456 2952 annorum
477 2889 573 2968 XVI,
601 2888 732 2951 amicitia
760 2891 861 2974 coepit
889 2890 934 2950 uti
960 2888 1076 2951 Annaei
1099 2888 1234 2966 Cornuti,

95 2974 138 3037 ita
158 2985 191 3035 ut
212 2976 251 3036 ab
274 2995 312 3035 eo
334 2996 485 3060 nusquam
507 2975 689 3053 discederet,
717 2996 734 3036 a
756 2996 817 3060 quo
839 2973 1027 3037 introductus
1046 2975 1236 3060 aliquatenus

95 3061 128 3123 in
149 3060 345 3145 philosophia
367 3072 422 3124 est.
464 3062 587 3125 Amicos
607 3060 716 3123 habuit
734 3060 864 3145 aprima
875 3058 1078 3124 adolescentia
1092 3061 1238 3125 Caesium

97 3143 230 3209 Bassum
253 3156 283 3207 et
305 3145 502 3232 Calpurnium
523 3147 693 3225 Staturam,
727 3149 779 3232 qui
801 3169 838 3209 eo
860 3147 934 3211 vivo
955 3147 1075 3225 juvenis
1096 3146 1236 3211 decessit.

98 3230 201 3295 Coluit
222 3244 255 3294 ut
275 3244 392 3316 patrem
417 3232 581 3298 Servilium
601 3232 789 3296 Numanum.
843 3232 902 3295 Per
923 3230 1093 3297 Cornutum
1120 3254 1239 3313 cogno-

97 3317 143 3381 vit
169 3317 328 3379 Annaeum
359 3318 452 3380 etiam
478 3318 654 3397 Lucanum,
685 3340 875 3404 aequaevum
904 3315 1076 3380 auditorem
1103 3317 1239 3383 Cornuti.

97 3402 180 3466 Nam
201 3402 351 3467 Cornutus
379 3403 432 3464 illo
460 3408 599 3490 tempore
619 3404 766 3484 Tragicos
793 3406 868 3482 fuit,
899 3415 998 3466 sectae
1020 3403 1159 3484 Stoicae,
1185 3402 1240 3489 qui

98 3488 193 3551 libros
214 3489 429 3574 philosophiae
449 3490 577 3574 reliquit.
621 3488 684 3552 Sed
698 3491 838 3552 Lucanus
851 3488 930 3551 adeo
951 3489 1240 3575 mirabaturscripta

99 3572 216 3653 Flacci,
246 3585 280 3636 ut
308 3574 363 3637 rix
384 3575 525 3637 retineret
552 3596 586 3637 se
613 3574 667 3636 illo
694 3576 838 3637 recitante
867 3596 885 3637 a
913 3576 1062 3649 clamore,
1092 3577 1167 3660 quin
1186 3577 1240 3651 illa

11 3710 14 3715 .
101 3680 169 3723 esse
195 3680 270 3724 vera
293 3674 436 3745 poemata
464 3660 587 3724 diceret.
630 3659 706 3722 Sero
730 3660 875 3741 cognovit
894 3656 1061 3739 Senecam,
1090 3658 1149 3723 sed
1174 3682 1240 3722 non

100 3757 135 3807 ut
161 3756 316 3831 caperetur
345 3749 409 3825 ejus
439 3747 573 3827 iugenio.
613 3745 697 3813 ¹Usus
724 3757 770 3809 est
798 3744 881 3833 apud
910 3744 1079 3809 Cornutum
1108 3744 1241 3808 duorum

102 3831 242 3893 convictu
264 3830 510 3895 doctissimorum
532 3845 562 3895 et
583 3832 843 3896 sanctissimorum
863 3831 1017 3911 virorum,
1046 3832 1154 3894 acriter
1173 3844 1242 3893 tum

101 3915 401 4002 philosophantium,
423 3918 542 3983 claudii
561 3920 719 4000 Agaterni,
740 3917 853 3980 medici
866 3916 1118 3997 Lacedaemonii,
1140 3917 1243 3981 etPe-

101 4002 194 4063 tronii
208 4002 412 4083 Aristocratis,
433 4000 603 4085 Magnetis,
632 4028 708 4090 quos
730 4006 819 4067 unice
841 4004 967 4066 miratus
985 4015 1031 4066 est
1052 4014 1083 4064 et
1104 4007 1243 4066 aemula-

103 4099 168 4163 tus,
192 4110 263 4149 cum
282 4090 425 4175 aequales
446 4103 549 4153 essent
569 4103 601 4153 et
621 4091 755 4155 Cornuto
776 4090 922 4151 minores.
963 4088 1035 4176 Ipse
1062 4088 1155 4152 etiam
1187 4086 1243 4151 de-

104 4194 172 4234 cem
193 4176 258 4235 sere
278 4175 365 4237 annis
386 4196 507 4239 summe
530 4176 656 4240 dilectus
678 4198 696 4239 a
718 4177 812 4238 Paeto
834 4175 971 4237 Thrasea
993 4186 1054 4253 est,
1074 4175 1117 4239 ita
1135 4187 1170 4236 ut
1186 4196 1244 4260 pe-

104 4259 301 4338 regrinaretur
327 4282 449 4346 quoque
482 4284 552 4324 cum
580 4285 618 4325 eo
647 4260 825 4347 aliquando,
859 4272 1019 4340 cognatam
1040 4263 1105 4340 ejus
1126 4261 1245 4323 Arriam

104 4366 233 4407 uxorem
253 4347 396 4408 habente.
439 4347 509 4409 Fuit
535 4370 659 4411 morum
680 4347 920 4424 lenissimortun,
950 4346 1153 4411 verecundiae
1178 4348 1245 4412 vir-

105 4431 226 4512 ginalis,
248 4435 365 4495 formae
386 4435 523 4519 pulcrae,
545 4436 664 4515 pietatis
686 4455 757 4515 erga
774 4444 904 4496 matrem
920 4445 950 4496 et
964 4454 1103 4496 sororem
1118 4445 1148 4496 et
1166 4433 1245 4495 ami-
