2700 4972
238 84 286 169 f
414 116 959 215 sorensusmnuur.
1176 132 1312 194 ια’

51 290 56 345 ’-
118 307 202 370 poue
225 301 258 353 et
276 287 394 357 debiles
415 294 467 356 vel
485 292 589 377 aliqua
612 293 746 379 corporis
765 295 835 356 labe
855 292 989 375 insignes
1011 294 1150 361 irridere:
1197 286 1257 361 uae

51 380 60 465 j
114 374 296 461 improbitas
311 378 404 439 etiam
417 379 612 441 anathemate
626 377 796 443 vindicatur
818 379 851 441 in
872 378 996 458 clerico,
1025 402 1144 445 canone
1167 382 1192 445 L
1263 456 1268 465 ,

114 481 239 539 eorum,
263 463 316 546 qui
325 458 493 549 Apostolici
502 465 714 544 nominantur3
737 462 831 528 lusco
852 460 969 527 dicere
986 463 1082 529 lusce
1098 467 1256 533 estridete

63 564 74 581 ¹
113 546 278 609 hominem
295 549 415 611 luscum
437 549 520 610 etin
543 547 731 613 debilitatem
746 544 827 615 illius
848 544 928 613 diua
950 549 1068 615 dicere:
1090 550 1183 615 lusce
1196 556 1255 617 ha-

111 633 185 695 bent
200 635 416 714 membranae,
438 656 519 713 non,
540 646 574 696 ut
590 635 641 697 alii
655 634 789 715 codices,
812 633 945 699 luscus.-
987 636 1051 701 uod
1072 637 1099 702 si
1121 641 1170 700 cui
1185 640 1254 724 pla-

112 728 196 795 ceat,
219 739 327 783 sensus
345 720 401 782 erit
412 720 562 805 optimus:
585 721 637 805 qui
657 717 791 784 Graecos
804 720 949 785 homines
964 658 1156 787 braccanicis
1170 725 1252 788 vitiis

110 804 293 889 laborantes,
299 802 400 885 ridere
411 816 510 883 amat,
532 802 646 867 luscus
660 807 728 892 ipse
744 818 774 869 et
787 805 899 871 fisdem
914 806 995 870 vitiis
1008 809 1178 891 obnoxius3
1201 806 1251 872 di·

108 907 188 1036 cerq
210 885 310 953 lusco
328 912 387 977 pro
407 889 508 954 dicere
521 892 559 955 in
580 895 712 971 luscino,
734 903 768 957 ut
791 891 875 979 apud
893 891 1035 978 poitam:
1063 891 1099 961 lt
1119 894 1253 961 clamor

108 993 169 1041 coe
187 994 221 1037 ο.

197 1065 271 1127 129.
292 1062 373 1126 Sese
394 1061 425 1142 [„
434 1056 543 1147 Seque
559 1061 700 1148 antiquae
714 1061 885 1125 recensioni
896 1062 1084 1128 Pithoeanae
1096 1075 1253 1150 receptum

106 1147 222 1209 nostris
235 1146 328 1219 etiam
338 1145 437 1210 codd.
451 1149 624 1232 probatur.“
646 1145 699 1210 Pl.
722 1159 756 1209 ut
768 1148 864 1211 tribus
878 1146 976 1229 Pasa]
1000 1149 1155 1236 aliquem
1172 1170 1251 1213 cre-

106 1227 226 1312 dens-l
256 1231 403 1315 νομίζων
421 1227 542 1298 ἑαυτὸν
562 1226 658 1313 εἷναί,
676 1254 760 1297 τινα.
797 1232 906 1318 [quam
934 1233 1101 1298 dictionem
1121 1230 1252 1299 'illustrat

104 1316 192 1381 Pasa.
249 1318 337 1381 Haec
355 1320 447 1380 altera
463 1330 510 1381 est
522 1331 595 1381 nota
613 1331 643 1380 et
657 1319 765 1404 prioris
779 1319 942 1382 vitiifons:
964 1342 1037 1383 nam
1050 1322 1101 1384 isti
1117 1317 1251 1393 Graecos

104 1404 177 1483 vel,
265 1405 483 1489 loquebantur,
512 1401 678 1468 Graeculos
698 1402 770 1466 ideo
795 1408 1051 1489 aspernabantur,
1079 1407 1150 1493 quia
1166 1417 1252 1469 erant

106 1488 115 1502 ⁸
155 1489 165 1504 ‘
187 1501 363 1569 arrogantes
387 1511 421 1551 ac
444 1491 584 1575 superbi,
606 1491 740 1575 primum
761 1488 886 1575 quidem
906 1502 938 1552 ut
953 1489 1088 1555 Romani
1101 1492 1183 1557 cives
1201 1495 1253 1557 rel

102 1509 191 1675 libi,
208 1572 328 1723 llilbade
347 1585 379 1636 ut
394 1573 540 1656 dignitate
558 1577 658 1661 aliqua
680 1576 793 1654 ornati,
817 1581 869 1637 aut
886 1574 1008 1638 Romae
1023 1576 1083 1641 aut*
1094 1577 1128 1639 in
1148 1578 1251 1641 muni-

105 1681 134 1723 αι
236 1724 240 1733 ,
298 1681 326 1725 e.

132 1680 286 1819 &Italo
303 1740 394 1832 quod
406 1742 534 1809 leonore
554 1741 729 1831 supinus]
753 1743 791 1807 In
811 1743 989 1808 universum
1010 1766 1066 1809 eos
1080 1748 1300 1831 reprehen-163

51 1894 55 1901 ,
104 1826 168 1909 dit,
189 1831 244 1917 qui
259 1833 450 1913 obuhonores
471 1843 503 1896 et
517 1832 639 1916 publica
657 1851 802 1910 munera,
824 1831 1043 1916 qualiacunque
1062 1831 1188 1895 tandem

102 1917 460 2003 ment,.sttperbibant;
483 1917 540 1981 sed
559 1915 600 1979 ad
618 1916 823 1981 elevationem
845 1916 890 1977 rei
907 1917 995 2001 ponit
1014 1921 1193 2003 exemplum
1211 1854 1250 1981 ib

101 2000 183 2081 lius,
210 2002 265 2089 qui
276 2022 346 2075 uon
363 2001 485 2067 Romae
505 1984 685 2083 dfinitatem
708 2002 841 2086 aliquam
864 2003 1059 2082 obtinuisset,
1088 2025 1197 2066 verum
1216 2005 1249 2066 in

100 2087 208 2173 aliquo
226 2089 342 2153 manici
363 2089 465 2151 iorum
486 2085 607 2152 Italiae:
639 2087 691 2173 qui
709 2089 812 2149 honos
827 2086 916 2148 nihili
938 2088 1031 2151 fiebat
1049 2109 1068 2149 a
1088 2087 1250 2153 Romanis.

102 2111 408 2269 ,Senecapaterbll
427 2175 505 2238 libro
526 2172 720 2239 controvers.
746 2173 797 2249 [in
815 2168 990 2258 Exceptis,
1011 2195 1041 2258 p.
1064 2177 1126 2239 398
1147 2172 1186 2236 Bi
1210 2170 1247 2253 .]':
1284 2207 1289 2215 ,

102 2252 310 2331 Οαααοαιααο
327 2256 446 2341 ajebat
468 2256 510 2339 de
526 2258 596 2335 bic,
621 2256 680 2344 qui
696 2254 844 2321 honores
860 2255 897 2345 in,
912 2255 1113 2342 municipiis
1131 2196 1243 2322 ambi·
1316 2276 1321 2289 ’

99 2340 191 2419 dieue
234 2353 385 2409 cierent.-
411 2338 544 2409 Videor
559 2342 648 2407 mibi
663 2343 698 2406 in
710 2340 839 2405 somnis
856 2339 1029 2417 laborare.
1073 2374 1076 2382 =
1123 2370 1127 2385 ¹

216 2429 365 2514 opinus]
386 2431 537 2511 Arrogans
551 2443 582 2494 et
601 2431 696 2493 animi
717 2431 826 2494 vitium
838 2428 906 2515 ipso
930 2432 1017 2509 gestu
1040 2429 1173 2515 corporis
1191 2451 1248 2516 pa-

99 2518 165 2579 lam
185 2517 319 2581 faciens:
340 2529 387 2580 est
408 2539 504 2598 genus
526 2518 691 2579 hominum
708 2516 849 2601 superbia
865 2515 1055 2590 inflatorum,
1079 2517 1131 2600 qui
1144 2517 1247 2597 ingre-

99 2600 227 2667 diuntur
239 2601 319 2665 adeo
336 2614 436 2665 erecto
460 2624 587 2688 corpore
608 2615 697 2688 atque
716 2595 916 2684 ὑψαύχεοες,
941 2613 975 2661 ut
989 2601 1021 2664 in
1041 2603 1144 2663 coelos
1166 2602 1247 2663 oculi

99 2708 211 2751 eorum
226 2689 361 2751 ferantur
374 2711 439 2751 non
453 2691 550 2751 multo
567 2710 655 2751 secus
678 2709 712 2749 ac
734 2687 990 2788 resupinatorum:
1011 2687 1062 2749 isti
1079 2698 1150 2749 sunt
1169 2708 1246 2772 quos

96 2771 257 2858 Epictetus
278 2773 360 2858 apud
387 2774 547 2837 Arriauum
569 2774 626 2853 ait,
649 2795 709 2858 quo
732 2771 926 2837 admirationi
942 2772 1002 2834 sint
1025 2774 1184 2851 omnibus,
1204 2773 1247 2835 ita

96 2850 255 2937 ibcedere,
271 2860 357 2945 quasi
369 2882 445 2923 veru
463 2859 675 2940 deglutissent:
696 2859 739 2920 sic
752 2858 805 2919 ille
818 2856 887 2919 libri
898 2856 988 2942 primi
1003 2879 1068 2963 cap.
1078 2854 1179 2921 XXI:
1205 2855 1246 2921 Tl

98 2939 186 3027 cipiet
200 2942 279 3093 βιαιο
298 2939 391 3051 bulo]
415 2940 590 3029 ὀβελίσκον
611 2937 781 3007 καταπιών
802 2945 1004 3021 aspanorum
1026 2945 1169 3025 ebuloi,
1190 2940 1247 3005 ‘ivo

97 3049 140 3115 με
155 3050 201 3093 αα
234 3027 270 3099 οἱ
290 3033 500 3106 απαατῶοτες
521 3024 728 3112 θαυμάζωσι.
775 3024 884 3091 Graeci
906 3027 1018 3110 σοβεῖν
1034 3040 1063 3090 et
1082 3022 1247 3111 ὑααυχεῖο

97 3112 139 3181 de
152 3115 203 3179 bis
215 3129 378 3202 usurpant,
402 3119 477 3183 item
493 3111 704 3194 ἐξυπτιάζων.
758 3113 902 3178 Clemens
918 3112 1142 3187 Alexandrinus
1166 3112 1246 3179 Pae-

96 3199 213 3281 dagogi
224 3202 303 3265 libro
323 3201 370 3269 ΠΙ
390 3203 427 3283 [c.
445 3208 494 3269 11.
509 3224 539 3286 p·
555 3206 618 3275 296
632 3200 712 3267 Pott.
732 3223 760 3264 s.
777 3222 807 3285 p.
831 3203 891 3262 109
902 3220 953 3302 pr,
972 3198 1070 3281 sylb]
1096 3200 1175 3275 inter
1190 3222 1255 3269 ex-‚

95 3288 203 3373 empla
228 3287 366 3352 incessus
389 3289 545 3373 culpabilis
569 3288 657 3374 ponit
677 3281 714 3351 τὰ
737 3283 773 3351 ἐν
797 3286 870 3359 ταῖς
895 3284 986 3360 oecis
1009 3278 1160 3366 eubetius*
1185 3283 1242 3349 καὶ

55 3377 60 3383 ’
95 3368 335 3455 {imoimo
350 3372 574 3455 accubiturae
588 3372 634 3449 εἰς
648 3367 728 3447 τούς
743 3366 970 3453 tractaturos,
993 3370 1022 3439 al
1036 3365 1240 3451 ἀποβλέπον-

95 3472 154 3533 eeu
171 3456 219 3537 ele
232 3454 354 3529 αὐτόν·
378 3457 533 3541 καθάπερ
556 3456 610 3524 ἐπὶ
624 3460 746 3544 aequale
763 3451 1016 3540 ἑμαομαὲύοντα
1040 3453 1098 3537 καὶ
1119 3456 1242 3523 tiuare·
1336 3514 1338 3519 .

94 3538 392 3628 loduxiutiuevovr
421 3547 464 3609 ita
484 3544 628 3630 supinus
653 3546 723 3611 heic
746 3555 777 3607 et
796 3539 959 3627 supinere
980 3542 1062 3631 apud
1080 3541 1232 3611 Senecam
1240 3540 1295 3612 (⁸9)

94 3628 194 3709 lull,-
217 3628 270 3703 De
289 3631 448 3707 beneficiis
468 3631 566 3712 [13]:
604 3653 624 3701 ο
646 3652 688 3695 su
713 3626 809 3707 erbio
833 3649 992 3715 magnae.
1007 3625 1192 3709 fortunae!
1224 3649 1243 3689 o

94 3712 344 3805 stultissimum
359 3715 517 3781 erolum!
543 3760 551 3777 .
576 3762 584 3783 .
610 3766 619 3785 .
642 3653 745 3781 Lubet
762 3712 893 3779 interro
919 3711 1109 3799 ora-quid
1123 3721 1242 3778 tuoto-

92 3821 180 3887 pere
199 3808 233 3867 le
248 3802 387 3891 cupinet
403 3800 562 3882 [Gronove
577 3801 783 3888 resupinet],
808 3735 1047 3886 quidgvultum
1063 3796 1242 3865 habitum-

94 3909 162 3984 que
187 3887 259 4036 oprie
275 3896 475 3976 pervertat.
500 3896 539 3955 ut
561 3888 668 3955 molis
693 3884 821 3955 babere
842 3905 1030 3971 personam
1052 3907 1158 3973 quam
1173 3882 1242 3974 Jo-

95 3995 188 4037 ouem

184 4066 256 4129 130.
283 4057 447 4148 Fregeril
468 4057 626 4125 heminas
648 4055 771 4122 Arreti
793 4056 923 4140 [Goddz
945 4056 1068 4135 Areti3
1090 4081 1121 4122 v.
1138 4057 1187 4121 Pl.
1208 4057 1293 4145 p.¹64

95 4148 182 4229 171.]
207 4143 336 4213 ceditis
361 4145 529 4233 iniquae]
551 4146 642 4219 Ponit
656 4146 832 4231 exemplum
851 4142 1021 4229 dignitatis,
1042 4166 1120 4229 quae
1134 4165 1190 4229 per
1206 4165 1240 4213 se
1341 4160 1349 4173 ‘

95 4254 161 4299 uon
176 4254 310 4314 magnae
326 4233 387 4313 rei,
414 4233 536 4305 levibus
560 4242 663 4305 umen
679 4230 858 4299 hominibus
870 4230 1016 4315 inflandis
1033 4229 1181 4312 sufficiat:
1203 4249 1240 4305 eo

1211 4532 1214 4537 ,
1257 4490 1297 4528 i
