2700 4972
245 361 251 367 ’
316 396 320 401 ·
374 370 437 435 AD
459 370 967 443 tettsusatlttttrllt.
1174 385 1246 451 211

101 544 159 605 bos
183 540 503 629 animitranmionem
522 543 594 607 facit
616 556 706 631 atque
725 545 875 632 inspicere
895 570 954 613 nos
976 550 1018 615 ait
1036 560 1068 613 et
1079 554 1246 638 explorare

99 626 264 708 diligenter
282 627 414 707 debere,
436 652 511 694 num
531 631 565 691 in
589 633 694 695 annno
712 645 819 698 nostro
841 634 950 719 aliquis
969 634 1101 701 resideat
1119 641 1246 721 morbus

100 726 133 777 et
146 735 245 777 venas
259 716 355 778 veluti
368 725 492 795 tangere
511 715 623 780 debere
636 730 764 784 nostras.
806 718 889 783 Alter
901 719 934 785 id
949 742 1005 783 ceu
1019 720 1060 785 dc
1078 724 1158 787 febri
1177 736 1248 795 eor-

102 801 187 885 poris
210 800 361 885 accipiens
382 802 441 863 sibi
460 824 518 863 nee
559 814 643 866 ectus
661 807 760 867 calere
779 825 837 867 nec
860 818 999 869 exueres
1020 807 1131 888 frigere
1152 830 1247 895 seque

101 906 215 949 sanum
234 906 303 949 esse
323 887 471 951 refert.““
554 909 625 950 uam
643 888 785 953 dedimus
797 912 997 975 personarum
1010 891 1247 979 descriptionem
1314 927 1318 931 ·

102 993 182 1037 rece.
206 992 317 1035 omnes
341 973 590 1059 probaverunt.“]
1046 970 1050 977 ’

195 1051 235 1123 V
233 1057 340 1138 anau]
367 1059 514 1123 Arteriam
538 1081 647 1125 manus
669 1058 709 1123 ed
733 1047 951 1146 pericirdium,
980 1072 1014 1125 ut
1035 1063 1103 1129 fieri
1125 1074 1246 1129 amata

103 1140 235 1207 medicis
248 1140 405 1226 σφυγμὸν
424 1147 662 1230 explorantibus.
821 1184 825 1191 ,

190 1227 291 1297 Pone
303 1227 339 1293 ιά
349 1237 489 1312 pectore
503 1228 685 1309 texeram]
704 1225 859 1317 Πρόσαγε
872 1233 920 1318 τῷ
933 1227 1057 1317 στέρνῳ
1069 1226 1131 1317 τὴν
1141 1236 1247 1317 χεῖρα,

101 1316 243 1383 Julianus
256 1317 288 1377 in
304 1314 509 1403 Misopogone
522 1317 604 1395 [adv.
626 1315 716 1396 tttl:
737 1318 865 1403 impone
882 1317 966 1383 cordi
979 1341 1122 1399 manum3
1145 1332 1178 1382 ut
1191 1342 1248 1387 eto-

102 1406 213 1489 ploret,
233 1403 332 1486 qualis
352 1404 392 1465 sit
408 1405 474 1482 ejus
495 1405 659 1488 palpitatio.
956 1452 963 1467 .

195 1490 268 1555 108.
296 1483 366 1555 Nil
387 1487 481 1551 calet
502 1487 600 1568 teia]
632 1488 748 1557 Dextro
769 1487 874 1573 accipe
897 1487 938 1550 de
959 1491 1060 1553 calore
1078 1488 1246 1557 adventitio

105 1584 212 1639 contra
229 1584 388 1653 nemum,
417 1595 591 1660 quanquam
615 1574 738 1637 medico
768 1576 909 1639 arteriam
934 1577 1075 1655 tangenti
1091 1599 1153 1643 non
1183 1589 1248 1639 tam

104 1662 191 1725 calor
203 1656 467 1725 inorbiindicium
483 1662 556 1723 lacit
574 1680 667 1745 quam
686 1663 791 1745 pulsus
811 1660 956 1743 quabtas3
976 1661 1052 1725 item
1070 1684 1142 1725 cum
1162 1663 1248 1725 cordi

105 1756 237 1817 merium
252 1744 408 1831 ληφθῶ,
434 1746 548 1809 modus
570 1747 795 1832 palpitationis:
823 1746 895 1829 quia
912 1757 1015 1809 tamen
1036 1750 1101 1810 iere
1120 1752 1249 1827 conjun-

105 1838 344 1915 guntur'rnottts
364 1827 456 1911 παρὰ
480 1824 586 1914 φύσιν
608 1844 639 1894 et
662 1834 744 1895 calor
762 1829 948 1897 immodicus
969 1844 1023 1895 eut
1042 1833 1153 1914 frigus,
1175 1834 1247 1897 ideo

105 1920 236 1985 oltenrnr
255 1936 312 2003 pro
331 1918 427 1985 altero
450 1919 561 2003 posuit.
592 1916 652 1993 [Gi.
665 1916 724 1997 ΡΙ.]

137 2028 143 2037 ·
189 1998 415 2088 Summoeque
439 2000 546 2087 pedes
565 2000 700 2090 attinge
726 2004 937 2089 manusque]
970 2003 1040 2064 Hoc
1061 2024 1184 2089 quoque
1207 2024 1249 2071 cx

103 2098 166 2152 arte
185 2086 394 2167 medicorum,
415 2111 433 2152 e
454 2108 644 2151 summarum
665 2109 815 2151 manuum
835 2091 887 2153 rel
907 2099 1115 2151 extremorrun
1131 2089 1248 2176 pedum

103 2177 204 2257 calore
227 2185 280 2238 aut
293 2175 406 2254 frigore
419 2173 566 2252 judicium
589 2175 629 2237 de
650 2173 825 2238 valetudine
840 2176 950 2239 facere.

189 2264 263 2325 109.
289 2253 331 2323 V
325 2259 381 2322 isa
402 2269 454 2323 eet
478 2260 510 2323 ei
524 2256 621 2346 forte
641 2259 810 2344 pecurtia,
834 2259 876 2340 e.]
904 2258 1085 2345 Respondet
1107 2259 1248 2345 philoso-

100 2348 182 2433 plrus
204 2358 237 2409 et
256 2344 341 2430 quod
364 2366 456 2431 sopra
478 2343 514 2410 iv
537 2346 713 2430 παραβολῇ
733 2345 824 2423 dixit,
854 2347 976 2432 plenius
999 2368 1082 2409 nunc
1103 2344 1247 2412 ostendit.

79 2434 149 2495 -Ait
162 2431 255 2513 igitur
266 2453 330 2493 non
343 2452 436 2516 posse
450 2433 537 2494 illum
557 2454 612 2518 pro
629 2454 706 2495 sano
725 2432 845 2511 haberi,
868 2432 922 2517 qui
937 2433 1097 2511 avaritiae,
1117 2430 1248 2511 libidini,

102 2519 249 2595 luxuriae,
271 2519 368 2579 metui
380 2530 469 2603 atque
482 2520 560 2597 irae,
582 2519 743 2581 teterrimis
764 2519 860 2583 enirni
874 2518 1007 2597 morbis,
1027 2519 1067 2583 sit
1083 2519 1248 2583 obnoxius.

106 2601 267 2683 Quoniam
282 2615 385 2681 autem
408 2612 502 2690 saepe
525 2606 653 2667 affectus
669 2606 781 2683 latent,
803 2624 875 2667 cum
896 2605 947 2671 rel
965 2615 1067 2667 metus
1089 2602 1176 2667 adest
1196 2606 1300 2666 vel310

101 2690 161 2753 illis
176 2682 298 2752 occasio
316 2687 403 2753 deest
421 2710 455 2752 ee
476 2688 633 2752 exerendi:
654 2703 815 2785 propterea
829 2691 880 2751 bic
891 2691 1110 2775 philosophus,
1134 2696 1317 2769 gnarusssssil

103 2796 177 2853 vere
201 2773 317 2835 dictum
340 2768 461 2853 objecto
484 2776 604 2839 moveri
624 2765 794 2865 potentiani
799 2823 819 2855 ,‚
836 2778 921 2840 velut
941 2774 973 2835 in
994 2786 1146 2837 certamen
1163 2776 1246 2839 hunc

88 2856 408 2945 tmisopbilosophum
421 2858 563 2939 adducit,¹
581 2872 613 2922 ut
632 2862 712 2925 vires
727 2883 798 2924 suas
820 2861 1017 2961 periclitetur:
1038 2860 1117 2941 Age,
1138 2860 1245 2945 inquit,

104 2945 131 3011 ei
167 2952 292 3009 'raesens
306 2948 425 3009 lucrum
436 2968 471 3011 se
492 2948 609 3025 offerat,
629 2958 719 3033 potes
732 2945 807 3008 illud
823 2958 864 3006 tta
885 2968 1045 3037 spernere,
1067 2958 1100 3007 ut
1114 2948 1178 3025 ejus
1194 2968 1247 3009 cu-

105 3032 138 3123 pi
162 3032 235 3103 'tate
249 3053 312 3093 nou
326 3032 506 3098 moveatis?
535 3044 582 3112 et,
605 3031 688 3117 quod
705 3033 747 3093 ait
766 3033 798 3093 in
837 3032 919 3093 uinta
934 3030 1037 3111 [111],

124 3138 128 3143 ·
192 3112 237 3179 In
254 3114 327 3178 luto
341 3112 462 3201 fixum
473 3116 565 3201 potis
587 3139 623 3178 es
647 3054 892 3183 transcendere
912 3113 1118 3178 rtunzmum?

106 3202 182 3290 quid
204 3204 232 3266 si
246 3203 366 3265 occasio
385 3224 421 3265 se
441 3204 583 3267 obbrlerit
603 3202 738 3267 lrbrdrnrs
761 3198 964 3281 exercendae,
986 3213 1073 3287 potes
1091 3200 1133 3263 ita
1146 3201 1248 3265 virum
1276 3260 1284 3267 .

103 3302 136 3355 te
147 3290 313 3383 praebere,
334 3300 419 3351 utne
435 3291 660 3353 cominovearis
676 3288 825 3377 quidem?
853 3287 914 3367 [Cf.
929 3288 1013 3349 alior.
1025 3288 1110 3349 locos
1124 3308 1172 3435 pp.
1187 3286 1245 3367 ΡΙ.]

195 3380 266 3441 111.
291 3370 360 3436 Cor
381 3372 446 3437 tibi
466 3372 531 3439 rite
549 3373 677 3454 solist]
708 3376 911 3461 Hippocrates
933 3374 1061 3437 diceret:
1098 3394 1122 3435 π
1152 3375 1248 3456 peric

104 3458 250 3543 καρδίας
263 3458 473 3545 διασημαίνει
491 3456 530 3524 τὸ
551 3457 656 3543 ἅλμας
691 3458 799 3524 cordis
824 3459 939 3545 duplex
959 3471 1078 3537 motus,
1106 3452 1247 3537 tasnat-

100 3566 196 3631 ρετος
210 3558 242 3608 et
254 3542 290 3609 bt
301 3542 549 3627 προαιρέσεωςε
569 3548 621 3609 ille
632 3546 815 3611 valetudinis
827 3544 880 3608 dat
891 3544 1047 3624 indicium,
1069 3544 1120 3607 hic
1134 3546 1246 3609 volun-

100 3635 170 3697 tatis
186 3644 218 3695 et
233 3633 375 3695 affectus:
397 3654 469 3694 eum
484 3635 567 3695 enim
585 3635 702 3696 habent
720 3653 904 3695 consensum
920 3630 1080 3716 phantasia
1095 3641 1185 3715 atque
1196 3631 1247 3691 in-

101 3722 241 3783 tellectus
259 3738 330 3780 eum
343 3714 449 3797 corde,
471 3730 505 3780 ut
522 3717 562 3780 ad
579 3721 714 3781 oblatam
734 3719 871 3809 speciem
890 3718 966 3780 boni
980 3719 1032 3780 vel
1050 3716 1125 3777 mali
1143 3727 1247 3780 motus

98 3805 201 3868 cordis
215 3794 317 3866 statim
332 3813 457 3889 aptetur,
472 3816 571 3888 atque,
586 3815 622 3867 ut
633 3805 686 3867 ille
699 3805 749 3883 ait,
766 3811 879 3865 motus
889 3800 1004 3865 cordis
1018 3798 1133 3865 salum
1148 3821 1247 3864 men·

99 3890 145 3953 tia
162 3887 316 3952 initient:
336 3890 386 3950 hic
401 3901 447 3952 est
465 3891 560 3951 animi
577 3894 705 3953 morbus
722 3883 915 3971 παλμώδης,
938 3910 1030 3975 quem
1046 3898 1138 3952 vocat
1155 3887 1245 3950 Philo

98 3974 255 4061 ludaeos,
276 3976 310 4036 in
324 3976 376 4039 lib.
400 3974 450 4038 De
467 3975 561 4037 Abele
584 3987 615 4036 et
638 3975 752 4038 Caino:
775 3970 874 4050 ὅταν,
897 3974 953 4054 ait,
982 3966 1047 4054 ἤδη
1067 3966 1245 4061 πορηβήσῃ

99 4058 157 4127 καλ
172 4056 194 4144 ἦ
212 4062 284 4124 τῶν
300 4062 422 4124 παθῶν
436 4054 617 4143 τολμώσης
628 4057 732 4137 νόσος
745 4052 888 4165 μαλᾶσῃ,
912 4058 1064 4139 καθάπερ
1087 4058 1246 4140 νηνεμίας

101 4142 336 4230 ἐπιγενομένης
358 4141 491 4227 ἄρχεταί
510 4168 560 4221 τις
581 4143 730 4230 γαλήνην
750 4164 853 4226 αγενν.
898 4144 938 4207 Et
958 4144 1140 4207 luculentius
1159 4143 1265 4227 idem·

102 4236 193 4313 alibi,
216 4232 257 4295 de
275 4234 355 4295 cultu
369 4234 465 4295 anirni
481 4235 626 4337 locprens:
650 4229 732 4297 ὅταν
744 4228 781 4297 di
796 4234 968 4319 παλμῶνας
981 4229 1017 4296 ὲν
1029 4232 1120 4311 ψυχῇ
1133 4223 1245 4303 πάθος

103 4314 201 4401 ὠμόν
216 4313 368 4400 γένηται,
390 4332 561 4401 ννησμονς
573 4313 596 4400 ἢ
610 4313 858 4409 γαργαλισμούς
877 4316 911 4394 ἐξ
938 4312 1064 4401 ’ἡδονῆς
1084 4310 1243 4399 discedo·

103 4406 182 4490 μίας
193 4401 219 4491 ἢ
232 4398 335 4471 πάλιν
349 4400 497 4487 δηγμούς
510 4424 543 4469 ca
558 4403 613 4468 καὶ
627 4406 743 4480 πτοίας
757 4402 792 4473 ἐκ
812 4398 924 4487 φόβον
940 4401 995 4469 καλ
1009 4396 1117 4485 λήθης
1135 4396 1245 4479 ἐμποι-

105 4496 185 4571 οῦν,
211 4486 525 4574 νροευτρεαοσθλνει
543 4491 696 4581 σωτηρίῳ
715 4488 909 4557 πεπαίνεται
920 4483 1118 4640 φαρμμλμιμ·
1138 4484 1244 4570 Itaque
