2700 4972
336 110 399 179 an
428 84 597 177 rnasrl
628 108 850 213 sarrano
876 108 924 175 11.
1021 186 1024 199 ,
1134 115 1198 181 raa

588 589 667 662 AD

55 786 522 925 sauream
633 744 1293 900 sucurram

57 1102 167 1210 Haec
180 1133 279 1200 Satira
297 1132 510 1216 gravissimum
525 1134 658 1197 continet
671 1146 894 1214 argumentum,
916 1130 960 1197 de
968 1133 1134 1221 precibus
1151 1152 1250 1208 ao169

57 1220 166 1298 votis,
188 1244 209 1285 e
227 1221 431 1308 penetralibus
455 1224 520 1301 ejus
545 1221 761 1306 philosophiae
783 1218 1014 1307 depromptum,
1045 1244 1123 1308 quae
1143 1225 1219 1287 fuit‘

57 1309 214 1377 veteribus
227 1307 415 1393 sapientibus
434 1328 490 1391 pro
513 1307 682 1386 theologia:
704 1328 779 1368 nam
792 1304 984 1382 Densesset
1006 1329 1046 1371 an
1069 1331 1148 1388 non,
1171 1322 1202 1373 et

58 1405 178 1459 omnes
196 1393 337 1456 mortalia
358 1414 471 1471 necne,
496 1395 530 1453 in
552 1392 687 1477 physicis
712 1393 775 1455 suis
793 1393 929 1477 plerique
944 1393 1202 1479 philosophorum

58 1481 295 1567 quaesiverunt,
307 1500 427 1545 ,eorum
440 1499 525 1555 vero,
540 1498 618 1563 quae
635 1477 675 1539 ad
690 1471 847 1559 ὁσιότητα
860 1481 1038 1562 spectabant
1053 1492 1084 1541 et
1097 1482 1202 1543 homi-

59 1584 135 1629 num
158 1563 306 1638 adversus
329 1562 405 1627 deos
431 1565 550 1641 officia,
572 1575 689 1648 partem
707 1584 853 1642 magnam
870 1568 903 1624 in
926 1565 1025 1626 ethica
1043 1563 1202 1677 disciplina

59 1663 131 1717 sunt
143 1651 307 1736 complexi.
349 1649 424 1728 Ejus
440 1649 559 1730 generis
581 1660 628 1711 est
647 1647 746 1711 Satira
765 1650 857 1710 haec:
880 1649 929 1710 cui
944 1649 971 1711 si
990 1662 1123 1712 metrum
1146 1651 1203 1715 de-
1269 1726 1272 1731 1

58 1740 180 1816 trahas,
193 1737 272 1801 nihil
285 1737 330 1798 illi
342 1734 382 1797 ad
394 1735 641 1820 philosophicam
655 1735 834 1814 gravitatem
853 1734 998 1813 defirerit,
1019 1756 1084 1797 non
1102 1738 1206 1818 magis
1307 1732 1310 1737 ’

59 1844 155 1910 quom
175 1823 267 1885 alicui
288 1821 452 1887 ePlatonis
467 1820 551 1884 libris
564 1819 757 1884 Plutarchire
778 1832 830 1881 aut
846 1822 978 1898 cujusvis
1000 1823 1131 1885 aliorum
1150 1825 1203 1887 vel

59 1910 180 2001 primae
204 1900 297 1971 notae
321 1907 588 1993 philosophorum.
636 1903 721 1968 Inter
742 1907 841 1969 varias
868 1918 972 1968 autem
999 1909 1202 1992 quaestiones,

60 1992 267 2082 quae-cadunt
287 1993 320 2054 in
340 1994 552 2083 trpctationem
568 1988 645 2070 περὶ
659 1985 831 2074 ὁσιότητος
850 2003 881 2055 et
897 1991 937 2054 de
958 2014 1032 2058 vero
1057 1995 1203 2080 supersim

61 2082 162 2160 cultu,
183 2100 249 2143 non
261 2079 389 2141 minima
408 2090 455 2141 est
467 2079 535 2156 illa,
558 2099 636 2162 quae
654 2076 693 2139 de
712 2089 795 2143 recte
817 2076 933 2139 orando
956 2080 1083 2153 nurnine
1103 2078 1204 2165 deque

60 2166 145 2233 rotis
156 2164 306 2229 faciendis
319 2166 395 2245 agit:
415 2165 576 2249 multiplex
597 2164 682 2225 enirn
701 2165 980 2227 mortaliumerror
992 2165 1025 2226 in
1039 2168 1098 2227 hac
1116 2177 1203 2251 parte
1305 2186 1309 2195 ’

61 2254 144 2319 solet
162 2251 295 2329 versari,
318 2262 353 2312 ut
372 2273 436 2312 non
453 2250 519 2313 sine
537 2248 648 2312 *caussa
666 2248 763 2311 Stoici
783 2250 1005 2334 pronuntiarint
1026 2253 1128 2314 solum
1144 2266 1254 2321 rra-170

83 2338 93 2353 '
133 2349 201 2410 ,tem
212 2337 289 2401 scire
306 2356 392 2398 orare
412 2349 510 2414 recte,
532 2337 632 2398 solnm
651 2356 718 2399 esse
735 2333 934 2399 sacerdotem.
979 2336 1138 2401 Hierocles
1154 2335 1204 2414 [ad

60 2358 156 2506 byth
175 2420 216 2487 V.
236 2428 264 2485 1.
283 2443 314 2506 p.
329 2424 380 2486 25.
405 2420 454 2485 ed.
467 2415 708 2500 'Parislzdhev
724 2418 781 2487 ναὶ
800 2416 905 2502 μόνος
925 2418 1033 2502 ἱερεύς
1055 2416 1074 2486 ὁ
1096 2418 1206 2504 σοφός

10 2562 15 2573 .
62 2507 204 2593 λόγιτιιι,
225 2506 352 2586 (Stoicis
367 2529 498 2593 nempe,
519 2505 663 2586 Diogene
684 2519 760 2571 teste
775 2528 809 2570 ac
822 2503 993 2590 Stobaeoz)
1012 2500 1205 2591 μόνοςθεο-
1252 2562 1255 2569 .

63 2588 186 2679 pulsio,
212 2587 316 2675 μόνος
341 2588 437 2667 εἰδώς
457 2587 639 2668 adtrahat.-
665 2614 766 2677 neque
790 2595 868 2655 haec
887 2604 1007 2656 tantum
1029 2593 1206 2657 Stoicorum
1277 2642 1287 2671 ,

11 2726 36 2737 ,ι
62 2682 123 2757 fnit
139 2680 300 2756 sententia,
321 2678 378 2741 sed
398 2690 428 2740 et
442 2679 700 2764 philosophorum
716 2679 861 2756 aliorum,
884 2679 937 2762 qui
950 2680 982 2740 in
997 2682 1059 2741 hoc
1075 2702 1207 2745 consen-

14 2804 21 2831 .·
63 2768 160 2846 tium,
199 2765 332 2847 ropriam
365 2765 522 2849 hilosophi
541 2763 666 2826 laudem
687 2785 754 2826 esse
774 2765 854 2826 bene
868 2761 975 2827 Deum
991 2785 1087 2826 orare.
1130 2765 1257 2839 Mater)

62 2854 169 2917 ximus
176 2787 295 2933 Psyrius
310 2849 346 2913 X
383 2849 426 2912 X.
449 2849 675 2913 dissertatione:
699 2844 741 2917 όὶν
763 2843 871 2932 ἐξέλῃς
890 2852 952 2913 τοῦ
970 2849 1048 2933 βίον
1067 2853 1207 2932 φιλοσο-

36 3006 39 3011 ,
64 2936 168 3019 plns,
191 2932 308 3013 ἐξεῖλες
322 2931 428 3000 αὐτοῦ
445 2931 484 2999 τό
499 2931 669 3015 ζόιιυρον,
690 2930 729 2999 τό
745 2928 911 3016 ἔμπνουν,
933 2930 971 2999 τό
990 2930 1145 3013 ζωτικὸν,
1166 2932 1205 3003 τό

63 3020 172 3107 μόνον
188 3018 349 3105 εὔξασθαι
360 3017 585 3103 ἐπιστάμενον.
628 3019 692 3083 Sed
705 3042 769 3083 non
788 3019 950 3082 defuerunt
963 3022 1039 3085 olim
1060 3022 1112 3106 qui
1129 3022 1206 3087 deos

63 3120 215 3191 negarent
228 3130 297 3173 esse
317 3107 464 3171 orandos:
487 3127 566 3191 quae
588 3106 646 3168 fuit
667 3107 817 3169 sententia
841 3105 1079 3188 Cyrenaicorum
1103 3110 1208 3193 philo-

65 3196 256 3283 sophorum,
274 3204 307 3256 ut
319 3195 423 3261 scribit
443 3192 604 3271 Clemens,
627 3203 717 3276 atque
738 3192 880 3255 omnium
899 3194 1038 3271 illorum,
1060 3195 1112 3278 qui
1127 3194 1210 3259 divi·

65 3279 385 3367 nam-providentiam
403 3282 570 3359 negabant,
592 3299 723 3363 quorum
742 3279 896 3364 praecipui
915 3281 1038 3341 fuerunt
1047 3279 1207 3364 Epicurei:

64 3369 129 3433 hoe
146 3366 233 3431 enim
255 3368 353 3429 semel
379 3367 496 3450 posito,
526 3386 652 3449 superos
674 3367 809 3427 humana
831 3387 896 3426 non
921 3386 1042 3442 curare,
1074 3364 1209 3451 sequitur

67 3451 242 3517 necessario
254 3454 363 3515 frustra
376 3472 445 3514 esse
466 3452 517 3535 qui
536 3472 631 3536 opem
653 3451 722 3513 illos
733 3461 870 3535 poscant.
912 3448 1009 3534 Atque
1026 3453 1116 3530 hujus
1136 3473 1209 3515 sen-

66 3538 184 3602 tentiae
202 3537 614 3619 etimhristotelem'fuisse
639 3536 722 3622 apud
742 3534 871 3597 Sextum
888 3533 1076 3621 Empirioum
1093 3538 1208 3602 scimus

67 3625 145 3705 legi:
168 3621 226 3687 sed
239 3645 298 3686 nos
314 3644 437 3686 summo
457 3623 525 3687 viro
548 3622 690 3701 injuriam
710 3622 776 3683 fieri
799 3643 863 3683 non
880 3619 1063 3686 dubitamus.
1106 3622 1209 3686 lllaxi-

67 3731 139 3781 mus
151 3730 229 3774 vero
245 3709 366 3790 Tyrius,
388 3709 571 3789 cognomine
584 3708 776 3784 Platonicus,
798 3705 872 3791 quid
889 3728 1035 3792 supereo
1052 3711 1209 3788 censuerit,

69 3819 110 3869 ex
126 3799 192 3881 ejus
207 3793 334 3858 diatriba
351 3795 415 3872 illa,-
435 3797 520 3873 cujus
532 3792 628 3855 modo
645 3792 854 3870 meminimus,
870 3793 939 3855 sciri
954 3804 1064 3878 potest.
1100 3793 1210 3857 Enim-

69 3904 145 3947 vero
165 3881 219 3969 qui
230 3891 375 3961 negarent
394 3902 461 3944 esse
473 3878 641 3956 orandum,
662 3878 837 3963 paucissimi
850 3889 969 3941 tantum
985 3880 1093 3943 furriosi
1108 3882 1210 3965 philo-

70 3968 178 4055 sophi,
200 3979 308 4053 postea
322 3966 487 4029 deteriores
503 3967 552 4028 his
572 3976 604 4027 et
624 3965 782 4051 pauciores
801 3965 950 4027 haeretici·
966 3967 1004 4028 ab
1027 3968 1113 4029 omni
1130 3986 1209 4031 aevo

70 4055 253 4118 extiterunt:
275 4063 307 4115 at
324 4054 406 4114 male
421 4074 507 4115 orare
519 4074 583 4115 non
598 4073 783 4136 paucorum,
800 4049 857 4113 sed
878 4051 1018 4113 omnium
1035 4051 1212 4117 mortalium

45 4160 49 4164 ·
72 4140 248 4205 communis
262 4160 345 4203 error
353 4160 476 4223 semper
486 4139 558 4215 fuit,
581 4139 620 4201 iis
637 4138 710 4200 solis
724 4138 874 4223 exceptis,
916 4138 977 4198 uia
993 4157 1068 4200 vcro
1087 4137 1213 4221 sapiam

72 4229 131 4291 tiae
147 4225 276 4289 doctore
297 4223 427 4289 finissent
451 4222 575 4287 eruditi:
604 4225 685 4286 bene
701 4221 785 4297 enim
804 4242 892 4285 orare
938 4244 1025 4301 eum,
1046 4233 1080 4285 ut
1095 4223 1212 4287 alicubi
