2700 4972
538 236 550 273 x
578 228 582 233 .

84 348 89 357 ’
157 338 223 407 em
521 296 921 423 courunurtmus

246 502 316 571 Gur
329 503 406 592 quis
424 503 686 593 naupraedam,
707 504 854 583 honest]
884 504 979 588 Quod
998 508 1070 594 quia
1085 519 1194 573 contra
1209 532 1292 576 corn-

158 614 285 681 munem
297 592 510 669 Romanorum
526 592 792 674 consuetudinem„
805 592 885 658 *ideo
908 595 1004 683 notati
1020 596 1072 681 qui
1085 598 1232 689 facerent

124 694 127 699 ¹
177 688 182 703 )
202 716 253 777 86.
275 702 343 775 Hit
358 710 505 797 populus
521 709 636 793 ridet]
658 713 704 777 Ita
723 725 803 776 recte
825 692 961 777 veteres:
984 710 1076 776 ridet
1097 736 1156 801 pro
1179 714 1299 797 arridet·

158 800 368 862 assentitur'et
389 798 518 884 plaudit:
540 820 618 861 unus
639 811 699 877 est,
723 801 966 885 quiconvitiuin
985 801 1176 886 philosopho
1198 804 1291 881 faciat,

125 935 130 943 ,
158 883 215 947 sed
234 887 323 963 hujus
359 884 534 945 etulantiam
548 905 656 951 omnes
671 885 723 968 qui
745 883 869 946 adstant,
883 905 961 947 voce
983 896 1130 969 gestuque
1156 908 1225 949 com
1246 910 1290 949 ro-

157 972 241 1032 bant.
279 906 409 1047 [Eadem
428 972 492 1031 fere
513 971 553 1031 oh
583 971 712 1033 aliorum
733 968 905 1033 dissensum
931 973 1036 1055 paullo
1059 972 1199 1059 pluribus
1224 909 1289 1035 iim

158 1055 257 1123 Web.
277 1050 358 1117 His·
370 1055 391 1119 i.
406 1075 435 1119 e.
452 1053 492 1116 ad
509 1057 607 1133 haec]

220 1169 438 1258 Multumque
454 1180 570 1246 torosa
578 1170 921 1256 juventuleurentus
933 1173 1059 1237 militiae
1072 1173 1179 1238 dedita
1195 1178 1297 1239 etlrir-'

115 1295 116 1299 =
159 1277 231 1323 cosa
245 1276 319 1339 gens
333 1260 558 1321 centurionum:
579 1280 653 1321 nam
668 1258 706 1321 de
723 1259 836 1332 iisdem
853 1259 1075 1346 accipiendum.
1109 1261 1225 1341 [„hlalo
1243 1264 1282 1325 in-

112 1360 131 1367 ··
157 1346 291 1425 telligere
305 1349 499 1424 juventutem
517 1344 692 1406 Romanam
711 1346 868 1421 universe,
890 1366 968 1430 quae
989 1345 1100 1409 studiis
1122 1369 1189 1409 non
1209 1368 1280 1409 ener-
1302 1404 1309 1421 ,

156 1434 228 1507 vata
245 1429 352 1491 dicitur
370 1440 496 1503 torosa,
519 1431 593 1492 toris
607 1431 709 1491 mollis
724 1441 761 1491 et
775 1431 943 1509 luxurians,
966 1431 1160 1517 philosophis
1175 1432 1277 1517 pallidis

156 1529 189 1577 et
203 1517 363 1599 impransis
384 1516 560 1577 contraria.“
583 1512 638 1578 Pl.
655 1516 785 1600 optime,
808 1513 847 1577 de
865 1517 941 1578 vitio
955 1527 1057 1578 autem
1078 1518 1214 1603 usurpati
1230 1538 1276 1581 ro-

102 1656 104 1669 .
157 1623 227 1665 cem
247 1610 382 1662 torosus
402 1603 511 1684 pr'obat
531 1601 605 1663 locis
618 1601 814 1681 Hieronymi,
835 1600 974 1685 inprimis
994 1602 1071 1665 hoc:
1087 1600 1275 1667 For-moult

155 1683 268 1751 nostri
289 1695 326 1748 et
345 1681 539 1747 torosuli
564 1694 600 1748 et
626 1683 686 1748 vix
713 1683 856 1747 summis
872 1682 1017 1769 pedibus
1039 1682 1272 1751 adumbrantes

153 1769 323 1921 ereptipia,
354 1788 500 1857 quorum
521 1768 628 1836 uerba
651 1771 687 1835 iu
712 1769 840 1860 pugnis
866 1779 947 1835 suut
970 1780 1005 1835 et
1031 1770 1271 1863 syllogismiia
1309 1780 1314 1829 t

154 1879 198 1923 ca
214 1862 246 1921 ei
270 1859 330 1937 ree-J
1305 1872 1314 1899 ⁸

240 1981 293 2043 87.
315 1944 516 2060 Ingeminai
532 1972 697 2040 tremulos
711 1997 795 2040 uaso
813 1950 987 2063 crispante
1004 1974 1211 2059 eaebirmoe]
1233 1974 1269 2041 Itu

151 2063 353 2128 vehementer
372 2061 476 2124 irridet
495 2083 531 2124 ac
554 2064 766 2136 cachinnatur,
787 2073 822 2124 ut
836 2074 937 2125 totum
959 2084 994 2124 eo
1031 2085 1066 2126 us
1087 2064 1270 2126 concutiatet

152 2170 264 2245 nusum
278 2149 312 2209 in
326 2168 415 2228 rugas
435 2149 606 2229 contrahat,
627 2146 710 2210 unde
727 2168 856 2233 rugosa
871 2169 981 2211 sanna
996 2086 1102 2219 ¹balina
1115 2148 1148 2213 V
1167 2148 1237 2231 [91].

240 2271 293 2332 88.
323 2264 482 2351 Inspice:
503 2269 615 2330 nescio
637 2264 722 2353 quiri
743 2264 897 2351 trepidat
917 2264 1005 2329 mibi
1022 2271 1169 2353 peetus]
1199 2268 1277 2347 ttue·
1313 2337 1317 2345 ¹

101 2352 328 2439 2991espond'et
348 2352 454 2415 doctor
472 2352 592 2416 Stoicus
610 2355 659 2416 isti
672 2354 885 2439 philosophiae
900 2355 1111 2440 ¹vituperatori.
1161 2354 1272 2418 summa
1314 2364 1318 2393 ¹

151 2438 360 2527 responsionis
376 2449 436 2500 est:
460 2440 511 2523 qui
534 2442 634 2521 alieno
648 2451 718 2501 sunt
733 2440 835 2500 animo
850 2461 867 2501 a
882 2441 1047 2525 sapientiae
1060 2438 1181 2520 studio,
1201 2441 1274 2504 simi-

152 2525 197 2586 les
214 2524 349 2599 esse-iis,
373 2522 425 2606 qui
439 2527 548 2586 morbo
564 2527 703 2586 laborant
725 2536 755 2585 et
768 2524 923 2585 medicum
943 2538 1104 2610 respuunt:
1127 2548 1230 2612 quare,
1242 2534 1274 2587 ut
1308 2584 1313 2597 ,

150 2609 197 2673 itti
211 2611 346 2688 neglecta
360 2607 473 2669 medici
490 2611 642 2671 curatione
653 2611 811 2687 intereunt,
828 2610 871 2671 sic
886 2609 945 2688 isti,
961 2609 1036 2671 dum
1052 2612 1274 2697 philosophiam,

55 2753 59 2761 ,
142 2715 231 2783 -quae
259 2693 433 2755 animorum
453 2693 604 2755 medicina
633 2706 694 2773 est,
724 2706 935 2779 aspernantur,
958 2694 997 2765 ,in
1016 2697 1087 2757 vitia
1101 2698 1274 2783 praecipiter

150 2790 255 2857 munt,
277 2800 355 2864 quae
375 2778 459 2864 ipsos
482 2781 563 2842 male
581 2779 707 2841 tandem
722 2779 859 2865 perdant.
902 2780 971 2841 Hoc
987 2783 1097 2843 volunt
1117 2780 1275 2845 novemde-
1316 2804 1318 2809 ·

153 2864 214 2927 cim
230 2866 282 2949 qui
301 2876 464 2950 sequuntur
480 2886 595 2928 versus.
640 2864 702 2927 sea
729 2865 857 2927 auctoris
882 2877 1019 2927 mentem
1040 2869 1182 2930 obseurat
1199 2888 1275 2929 corn-

150 2951 334 3036 parationis,
369 2972 461 3036 quam
483 2949 632 3029 diximus,
663 2951 776 3013 omissa
799 2952 918 3035 penitus
947 2953 1158 3035 parsaltera:
1187 2954 1275 3015 solaro

150 3038 236 3098 enim
256 3036 405 3122 protasim
427 3038 545 3122 posuit,
575 3036 735 3123 apodosim
762 3037 881 3120 reliquit
910 3035 1040 3098 auditori
1067 3037 1275 3123 supplendam:

148 3121 234 3207 quod
248 3121 374 3206 quidem
386 3143 424 3184 eo
441 3133 487 3185 est
502 3123 631 3202 facilius,
654 3123 723 3206 quia
737 3124 837 3182 morbi
859 3122 1019 3206 appellatio
1043 3125 1216 3187 communis
1229 3132 1275 3193 ,est

150 3210 285 3294 corporis
302 3208 455 3293 uniruique
469 3206 564 3285 vitiis,
585 3219 619 3270 ut
633 3218 704 3270 ante
724 3206 910 3269 dicebamus.

234 3330 286 3390 89.
319 3324 369 3390 Et
399 3322 516 3411 aegris
545 3320 723 3388 Faucibus
758 3333 943 3409 exsuperat
970 3322 1095 3411 gravis
1125 3324 1273 3407 balitus]

145 3402 286 3494 Ἐρυγήε
305 3411 378 3474 ride
391 3432 482 3487 mox3
501 3432 558 3555 pro
579 3419 763 3494 exsuperat
781 3412 831 3472 alii
845 3413 915 3472 libri
929 3408 1092 3494 exsudat3
1115 3413 1202 3493 [editi
1253 3413 1260 3427 '

149 3496 240 3574 dem3
263 3496 400 3574 codices,
421 3495 499 3556 utri
522 3507 600 3574 etur,
623 3498 711 3576 nulli,
733 3500 864 3581 praelert
883 3508 987 3558 tamen
1007 3434 1276 3561 adsentienteiiia

147 3582 213 3645 mio
227 3584 341 3647 wer:
363 3582 453 3666 „quia
464 3579 587 3666 gravis
603 3579 742 3661 halitus,
760 3583 866 3666 inquit,
885 3581 1012 3661 additur,
1035 3582 1195 3663 exsudat,
1217 3584 1275 3647 ie.

147 3689 261 3748 magno
286 3690 356 3730 eum
377 3670 480 3729 labore
500 3667 673 3728 minutatim
701 3669 823 3751 vaporis
854 3667 951 3730 modo
984 3670 1147 3749 emittitur,
1178 3668 1275 3733 ceteris
1293 3676 1318 3757 'a'

50 3796 52 3803 ·
145 3755 326 3815 lectionibus
340 3753 539 3838 praestantior
551 3763 605 3814 est.
647 3751 754 3836 Neque
767 3756 875 3831 obstat,
891 3752 975 3838 quod
991 3776 1030 3816 ex
1046 3756 1177 3818 neutrali
1190 3772 1275 3817 sensu
1308 3732 1318 3779 Ἰ·

146 3838 321 3922 accipienda
343 3850 403 3918 est3
430 3859 461 3901 v.
482 3837 568 3916 Virg.
593 3834 704 3916 Georg.
720 3836 748 3915 i,
773 3843 852 3903 191:
881 3837 1032 3901 exsudat
1056 3840 1192 3903 inutilis
1213 3838 1275 3903 lm·

146 3927 269 4005 mor.“]
293 3925 427 4009 plerique
444 3934 561 3986 veteres
581 3919 748 3984 exuberat
773 3924 917 4003 [sancita
937 3924 1078 3988 codicum
1099 3921 1191 4006 louge
1211 3929 1275 4012 plu-

144 4011 240 4086 rimi,¹
259 4009 315 4072 sed
343 4021 441 4070 metro
464 4021 611 4092 repugnat
639 4022 762 4095 propter
783 4012 910 4089 longum
930 4011 979 4089 u]:
1007 4013 1213 4074 rectissimum
1233 4020 1274 4073 est

145 4102 348 4178 exsuperat:
376 4116 450 4159 nam
469 4106 569 4157 ructus
596 4097 800 4157 erenuiculo
825 4116 945 4158 sursum
976 4097 1161 4177 ascendunt,
1197 4092 1275 4157 ruod

90 4208 94 4221 ·
148 4178 257 4244 Graeci
272 4179 374 4241 dicunt
388 4173 609 4243 ἀναδίδοσθαι
632 4192 663 4242 et
679 4173 849 4243 deciduam.
893 4174 987 4259 [11:15
1005 4181 1104 4247 Godd.
1126 4204 1176 4268 ap.
1192 4118 1274 4257 rich,

147 4266 267 4345 Ghem,
288 4264 357 4344 Tig.
371 4287 397 4326 c.
412 4276 474 4328 ret.
487 4265 601 4344 schol.;
626 4287 719 4350 quam
737 4287 811 4327 vero
823 4268 996 4349 frequenter
1020 4290 1093 4331 etun
1112 4262 1272 4331 exuberat

144 4362 345 4438 permutetur,
366 4370 396 4412 r.
414 4370 463 4436 ap.
483 4348 621 4415 laudatos
634 4351 785 4421 Webero.
826 4348 971 4417 Eundem
989 4356 1027 4417 cf.
1046 4350 1088 4419 de
1109 4354 1275 4434 conjectu:

144 4437 313 4529 probabili:
343 4431 518 4516 exundat]
