2700 4972
287 416 291 425 ι
370 314 638 432 sansacu
666 330 888 405 satiata
919 337 960 402 v.
1097 318 1100 323 ’
1171 342 1243 411 eoo.

86 504 256 573 ultanum
274 503 441 569 timemus
463 499 575 583 eiiam,
596 520 676 567 eum
696 501 916 569 tantumdem
934 505 972 571 in
995 498 1144 571 mbrtem
1163 506 1236 575 sia-

85 591 174 682 guii
188 591 391 677 conferant:
415 606 484 651 noa
499 587 561 651 iile
574 587 711 673 grados
725 590 1090 678 lassitudinemfaeit‚
1112 593 1150 662 in
1168 616 1234 683 quo

88 674 298 765 deficimus,
319 673 384 738 sed
404 672 465 737 ille
479 668 679 759 profitetur.
723 675 783 743 Ad
802 688 951 742 mortem
964 678 1043 743 adies
1059 690 1235 745 extremus

89 762 266 852 pervenit,
283 759 422 826 aceedit
439 761 569 823 omnis:
583 760 703 848 'carpit
713 762 861 841 noo-ilie,
873 778 946 829 aon
957 764 1110 852 corripit.
1139 768 1235 832 Acute

89 855 190 916 multa
207 852 240 912 in
260 852 340 911 hanc
362 849 545 911 sententiam
562 848 612 911 vir
633 871 696 911 non
711 855 814 913 solum
855 851 963 931 latete,
989 852 1158 917 sedetiam
1177 853 1237 916 do-

91 940 190 1001 ctrina
202 932 415 1020 suspiciendus
430 933 615 1013 Augustinus
630 946 695 997 toto
709 939 808 1022 eapite
850 950 869 1001 '.
888 939 942 1001 lib.
955 936 1038 1005 -Xlll
1051 938 1102 1001 De
1115 941 1236 1005 civitate

90 1024 174 1104 Dei3
196 1042 292 1119 pauca
306 1019 476 1083 adscribam
490 1041 508 1081 e
521 1020 653 1084 inultiss
665 1018 760 1099 Quid
778 1019 879 1085 aliud
887 1020 1023 1101 diebus,-
1045 1023 1142 1088 ioris
1162 1046 1237 1087 mo-

92 1118 287 1192 mentisque
310 1103 458 1192 singulis
482 1103 622 1193 agitur,
654 1103 762 1169 donec
790 1128 833 1170 eo
861 1120 1105 1172 consummata
1132 1133 1237 1186 moro,

93 1214 186 1283 quae
205 1189 388 1279 agebatur,
412 1189 604 1277 impleatur
618 1200 653 1253 et
668 1190 818 1279 incipiat
824 1192 910 1280 jam
922 1204 1059 1280 tempus
1073 1216 1145 1258 esse
1157 1205 1238 1283 post

93 1288 264 1358 mortem,
285 1274 391 1365 quod,
413 1296 493 1340 eum
516 1274 591 1341 vita
604 1275 858 1356 detraheretur,
877 1283 1008 1345 cratia
1025 1280 1160 1348 morte?
1180 1284 1237 1348 sed

92 1381 196 1431 totum
225 1376 330 1453 caput,
358 1362 442 1447 quud
464 1364 702 1449 pulcherrimum
722 1379 786 1445 est,
814 1368 918 1447 legant
937 1367 1085 1433 studiosis
1108 1391 1237 1456 exque

94 1473 238 1519 caussam
250 1450 435 1530 intelligent,
458 1470 511 1510 eur
526 1447 651 1595 {udam
672 1452 749 1513 olim
768 1455 930 1515 hominem
949 1454 1166 1540 appellavesint
1186 1477 1238 1521 νε-

93 1537 183 1623 κρὸν
196 1533 353 1610 αἰώνιον,
373 1547 408 1596 ut
423 1538 516 1597 refert
539 1537 719 1616 ⁴ustslliius3
739 1537 813 1600 ideo
826 1538 971 1603 Manilius
988 1541 1076 1603 initio
1086 1538 1136 1603 IV
1154 1542 1239 1622 [tols

184 1619 383 1689 Nasceates
401 1621 584 1695 morimur,
597 1616 753 1709 finisque
772 1621 816 1686 ab
835 1622 971 1711 origine
986 1622 1133 1711 pendete

116 1732 193 1773 uem
210 1728 336 1774 versum
356 1728 375 1770 a
392 1705 521 1770 Manilio
542 1714 697 1770 mutuatus
720 1710 779 1771 luit
801 1711 937 1796 quisquis
958 1713 1101 1799 est,··qui
1119 1711 1241 1778 Camilli

94 1732 229 1883 iquileji
246 1795 368 1857 tumulo
385 1782 444 1855 litis
466 1794 801 1878 versus-inscupseratz
1030 1816 1035 1837 ¹
1303 1858 1307 1871 ,

167 1874 381 1945 *Naseeates
397 1876 584 1940 morimur.-
599 1873 757 1965 finisque
774 1877 818 1943 ab
838 1877 974 1968 origine
988 1878 1131 1965 pendet.

183 1963 257 2029 illo
271 1961 395 2029 eodem
409 1962 538 2038 vitam,
562 1982 649 2048 quae
665 1962 817 2044 inchoat,
840 1964 929 2029 bora
943 1965 1048 2050 rapit.
1092 2002 1096 2009 ·
1172 1994 1177 2017 ι
1239 1977 1293 2037 452

97 2050 233 2132 [Tuaen
245 2052 425 2138 simpliciter
442 2050 675 2131 intelligendum
686 2064 746 2116 est:
766 2055 818 2116 vel
837 2054 913 2130 hoc,
935 2053 1019 2138 quod
1039 2057 1111 2133 jam·
1122 2054 1242 2139 loquor,

96 2140 191 2223 obiit,
221 2137 297 2200 dum
316 2141 435 2222 loquor.
482 2135 591 2220 Neque
612 2147 717 2200 tamen
745 2139 914 2201 etiamnum
934 2139 1073 2225 poenitet
1087 2161 1145 2203 me
1168 2162 1244 2203 cou-

77 2228 233 2309 ¹jecturoe
245 2225 324 2287 inter
342 2222 509 2302 legendum
523 2220 688 2307 aliquando
704 2226 864 2287 subortae:
884 2222 965 2301 boc,
992 2222 1086 2311 quoti
1109 2224 1244 2310 loquor,

99 2314 151 2395 (ut
165 2306 269 2374 Genio
288 2308 462 2388 indulgeas)
485 2306 498 2371 i
505 2328 528 2372 a
551 2315 590 2369 te
614 2318 683 2379 est.
713 2330 753 2371 ⁰¹
775 2320 808 2372 te
825 2309 961 2394 pendet,
982 2332 1085 2397 neque
1101 2315 1244 2374 fortunae

98 2410 132 2463 et
150 2396 383 2481 tempestatibus
400 2395 571 2456 obnoxium
585 2406 639 2473 est,
661 2406 695 2456 ut
709 2397 1021 2477 φιλοπλουτοῦντος
1036 2397 1213 2478 nauigatio]

111 2517 115 2532 ·
190 2482 262 2547 154.
295 2478 448 2565 Duplici
474 2479 511 2542 in
537 2477 712 2543 diversam
739 2479 911 2543 scindetis
938 2480 1072 2563 immo]
1108 2479 1243 2567 Aee'iep.

91 2567 271 2648 'Gregorius
291 2566 519 2631 Nazianzenuss
548 2561 721 2648 διέλκομαι
743 2561 812 2630 ὑπὸ
833 2560 950 2632 πόθου
972 2564 1030 2631 καὶ
1047 2563 1244 2650 πνεύματος.

99 2656 193 2735 Lege
208 2652 346 2717 Dionem
369 2651 626 2733 Chrysostomum
645 2655 678 2715 in
697 2652 745 2716 IV
764 2653 816 2718 Dc
836 2674 953 2735 regno:
980 2676 1055 2717 nam
1074 2657 1136 2717 hoc
1154 2676 1246 2734 sigu-

100 2751 245 2805 mentum
256 2760 351 2801 nemo
363 2749 504 2801 velerum
517 2739 655 2801 aaaevit
669 2740 809 2820 uberius3
828 2738 982 2825 quaedam
995 2743 1088 2803 etiam
1099 2741 1131 2803 in
1140 2740 1246 2804 LXV.

103 2822 245 2909 ejusdem
261 2824 419 2902 invenias,
441 2845 520 2909 quae
537 2835 608 2886 sunt
624 2826 715 2904 hujus
734 2826 804 2888 loci

194 2912 265 2977 155.
296 2906 430 2973 Subeas
458 2907 615 2972 alternus
641 2911 807 2996 oportet]
846 2909 970 2975 Nomen
997 2930 1061 2999 pro·
1080 2908 1247 2975 adverbiot

104 2994 283 3082 ἀμοιβαῖος
304 3017 360 3081 pro
378 2991 582 3078 ἅμοιβαίωςε
609 2996 653 3057 sic
672 3019 767 3082 saepe
786 2997 887 3059 Latini
905 2997 1018 3084 poetae
1036 3000 1097 3059 hoc
1118 2998 1247 3059 nomine

103 3096 242 3149 utuntur.
285 3082 404 3146 Seneca
429 3083 516 3168 epist.
538 3080 726 3145 XXXVII:
758 3079 917 3145 Humilis
936 3103 994 3146 res
1012 3092 1073 3145 eet
1082 3080 1248 3158 stultitia,

104 3168 268 3254 abjecta,
292 3165 454 3253 sordida,
485 3165 640 3243 servilis,
672 3164 790 3231 multis
817 3165 1002 3267 affectibus
1025 3177 1059 3230 et
1084 3166 1246 3231 saevissi-

105 3255 178 3323 mis
197 3251 365 3338 subjecto.
409 3254 487 3320 Hos
507 3263 582 3315 tom
596 3274 724 3339 graves
746 3252 918 3331 dominos,
940 3254 1116 3317 interdum
1137 3251 1246 3315 eiter-

106 3342 165 3409 nis
190 3338 324 3406 vicibus
345 3338 576 3427 imperantes,
608 3336 786 3405 interdum
807 3341 962 3428 pariter,
993 3337 1142 3403 dimittit
1163 3358 1186 3400 a
1214 3346 1247 3401 te
1328 3380 1332 3387 -

106 3424 301 3517 sapientia,
324 3446 412 3512 qieoe
430 3423 507 3487 sola
526 3424 668 3488 libertas*
685 3435 748 3488 est.
1048 3498 1051 3504 ,

199 3513 357 3579 157.158.
386 3507 460 3576 Nee
480 3520 527 3590 tu,
551 3532 631 3574 etim
649 3509 821 3576 obstiteris
833 3510 943 3575 semel
956 3507 1167 3597 instantique
1186 3530 1251 3572 ae-

103 3598 212 3691 garis
227 3597 364 3666 Parere
383 3597 548 3683 imperio,
570 3595 671 3685 Rupi
691 3596 727 3678 i]
750 3598 859 3662 Solent
874 3601 948 3663 vitia
972 3599 1065 3661 etiam
1088 3597 1252 3662 vitiosissi-

94 3683 536 3770 mis-interdumdisplicere,
558 3706 660 3770 neque
682 3686 843 3770 quisquam
864 3696 911 3748 est
928 3685 970 3746 ita
989 3682 1124 3769 perditus
1146 3704 1252 3744 amore

107 3775 323 3859 voluptatum,
345 3773 418 3855 quin
441 3770 604 3855 aliquando
626 3772 718 3835 satias
741 3791 813 3833 eum
835 3772 948 3857 capiat3
968 3791 1121 3855 saepeque
1142 3770 1195 3831 vel
1218 3769 1253 3829 iu

108 3860 202 3924 malis
217 3856 343 3938 igniculi
354 3859 400 3919 illi
419 3854 602 3934 exc'itsntur,
624 3878 703 3943 quos
730 3870 869 3919 enatura
889 3857 1062 3942 accepimus
1084 3854 1253 3917 advenum

109 3942 333 4031 inquirendum·
358 3948 390 4005 e't
415 3941 500 4029 quod
523 3955 642 4006 rectum
666 3954 714 4005 est
735 3943 920 4008 amandum:
950 3964 991 4004 ex
1016 3943 1065 4003 his
1090 3952 1254 4003 nascuntur

112 4028 217 4113 ὁρμαὶ
237 4042 267 4093 et
287 4031 421 4115 impetus
439 4027 566 4113 quidam
585 4028 624 4090 ad
641 4030 809 4114 praeclaras
831 4029 984 4104 actiones;
1013 4048 1092 4111 quae
1111 4039 1178 4089 tum
1199 4025 1255 4087 de·
1304 4034 1309 4039 '

111 4140 203 4181 mum
214 4114 340 4193 laudem
351 4127 515 4194 merentur,
538 4113 660 4200 quando
673 4137 691 4176 a
707 4127 789 4176 certo
806 4114 935 4177 consilio
947 4124 1074 4176 manent
1085 4124 1115 4174 et
1131 4111 1254 4173 decreto

111 4205 147 4267 in
158 4204 267 4285 animo
285 4203 352 4264 fixo
365 4203 409 4264 sie
427 4222 549 4287 semper
567 4200 695 4264 vivendi
712 4222 813 4287 neque
833 4220 969 4285 unquam
989 4197 1194 4261 exorbitandi:
1213 4197 1255 4257 ita

114 4313 157 4354 ex
169 4290 308 4377 pluribus
320 4288 489 4351 actionibus
507 4287 602 4349 oritiu
616 4283 780 4366 διάθεσις,
802 4308 896 4372 quem
914 4306 973 4349 usu
987 4286 1139 4349 firmatam
1153 4280 1257 4366 sequi-

113 4389 166 4440 tur
178 4371 263 4454 ἓξιςε
283 4375 406 4438 habitus
418 4384 522 4437 autem
533 4374 623 4435 firma
641 4377 704 4452 jam
719 4394 769 4437 nes
790 4384 838 4436 est
856 4385 887 4436 et
901 4390 979 4458 quae
991 4392 1058 4433 non
1075 4368 1166 4433 facile
1184 4388 1258 4431 mu-

115 4464 174 4527 teci
194 4472 328 4527 mutuate
349 4459 512 4548 dispositio
528 4460 684 4523 mutabilis
702 4470 752 4525 est
768 4480 805 4522 ee
818 4462 919 4523 mullo
939 4456 1041 4538 magis
1064 4454 1116 4519 ille
1140 4454 1257 4541 primus
