2700 4972
275 308 994 407 mmmmmm
1124 341 1290 429 ω’

69 501 183 568 Melius
220 502 305 569 idem
333 516 364 572 v:
394 512 446 575 89.
466 512 546 589 conj.
578 507 756 595 exspirat,
806 511 875 573 coll.
905 504 935 574 v.
954 514 1005 575 99.
1030 542 1067 557 -
1103 510 1143 574 V.
1161 514 1203 575 92
1238 486 1241 490 ⁴

66 591 190 675 reponit
212 589 385 659 modicum
408 591 544 656 sitiente
575 598 643 659 coll.
674 594 770 658 Plaut.
791 592 927 658 curcur:
958 593 1059 658 Auus
1081 593 1203 659 sitiens

67 674 299 825 tqurpztcllroutol',
342 689 372 742 et
397 678 554 745 lurensi:
589 688 700 745 totum
724 679 957 766 oenophorum
980 678 1101 745 sitiens
1124 700 1202 745 ma-

155 809 190 912 P'.
213 852 294 927 209,
315 871 346 913 v.
368 849 439 915 104.
473 849 611 915 Cressis
635 814 786 915 outomis
808 847 845 915 G.
869 853 999 939 explicat
1030 851 1150 934 largiter
1171 863 1202 917 et
1231 902 1239 919 .

66 933 192 997 abunde
213 932 374 1014 adhibitis,
397 937 540 1023 copiosis.

65 1079 68 1082 -
154 1033 228 1099 Sol.
249 1032 319 1103 IV.
360 1036 450 1102 Bene
468 1040 617 1105 Huetius:
636 1041 742 1121 „Haec
757 1037 798 1102 ad
818 1036 976 1103 Neronem
996 1041 1082 1103 nullo
1102 1036 1200 1102 modo
1315 1026 1318 1031 ¹

65 1121 211 1187 videntur
251 1124 387 1189 ertinere.
408 1125 511 1189 Nimia
529 1126 581 1189 bio
600 1136 647 1191 est
668 1126 843 1191 Gasauboni
862 1123 1060 1207 ueoieoylu.“
1071 1160 1107 1171 -
1121 1124 1161 1189 V.
1170 1132 1199 1192 2.

42 1204 192 1274 “Tollit
238 1208 258 1273 ’.
280 1232 368 1273 more
389 1232 467 1276 suo:
494 1212 535 1291 ‚,i.
553 1233 580 1275 e.
601 1212 731 1276 sustulit.
772 1206 910 1287 Mello,
934 1210 1033 1286 tolli,
1057 1207 1199 1286 ulturi,-

64 1293 152 1357 unde
178 1294 313 1376 ‚tollisse
337 1296 420 1382 apud
457 1297 693 1363 iurisconsultos
727 1296 854 1381 legitur,
889 1308 924 1360 ut
947 1300 970 1360 l.
998 1294 1097 1377 Xlll‚
1127 1294 1155 1379 ἓ.
1178 1294 1217 1361 l.

65 1379 140 1463 Dig.
160 1378 200 1444 de
222 1383 484 1468 acceptilatione.“

152 1466 187 1530 P.
207 1473 279 1535 220.
305 1467 346 1531 V.
366 1472 416 1532 12.
461 1464 576 1533 Curva
601 1463 703 1530 subit.
755 1463 923 1546 „Rescribo
953 1463 1066 1530 Crura
1092 1461 1196 1542 subit,

63 1554 87 1616 i.
109 1573 137 1616 e.
162 1574 232 1616 cum
246 1555 343 1635 stylus
364 1554 460 1616 librae
479 1565 584 1617 manet
603 1564 702 1617 metus
722 1551 880 1615 interduo
902 1574 985 1615 crura
1004 1553 1114 1615 libram
1129 1573 1198 1614 sus-
1318 1578 1323 1587 -

62 1639 201 1702 tinentia.
253 1640 355 1703 Locus
380 1640 431 1701 bic
458 1642 497 1704 ab
528 1639 653 1724 antiquo
676 1638 856 1724 depravatus
878 1651 941 1717 est,
974 1650 1045 1700 ante
1067 1638 1197 1723 interpp.

62 1736 195 1789 veteres.
239 1721 383 1811 Regulo
404 1723 496 1811 pecie
519 1746 624 1801 voro,
655 1726 676 1788 i.
699 1746 726 1787 e.
758 1727 855 1807 stylus
876 1724 909 1786 in
931 1724 1058 1786 alteram
1077 1734 1198 1809 partem

62 1810 243 1890 inclinatus,
267 1812 424 1897 obliquus,
445 1834 508 1874 non
529 1811 659 1874 rectus.“
676 1807 720 1876 G.

48 1892 1199 1997 „rmmfflffimfflwmm

61 2018 95 2063 v.
118 2002 179 2067 18:
208 1998 304 2081 „Post
324 1996 397 2061 sole
416 1998 660 2080 interrogationis
683 2008 757 2059 nota
777 1996 922 2084 ponenda
951 1996 1102 2060 videtur.“
1145 1993 1197 2058 Sic

61 2084 184 2234 Webh
207 2170 270 2236 225
283 2191 329 2254 sq,
349 2168 393 2233 v·
411 2174 464 2235 22,
507 2168 628 2247 „Locus
649 2167 700 2230 hic
718 2167 919 2255 interpolatus
939 2168 1034 2231 luisse
1055 2165 1202 2248 videtur3·

61 2254 107 2319 sie
128 2266 232 2317 autem
259 2257 404 2340 scriptum
431 2254 589 2340 reliquisse
610 2253 750 2318 Persium
772 2266 931 2340 putamus:
969 2250 1057 2317 Cum
1084 2250 1194 2315 male

57 2339 327 2427 praecincto
350 2346 441 2404 eunt.
463 2360 494 2402 o.
517 2362 557 2418 a,
578 2339 599 2400 i.
617 2361 645 2403 e.
667 2338 825 2414 discincto,
847 2338 949 2418 tardo,
972 2340 1068 2425 pigro,
1090 2340 1195 2424 quales
1246 2380 1251 2393 .

61 2427 124 2490 sibi
150 2427 322 2491 oleraniees
350 2426 422 2491 illae
443 2424 520 2489 anus
551 2426 585 2487 in
605 2426 657 2488 via
689 2437 879 2489 occurrentes
900 2427 1018 2511 probris
1044 2425 1196 2487 incessere

61 2515 213 2576 solebant.
257 2511 409 2577 Cornutus
427 2512 514 2577 ,enirn
535 2514 587 2574 vel
613 2511 786 2598 quicunque
809 2512 861 2574 ille
890 2512 944 2591 sit,
976 2506 1070 2572 mole
1085 2529 1195 2596 proe-

63 2597 216 2665 oiuclum
241 2599 293 2660 hio
314 2620 371 2684 pro
389 2593 473 2662 diso.
496 2599 607 2677 legisse
636 2596 772 2661 videtur:
791 2618 865 2659 nom
886 2598 962 2660 sice
1006 2598 1090 2659 onit:
1114 2597 1196 2675 „vel

61 2684 335 2783 quod-praecincta
358 2684 461 2747 tunica
477 2684 570 2745 lintea
589 2684 770 2745 amiciuntur
788 2683 933 2746 vernae.“
963 2620 1196 2766 xitossographi

60 2792 118 2858 per
139 2766 348 2833 discinctum
373 2769 558 2854 interpretati
579 2779 666 2850 sunt3
701 2766 794 2852 idque
816 2775 917 2832 fecte:
949 2767 1006 2831 sed
1029 2788 1100 2829 cum
1123 2788 1195 2831 ver·
1320 2842 1323 2849 .

61 2878 115 2921 sus
139 2859 256 2939 syllaba
283 2857 407 2921 brevior
428 2864 524 2933 esset,
561 2850 644 2915 beue
674 2848 757 2925 diso.
786 2875 842 2938 pro
869 2850 962 2914 mole
993 2849 1193 2937 praecincto

60 2940 294 3031 ‘supposuerunt
337 2941 388 3007 De
412 2936 524 3004 ocimo
549 2939 629 3002 adde
648 2937 771 3003 Theod.
794 2939 909 3003 lllereil.
941 2961 971 3026 p.
999 2942 1070 3005 100.
1102 2938 1194 3001 101.“

60 3024 183 3178 θυμὲ.
203 3118 275 3182 229.
306 3113 348 3177 V.
367 3112 420 3179 25.
462 3108 559 3192 Quod
572 3106 810 3199 antepenultimi
828 3110 863 3173 in
888 3103 1074 3175 Ventidius
1090 3106 1194 3171 brevis

59 3220 130 3265 ease
160 3198 289 3281 debeat,
325 3209 360 3261 ut
386 3200 418 3262 in
448 3193 635 3263 Ventidius
662 3198 788 3283 aliisque
816 3200 880 3277 ejus
911 3194 1085 3275 analogiae,
1120 3193 1195 3256 velit

60 3282 201 3367 Guyetus
227 3279 268 3351 V
264 3282 358 3349 eltiti
377 3308 404 3349 s.
431 3278 473 3350 V
468 3282 576 3349 ectiti.
616 3283 877 3348 Pronunciabatur
902 3275 942 3346 V
938 3277 1060 3367 eolidji
1067 3304 1078 3340 .·
1101 3299 1193 3363 quere

29 3384 49 3439 r?
63 3365 100 3436 V
101 3368 224 3434 eolidii
243 3373 294 3434 hic
312 3369 525 3459 reponendum
546 3380 620 3433 erat.
643 3409 682 3418 —
715 3367 756 3433 V.
770 3373 822 3433 26.
844 3363 1031 3449 „Oberret3
1053 3365 1117 3429 scil.
1132 3364 1192 3427 nna

60 3454 150 3521 tie.‘⁴
179 3453 296 3607 G.H—
339 3456 497 3537 „Fallitur
524 3457 578 3520 hio
612 3454 710 3537 Cass,
740 3474 814 3517 nam
850 3452 934 3517 aliud
964 3464 1011 3516 est
1043 3446 1084 3516 V
1080 3447 1194 3513 olatus

60 3539 174 3629 eapi.“
251 3592 259 3608 .
1004 3558 1007 3563 ·
1170 3545 1173 3549 ’

145 3645 181 3710 Ρ.
202 3650 266 3712 230
287 3646 352 3708 fere
370 3642 455 3708 med.
481 3663 557 3707 sorr.
579 3638 641 3709 aed
660 3639 708 3705 de
722 3650 802 3731 ¹toto
826 3640 909 3706 loco.
930 3674 967 3687 -
995 3638 1035 3703 V.
1057 3643 1195 3723 301eote¹

58 3730 121 3795 lroo
143 3753 199 3820 pro
222 3732 281 3794 abl.
302 3730 410 3795 sumsit
433 3728 527 3795 etiam
548 3724 591 3793 G.

135 3834 181 3901 ΙΡ.
205 3833 278 3900 284.
313 3833 356 3897 V.
370 3832 436 3899 Ι43.
484 3829 544 3896 Sic
579 3828 746 3895 novimus.
801 3826 1029 3911 „scribendum
1053 3824 1190 3894 videtur:

57 3916 119 3988 Sic
138 3919 294 3985 vovimus
314 3940 357 3983 so.
377 3914 498 4002 virere3
518 3919 562 3983 sic
583 3918 664 3983 rotis
685 3914 875 4004 optavimus3
895 3916 939 3978 sie
959 3917 1059 4003 placet
1075 3914 1191 3981 vivere.

57 4007 101 4071 V.
123 4028 168 4093 sq·
195 4004 349 4073 Caecum
370 4006 452 4091 expl.
483 4026 553 4067 curn
576 4003 729 4069 Cornuto:
758 4000 1029 4083 agladiatoribns,
1066 4001 1118 4088 qui
1139 4021 1190 4063 ac-

58 4105 184 4181 ceptum
201 4094 315 4158 vulnus
335 4093 471 4155 inaurato
492 4092 594 4155 balteo
616 4088 750 4172 tegunt.“
792 4086 836 4152 G.

144 4192 179 4257 P.
201 4194 279 4275 295.Ι
303 4195 343 4259 V.
354 4193 405 4261 48.
448 4192 542 4257 Addit
562 4188 627 4259 H.:
656 4186 727 4271 „v'el
747 4189 1048 4280 propterulrrororu
1071 4200 1102 4251 et
1131 4205 1190 4251 uu·

57 4273 257 4377 ourtlpiv.“
315 4280 416 4360 Male,
452 4292 485 4342 ut
513 4301 607 4365 saepe
635 4292 724 4355 ante,
761 4281 839 4357 conj.
867 4273 928 4341 G..·
971 4272 1011 4339 Si
1032 4271 1132 4362 focis
1154 4269 1189 4334 iu

51 4387 160 4453 peut
183 4365 231 4447 (in
257 4367 463 4452 voluptatibus
490 4365 634 4447 Veneris)
664 4361 777 4452 quicq.
801 4372 825 4428 t.
843 4386 874 4429 ν.
898 4370 1074 4438 amatum,
1105 4359 1189 4445 quic-

56 4451 131 4539 quid
151 4451 248 4518 libido
268 4452 324 4519 tibi
343 4452 480 4519 suaserit
