<?xml version="1.0" encoding="UTF-8"?>
<!DOCTYPE html PUBLIC "-//W3C//DTD XHTML 1.0 Transitional//EN"
    "http://www.w3.org/TR/xhtml1/DTD/xhtml1-transitional.dtd">
<html xmlns="http://www.w3.org/1999/xhtml" xml:lang="en" lang="en">
 <head>
  <title>
</title>
<meta http-equiv="Content-Type" content="text/html;charset=utf-8" />
  <meta name='ocr-system' content='tesseract 3.04.00' />
  <meta name='ocr-capabilities' content='ocr_page ocr_carea ocr_par ocr_line ocrx_word'/>
</head>
<body>
  <div class='ocr_page' id='page_1' title='image "./satirarumliber00persgoog_0232.png"; bbox 0 0 2700 4972; ppageno 0'>
   <div class='ocr_carea' id='block_1_1' title="bbox 212 292 1262 431">
    <p class='ocr_par' dir='ltr' id='par_1_1' title="bbox 212 292 1285 431">
     <span class='ocr_line' id='line_1_1' title="bbox 212 292 1262 431; baseline 0.001 -39"><span class='ocrx_word' id='word_1_1' title='bbox 212 293 216 301; x_wconf 87' lang='grc'><strong>’</strong></span> <span class='ocrx_word' id='word_1_2' title='bbox 261 424 264 429; x_wconf 17' lang='lat'><strong><em>¹</em></strong></span> <span class='ocrx_word' id='word_1_3' title='bbox 299 342 305 355; x_wconf 54' lang='grc'><em>’</em></span> <span class='ocrx_word' id='word_1_4' title='bbox 385 326 449 392; x_wconf 79' lang='lat' dir='ltr'>sn</span> <span class='ocrx_word' id='word_1_5' title='bbox 475 302 643 392; x_wconf 80' lang='lat' dir='ltr'>rnnsrr</span> <span class='ocrx_word' id='word_1_6' title='bbox 664 322 887 431; x_wconf 75' lang='lat' dir='ltr'>sarrana</span> <span class='ocrx_word' id='word_1_7' title='bbox 914 327 939 393; x_wconf 92' lang='lat'>1.</span> <span class='ocrx_word' id='word_1_8' title='bbox 1172 292 1262 398; x_wconf 61' lang='lat'>121&#39;</span> 
     </span>
    </p>
   </div>
   <div class='ocr_carea' id='block_1_2' title="bbox 82 494 1338 4533">
    <p class='ocr_par' dir='ltr' id='par_1_2' title="bbox 82 494 1235 670">
     <span class='ocr_line' id='line_1_2' title="bbox 82 494 1235 587; baseline 0.003 -20"><span class='ocrx_word' id='word_1_9' title='bbox 82 504 149 567; x_wconf 82' lang='lat' dir='ltr'>rins</span> <span class='ocrx_word' id='word_1_10' title='bbox 172 500 425 580; x_wconf 83' lang='lat' dir='ltr'>Tbaumaturgus</span> <span class='ocrx_word' id='word_1_11' title='bbox 449 509 494 562; x_wconf 87' lang='lat' dir='ltr'>est</span> <span class='ocrx_word' id='word_1_12' title='bbox 514 495 628 580; x_wconf 87' lang='lat' dir='ltr'>dictus,</span> <span class='ocrx_word' id='word_1_13' title='bbox 659 500 742 579; x_wconf 88' lang='lat' dir='ltr'>cujus</span> <span class='ocrx_word' id='word_1_14' title='bbox 757 498 867 577; x_wconf 67' lang='lat' dir='ltr'>⁴vitam</span> <span class='ocrx_word' id='word_1_15' title='bbox 891 494 1058 582; x_wconf 78' lang='lat' dir='ltr'>Gregorius</span> <span class='ocrx_word' id='word_1_16' title='bbox 1076 498 1235 587; x_wconf 81' lang='lat' dir='ltr'>Nyssenus</span> 
     </span>
     <span class='ocr_line' id='line_1_3' title="bbox 82 587 1022 670; baseline -0.012 -16"><span class='ocrx_word' id='word_1_17' title='bbox 82 593 167 654; x_wconf 87' lang='lat' dir='ltr'>libro</span> <span class='ocrx_word' id='word_1_18' title='bbox 184 587 334 669; x_wconf 75' lang='lat' dir='ltr'>singulari</span> <span class='ocrx_word' id='word_1_19' title='bbox 355 594 401 656; x_wconf 86' lang='lat' dir='ltr'>est</span> <span class='ocrx_word' id='word_1_20' title='bbox 419 587 607 670; x_wconf 87' lang='lat' dir='ltr'>complexus.</span> <span class='ocrx_word' id='word_1_21' title='bbox 776 644 780 653; x_wconf 84' lang='grc'><em>,</em></span> <span class='ocrx_word' id='word_1_22' title='bbox 1018 614 1022 621; x_wconf 93' lang='grc'><strong><em>·</em></strong></span> 
     </span>
    </p>

    <p class='ocr_par' dir='ltr' id='par_1_3' title="bbox 83 654 1321 931">
     <span class='ocr_line' id='line_1_4' title="bbox 176 654 1321 760; baseline -0.012 -18"><span class='ocrx_word' id='word_1_23' title='bbox 176 678 251 743; x_wconf 72' lang='lat'><strong>182.</strong></span> <span class='ocrx_word' id='word_1_24' title='bbox 269 667 439 736; x_wconf 78' lang='lat' dir='ltr'>&#39;Gaudere</span> <span class='ocrx_word' id='word_1_25' title='bbox 453 654 821 754; x_wconf 59' lang='lat' dir='ltr'>parotmf‘Paratas,</span> <span class='ocrx_word' id='word_1_26' title='bbox 843 666 877 731; x_wconf 87' lang='lat' dir='ltr'>id</span> <span class='ocrx_word' id='word_1_27' title='bbox 897 680 945 732; x_wconf 89' lang='lat' dir='ltr'>est</span> <span class='ocrx_word' id='word_1_28' title='bbox 965 665 1109 751; x_wconf 70' lang='lat' dir='ltr'>cimbris,</span> <span class='ocrx_word' id='word_1_29' title='bbox 1131 676 1183 760; x_wconf 87' lang='lat' dir='ltr'>qui</span> <span class='ocrx_word' id='word_1_30' title='bbox 1199 677 1235 741; x_wconf 84' lang='lat' dir='ltr'>in</span> <span class='ocrx_word' id='word_1_31' title='bbox 1315 717 1321 728; x_wconf 85' lang='lat'><strong>.</strong></span> 
     </span>
     <span class='ocr_line' id='line_1_5' title="bbox 83 753 1234 841; baseline 0.003 -17"><span class='ocrx_word' id='word_1_32' title='bbox 83 782 176 824; x_wconf 90' lang='lat' dir='ltr'>more</span> <span class='ocrx_word' id='word_1_33' title='bbox 188 762 305 822; x_wconf 85' lang='lat' dir='ltr'>lrabeat</span> <span class='ocrx_word' id='word_1_34' title='bbox 319 755 352 818; x_wconf 92' lang='lat' dir='ltr'>id</span> <span class='ocrx_word' id='word_1_35' title='bbox 368 759 512 818; x_wconf 87' lang='lat' dir='ltr'>facereet</span> <span class='ocrx_word' id='word_1_36' title='bbox 526 755 610 841; x_wconf 91' lang='lat' dir='ltr'>quod</span> <span class='ocrx_word' id='word_1_37' title='bbox 627 755 659 817; x_wconf 92' lang='lat' dir='ltr'>in</span> <span class='ocrx_word' id='word_1_38' title='bbox 682 753 889 818; x_wconf 89' lang='lat' dir='ltr'>describendis</span> <span class='ocrx_word' id='word_1_39' title='bbox 909 757 1047 820; x_wconf 85' lang='lat' dir='ltr'>maribus</span> <span class='ocrx_word' id='word_1_40' title='bbox 1070 761 1234 826; x_wconf 88' lang='lat' dir='ltr'>hominum</span> 
     </span>
     <span class='ocr_line' id='line_1_6' title="bbox 83 832 1286 931; baseline -0.002 -20"><span class='ocrx_word' id='word_1_41' title='bbox 83 851 170 911; x_wconf 88' lang='lat' dir='ltr'>solet</span> <span class='ocrx_word' id='word_1_42' title='bbox 184 845 420 931; x_wconf 86' lang='lat' dir='ltr'>Theophrastus</span> <span class='ocrx_word' id='word_1_43' title='bbox 436 840 557 918; x_wconf 86' lang='lat' dir='ltr'>dicere,</span> <span class='ocrx_word' id='word_1_44' title='bbox 579 834 731 917; x_wconf 69' lang='grc' dir='ltr'><strong><em>τοιοῦτός</em></strong></span> <span class='ocrx_word' id='word_1_45' title='bbox 743 836 833 904; x_wconf 77' lang='grc' dir='ltr'><strong><em>ἐστιν</em></strong></span> <span class='ocrx_word' id='word_1_46' title='bbox 846 832 937 915; x_wconf 69' lang='lat' dir='ltr'>olor:</span> <span class='ocrx_word' id='word_1_47' title='bbox 959 853 993 903; x_wconf 91' lang='lat' dir='ltr'>ut</span> <span class='ocrx_word' id='word_1_48' title='bbox 1004 843 1037 905; x_wconf 91' lang='lat' dir='ltr'>in</span> <span class='ocrx_word' id='word_1_49' title='bbox 1049 858 1135 919; x_wconf 79' lang='lat' dir='ltr'>sexta</span> <span class='ocrx_word' id='word_1_50' title='bbox 1147 847 1286 930; x_wconf 59' lang='lat' dir='ltr'>[soteres</span> 
     </span>
    </p>

    <p class='ocr_par' dir='ltr' id='par_1_4' title="bbox 84 924 1237 1347">
     <span class='ocr_line' id='line_1_7' title="bbox 356 924 1086 1011; baseline 0 -21"><span class='ocrx_word' id='word_1_51' title='bbox 356 958 358 965; x_wconf 95' lang='lat'>·</span> <span class='ocrx_word' id='word_1_52' title='bbox 688 924 819 990; x_wconf 83' lang='lat' dir='ltr'>nescire</span> <span class='ocrx_word' id='word_1_53' title='bbox 840 934 1002 1011; x_wconf 80' lang='lat' dir='ltr'>paratus,</span> <span class='ocrx_word' id='word_1_54' title='bbox 1082 933 1086 939; x_wconf 71' lang='grc'>’</span> 
     </span>
     <span class='ocr_line' id='line_1_8' title="bbox 84 1011 570 1102; baseline -0.012 -22"><span class='ocrx_word' id='word_1_55' title='bbox 84 1017 236 1081; x_wconf 81' lang='lat' dir='ltr'>Horatius</span> <span class='ocrx_word' id='word_1_56' title='bbox 267 1014 336 1102; x_wconf 86' lang='lat' dir='ltr'>[Ep.</span> <span class='ocrx_word' id='word_1_57' title='bbox 358 1011 398 1093; x_wconf 84' lang='grc' dir='ltr'>ΙΙ,</span> <span class='ocrx_word' id='word_1_58' title='bbox 425 1020 454 1094; x_wconf 87' lang='grc'>1,</span> <span class='ocrx_word' id='word_1_59' title='bbox 479 1012 570 1090; x_wconf 77' lang='grc'>184];</span> 
     </span>
     <span class='ocr_line' id='line_1_9' title="bbox 594 1092 1017 1184; baseline 0.002 -26"><span class='ocrx_word' id='word_1_60' title='bbox 594 1105 630 1159; x_wconf 85' lang='lat' dir='ltr'>et</span> <span class='ocrx_word' id='word_1_61' title='bbox 655 1092 857 1184; x_wconf 77' lang='lat' dir='ltr'>depugnare</span> <span class='ocrx_word' id='word_1_62' title='bbox 875 1097 999 1181; x_wconf 83' lang='lat' dir='ltr'>parati</span> <span class='ocrx_word' id='word_1_63' title='bbox 1004 1119 1017 1176; x_wconf 79' lang='lat'>3</span> 
     </span>
     <span class='ocr_line' id='line_1_10' title="bbox 87 1179 1237 1274; baseline 0.003 -23"><span class='ocrx_word' id='word_1_64' title='bbox 87 1191 133 1252; x_wconf 84' lang='lat' dir='ltr'>sic</span> <span class='ocrx_word' id='word_1_65' title='bbox 151 1185 237 1274; x_wconf 90' lang='lat' dir='ltr'>apud</span> <span class='ocrx_word' id='word_1_66' title='bbox 261 1187 467 1251; x_wconf 68' lang='lat' dir='ltr'>iuvenalemr‘</span> <span class='ocrx_word' id='word_1_67' title='bbox 487 1179 635 1245; x_wconf 78' lang='lat' dir='ltr'>laudare</span> <span class='ocrx_word' id='word_1_68' title='bbox 658 1181 827 1268; x_wconf 71' lang='lat' dir='ltr'>paratas,</span> <span class='ocrx_word' id='word_1_69' title='bbox 847 1180 987 1266; x_wconf 67' lang='lat' dir='ltr'>»nescire</span> <span class='ocrx_word' id='word_1_70' title='bbox 1003 1195 1156 1271; x_wconf 83' lang='lat' dir='ltr'>paratus</span> <span class='ocrx_word' id='word_1_71' title='bbox 1163 1211 1176 1267; x_wconf 82' lang='lat'><em>3</em></span> <span class='ocrx_word' id='word_1_72' title='bbox 1205 1204 1237 1255; x_wconf 86' lang='lat' dir='ltr'>et</span> 
     </span>
     <span class='ocr_line' id='line_1_11' title="bbox 87 1269 1209 1347; baseline -0.006 -9"><span class='ocrx_word' id='word_1_73' title='bbox 87 1277 187 1338; x_wconf 83' lang='lat' dir='ltr'>multa</span> <span class='ocrx_word' id='word_1_74' title='bbox 199 1272 325 1337; x_wconf 86' lang='lat' dir='ltr'>similia:</span> <span class='ocrx_word' id='word_1_75' title='bbox 348 1282 430 1347; x_wconf 85' lang='lat' dir='ltr'>amat</span> <span class='ocrx_word' id='word_1_76' title='bbox 445 1270 529 1333; x_wconf 90' lang='lat' dir='ltr'>enim</span> <span class='ocrx_word' id='word_1_77' title='bbox 546 1269 704 1333; x_wconf 77' lang='lat' dir='ltr'>luvenalis</span> <span class='ocrx_word' id='word_1_78' title='bbox 726 1291 796 1331; x_wconf 89' lang='lat' dir='ltr'>eam</span> <span class='ocrx_word' id='word_1_79' title='bbox 813 1288 933 1332; x_wconf 87' lang='lat' dir='ltr'>vocem.</span> <span class='ocrx_word' id='word_1_80' title='bbox 1150 1296 1153 1304; x_wconf 68' lang='lat'><strong><em>¹</em></strong></span> <span class='ocrx_word' id='word_1_81' title='bbox 1207 1279 1209 1282; x_wconf 81' lang='grc'><strong>’</strong></span> 
     </span>
    </p>

    <p class='ocr_par' dir='ltr' id='par_1_5' title="bbox 90 1353 1338 2642">
     <span class='ocr_line' id='line_1_12' title="bbox 178 1353 1237 1446; baseline -0.001 -21"><span class='ocrx_word' id='word_1_82' title='bbox 178 1363 253 1426; x_wconf 80' lang='grc'><strong>188.</strong></span> <span class='ocrx_word' id='word_1_83' title='bbox 277 1355 429 1446; x_wconf 79' lang='lat' dir='ltr'>Cynica]</span> <span class='ocrx_word' id='word_1_84' title='bbox 459 1355 596 1419; x_wconf 79' lang='lat' dir='ltr'>Vivebat</span> <span class='ocrx_word' id='word_1_85' title='bbox 611 1366 682 1445; x_wconf 36' lang='lat' dir='ltr'>&#39;tum</span> <span class='ocrx_word' id='word_1_86' title='bbox 699 1354 875 1418; x_wconf 85' lang='lat' dir='ltr'>Demetrius</span> <span class='ocrx_word' id='word_1_87' title='bbox 898 1353 1045 1437; x_wconf 82' lang='lat' dir='ltr'>Cynicus,</span> <span class='ocrx_word' id='word_1_88' title='bbox 1068 1361 1153 1437; x_wconf 92' lang='lat' dir='ltr'>cujus</span> <span class='ocrx_word' id='word_1_89' title='bbox 1172 1360 1237 1423; x_wconf 89' lang='lat' dir='ltr'>sin-</span> 
     </span>
     <span class='ocr_line' id='line_1_13' title="bbox 90 1439 1236 1529; baseline 0.002 -22"><span class='ocrx_word' id='word_1_90' title='bbox 90 1448 231 1527; x_wconf 87' lang='lat' dir='ltr'>gularem</span> <span class='ocrx_word' id='word_1_91' title='bbox 244 1464 281 1507; x_wconf 92' lang='lat' dir='ltr'>ac</span> <span class='ocrx_word' id='word_1_92' title='bbox 292 1442 476 1529; x_wconf 86' lang='lat' dir='ltr'>stupendam</span> <span class='ocrx_word' id='word_1_93' title='bbox 485 1441 630 1504; x_wconf 88' lang='lat' dir='ltr'>virtutem</span> <span class='ocrx_word' id='word_1_94' title='bbox 645 1439 781 1503; x_wconf 81' lang='lat' dir='ltr'>dilaudat</span> <span class='ocrx_word' id='word_1_95' title='bbox 793 1439 912 1504; x_wconf 89' lang='lat' dir='ltr'>Seneca</span> <span class='ocrx_word' id='word_1_96' title='bbox 926 1440 977 1518; x_wconf 88' lang='lat' dir='ltr'>[de</span> <span class='ocrx_word' id='word_1_97' title='bbox 989 1440 1100 1506; x_wconf 83' lang='lat' dir='ltr'>Benef.</span> <span class='ocrx_word' id='word_1_98' title='bbox 1110 1442 1182 1525; x_wconf 87' lang='lat' dir='ltr'>VH,</span> <span class='ocrx_word' id='word_1_99' title='bbox 1192 1444 1236 1526; x_wconf 68' lang='lat'>84]</span> 
     </span>
     <span class='ocr_line' id='line_1_14' title="bbox 92 1526 1254 1618; baseline 0 -24"><span class='ocrx_word' id='word_1_100' title='bbox 92 1544 125 1594; x_wconf 88' lang='lat' dir='ltr'>ct</span> <span class='ocrx_word' id='word_1_101' title='bbox 141 1529 402 1617; x_wconf 81' lang='lat' dir='ltr'>apud&#39;Arrianum</span> <span class='ocrx_word' id='word_1_102' title='bbox 416 1526 588 1613; x_wconf 80' lang='lat' dir='ltr'>Epictetus:</span> <span class='ocrx_word' id='word_1_103' title='bbox 613 1527 646 1586; x_wconf 88' lang='lat' dir='ltr'>in</span> <span class='ocrx_word' id='word_1_104' title='bbox 665 1529 756 1605; x_wconf 88' lang='lat' dir='ltr'>hujus</span> <span class='ocrx_word' id='word_1_105' title='bbox 777 1527 931 1588; x_wconf 87' lang='lat' dir='ltr'>honorem</span> <span class='ocrx_word' id='word_1_106' title='bbox 950 1539 981 1589; x_wconf 88' lang='lat' dir='ltr'>et</span> <span class='ocrx_word' id='word_1_107' title='bbox 997 1529 1144 1593; x_wconf 89' lang='lat' dir='ltr'>similium</span> <span class='ocrx_word' id='word_1_108' title='bbox 1153 1574 1166 1611; x_wconf 31' lang='lat'>,¹</span> <span class='ocrx_word' id='word_1_109' title='bbox 1176 1533 1238 1618; x_wconf 28' lang='lat' dir='ltr'>,qui</span> <span class='ocrx_word' id='word_1_110' title='bbox 1252 1561 1254 1569; x_wconf 94' lang='lat'>·</span> 
     </span>
     <span class='ocr_line' id='line_1_15' title="bbox 92 1608 1238 1702; baseline -0.001 -21"><span class='ocrx_word' id='word_1_111' title='bbox 92 1616 376 1681; x_wconf 80' lang='lat' dir='ltr'>bremntomnibus</span> <span class='ocrx_word' id='word_1_112' title='bbox 390 1614 500 1677; x_wconf 90' lang='lat' dir='ltr'>seculis</span> <span class='ocrx_word' id='word_1_113' title='bbox 519 1610 635 1698; x_wconf 90' lang='lat' dir='ltr'>oppido</span> <span class='ocrx_word' id='word_1_114' title='bbox 656 1613 761 1697; x_wconf 89' lang='lat' dir='ltr'>pauci,</span> <span class='ocrx_word' id='word_1_115' title='bbox 788 1609 937 1698; x_wconf 79' lang='lat' dir='ltr'>Cynicus</span> <span class='ocrx_word' id='word_1_116' title='bbox 958 1615 1028 1676; x_wconf 88' lang='lat' dir='ltr'>heic</span> <span class='ocrx_word' id='word_1_117' title='bbox 1049 1608 1161 1692; x_wconf 73' lang='grc' dir='ltr'><strong><em>ἁπλῶς</em></strong></span> <span class='ocrx_word' id='word_1_118' title='bbox 1181 1633 1238 1702; x_wconf 88' lang='lat' dir='ltr'>pro</span> 
     </span>
     <span class='ocr_line' id='line_1_16' title="bbox 94 1696 1241 1790; baseline -0.001 -24"><span class='ocrx_word' id='word_1_119' title='bbox 94 1700 434 1790; x_wconf 81' lang='lat' dir='ltr'>philosophopunitur3</span> <span class='ocrx_word' id='word_1_120' title='bbox 456 1699 620 1778; x_wconf 78' lang='lat' dir='ltr'>ingenere</span> <span class='ocrx_word' id='word_1_121' title='bbox 639 1719 714 1760; x_wconf 86' lang='lat' dir='ltr'>vero</span> <span class='ocrx_word' id='word_1_122' title='bbox 736 1696 775 1761; x_wconf 86' lang='lat' dir='ltr'>de</span> <span class='ocrx_word' id='word_1_123' title='bbox 791 1696 929 1778; x_wconf 84' lang='lat' dir='ltr'>Cynicis,</span> <span class='ocrx_word' id='word_1_124' title='bbox 950 1720 1082 1784; x_wconf 87' lang='lat' dir='ltr'>quorum</span> <span class='ocrx_word' id='word_1_125' title='bbox 1102 1722 1138 1763; x_wconf 89' lang='lat' dir='ltr'>ea</span> <span class='ocrx_word' id='word_1_126' title='bbox 1151 1715 1241 1765; x_wconf 86' lang='lat' dir='ltr'>-tem-</span> 
     </span>
     <span class='ocr_line' id='line_1_17' title="bbox 94 1786 1240 1875; baseline -0.002 -23"><span class='ocrx_word' id='word_1_127' title='bbox 94 1799 214 1875; x_wconf 79' lang='lat' dir='ltr'>pestate</span> <span class='ocrx_word' id='word_1_128' title='bbox 229 1787 400 1851; x_wconf 83' lang='lat' dir='ltr'>uberrimus</span> <span class='ocrx_word' id='word_1_129' title='bbox 419 1796 482 1847; x_wconf 90' lang='lat' dir='ltr'>erat</span> <span class='ocrx_word' id='word_1_130' title='bbox 500 1794 683 1869; x_wconf 88' lang='lat' dir='ltr'>proventus,</span> <span class='ocrx_word' id='word_1_131' title='bbox 704 1786 787 1845; x_wconf 92' lang='lat' dir='ltr'>male</span> <span class='ocrx_word' id='word_1_132' title='bbox 807 1795 966 1846; x_wconf 88' lang='lat' dir='ltr'>senserunt</span> <span class='ocrx_word' id='word_1_133' title='bbox 986 1807 1051 1847; x_wconf 92' lang='lat' dir='ltr'>non</span> <span class='ocrx_word' id='word_1_134' title='bbox 1068 1790 1171 1850; x_wconf 89' lang='lat' dir='ltr'>solum</span> <span class='ocrx_word' id='word_1_135' title='bbox 1188 1789 1240 1852; x_wconf 89' lang='lat' dir='ltr'>isti</span> 
     </span>
     <span class='ocr_line' id='line_1_18' title="bbox 96 1865 1240 1956; baseline -0.001 -18"><span class='ocrx_word' id='word_1_136' title='bbox 96 1870 203 1938; x_wconf 79' lang='lat' dir='ltr'>osores</span> <span class='ocrx_word' id='word_1_137' title='bbox 220 1870 406 1936; x_wconf 82' lang='lat' dir='ltr'>Graecamm</span> <span class='ocrx_word' id='word_1_138' title='bbox 420 1869 657 1954; x_wconf 88' lang='lat' dir='ltr'>disciplinarum,</span> <span class='ocrx_word' id='word_1_139' title='bbox 678 1866 735 1931; x_wconf 88' lang='lat' dir='ltr'>sed</span> <span class='ocrx_word' id='word_1_140' title='bbox 749 1868 842 1931; x_wconf 88' lang='lat' dir='ltr'>etiam</span> <span class='ocrx_word' id='word_1_141' title='bbox 857 1890 875 1931; x_wconf 89' lang='lat' dir='ltr'>e</span> <span class='ocrx_word' id='word_1_142' title='bbox 888 1865 1011 1933; x_wconf 89' lang='lat' dir='ltr'>Graecis</span> <span class='ocrx_word' id='word_1_143' title='bbox 1024 1873 1240 1956; x_wconf 84' lang='lat' dir='ltr'>sapientissimi</span> 
     </span>
     <span class='ocr_line' id='line_1_19' title="bbox 96 1953 1239 2046; baseline 0 -25"><span class='ocrx_word' id='word_1_144' title='bbox 96 1959 226 2046; x_wconf 79' lang='lat' dir='ltr'>quique:</span> <span class='ocrx_word' id='word_1_145' title='bbox 254 1958 425 2023; x_wconf 87' lang='lat' dir='ltr'>nonenim</span> <span class='ocrx_word' id='word_1_146' title='bbox 453 1975 527 2019; x_wconf 89' lang='lat' dir='ltr'>vera</span> <span class='ocrx_word' id='word_1_147' title='bbox 547 1955 658 2017; x_wconf 88' lang='lat' dir='ltr'>virtute</span> <span class='ocrx_word' id='word_1_148' title='bbox 685 1953 920 2016; x_wconf 83' lang='lat' dir='ltr'>admirationem</span> <span class='ocrx_word' id='word_1_149' title='bbox 944 1957 1029 2036; x_wconf 89' lang='lat' dir='ltr'>vulgi</span> <span class='ocrx_word' id='word_1_150' title='bbox 1049 1959 1239 2039; x_wconf 84' lang='lat' dir='ltr'>colligebant,</span> 
     </span>
     <span class='ocr_line' id='line_1_20' title="bbox 96 2038 1327 2117; baseline -0.002 -7"><span class='ocrx_word' id='word_1_151' title='bbox 96 2043 152 2109; x_wconf 85' lang='lat' dir='ltr'>sed</span> <span class='ocrx_word' id='word_1_152' title='bbox 173 2047 279 2110; x_wconf 74' lang='lat' dir='ltr'>vultus</span> <span class='ocrx_word' id='word_1_153' title='bbox 291 2044 467 2106; x_wconf 87' lang='lat' dir='ltr'>torvitatem</span> <span class='ocrx_word' id='word_1_154' title='bbox 483 2051 513 2102; x_wconf 88' lang='lat' dir='ltr'>et</span> <span class='ocrx_word' id='word_1_155' title='bbox 525 2039 677 2102; x_wconf 90' lang='lat' dir='ltr'>tristitiam</span> <span class='ocrx_word' id='word_1_156' title='bbox 691 2061 727 2102; x_wconf 92' lang='lat' dir='ltr'>ac</span> <span class='ocrx_word' id='word_1_157' title='bbox 742 2038 972 2104; x_wconf 90' lang='lat' dir='ltr'>dissentientem</span> <span class='ocrx_word' id='word_1_158' title='bbox 995 2063 1013 2104; x_wconf 90' lang='lat' dir='ltr'>a</span> <span class='ocrx_word' id='word_1_159' title='bbox 1036 2045 1161 2113; x_wconf 84' lang='lat' dir='ltr'>caeteris</span> <span class='ocrx_word' id='word_1_160' title='bbox 1183 2046 1242 2108; x_wconf 89' lang='lat' dir='ltr'>ha·</span> <span class='ocrx_word' id='word_1_161' title='bbox 1320 2069 1327 2117; x_wconf 68' lang='lat'>3</span> 
     </span>
     <span class='ocr_line' id='line_1_21' title="bbox 95 2126 1242 2217; baseline -0.001 -23"><span class='ocrx_word' id='word_1_162' title='bbox 95 2132 197 2194; x_wconf 88' lang='lat' dir='ltr'>bitum</span> <span class='ocrx_word' id='word_1_163' title='bbox 297 2130 306 2145; x_wconf 74' lang='lat'><strong>⁹</strong></span> <span class='ocrx_word' id='word_1_164' title='bbox 340 2129 367 2191; x_wconf 91' lang='lat' dir='ltr'>is</span> <span class='ocrx_word' id='word_1_165' title='bbox 395 2128 533 2190; x_wconf 88' lang='lat' dir='ltr'>moribus</span> <span class='ocrx_word' id='word_1_166' title='bbox 555 2137 645 2210; x_wconf 90' lang='lat' dir='ltr'>atque</span> <span class='ocrx_word' id='word_1_167' title='bbox 670 2126 809 2210; x_wconf 89' lang='lat' dir='ltr'>impurae</span> <span class='ocrx_word' id='word_1_168' title='bbox 834 2127 1034 2203; x_wconf 85' lang='lat' dir='ltr'>obscoenitati</span> <span class='ocrx_word' id='word_1_169' title='bbox 1058 2129 1242 2217; x_wconf 88' lang='lat' dir='ltr'>praetende-</span> 
     </span>
     <span class='ocr_line' id='line_1_22' title="bbox 94 2211 1307 2296; baseline -0.002 -15"><span class='ocrx_word' id='word_1_170' title='bbox 94 2220 181 2281; x_wconf 87' lang='lat' dir='ltr'>bant.</span> <span class='ocrx_word' id='word_1_171' title='bbox 252 2236 310 2296; x_wconf 87' lang='lat' dir='ltr'>ege</span> <span class='ocrx_word' id='word_1_172' title='bbox 327 2213 439 2276; x_wconf 86' lang='lat' dir='ltr'>Dionis</span> <span class='ocrx_word' id='word_1_173' title='bbox 456 2211 670 2292; x_wconf 86' lang='lat' dir='ltr'>Chrysostomi</span> <span class='ocrx_word' id='word_1_174' title='bbox 689 2232 866 2274; x_wconf 88' lang='lat' dir='ltr'>sermonem</span> <span class='ocrx_word' id='word_1_175' title='bbox 880 2211 1080 2276; x_wconf 80' lang='lat' dir='ltr'>Alexandriae</span> <span class='ocrx_word' id='word_1_176' title='bbox 1101 2216 1242 2279; x_wconf 87' lang='lat' dir='ltr'>habitum</span> <span class='ocrx_word' id='word_1_177' title='bbox 1305 2240 1307 2250; x_wconf 92' lang='lat'>·</span> 
     </span>
     <span class='ocr_line' id='line_1_23' title="bbox 95 2295 1241 2385; baseline -0.003 -19"><span class='ocrx_word' id='word_1_178' title='bbox 95 2303 140 2385; x_wconf 81' lang='lat' dir='ltr'>[ct</span> <span class='ocrx_word' id='word_1_179' title='bbox 152 2304 243 2366; x_wconf 75' lang='lat' dir='ltr'>toros</span> <span class='ocrx_word' id='word_1_180' title='bbox 253 2301 378 2364; x_wconf 86' lang='lat' dir='ltr'>Luciani</span> <span class='ocrx_word' id='word_1_181' title='bbox 394 2321 442 2385; x_wconf 89' lang='lat' dir='ltr'>ap.</span> <span class='ocrx_word' id='word_1_182' title='bbox 454 2298 558 2378; x_wconf 81' lang='lat' dir='ltr'>Pass.3</span> <span class='ocrx_word' id='word_1_183' title='bbox 581 2295 620 2360; x_wconf 92' lang='lat' dir='ltr'>de</span> <span class='ocrx_word' id='word_1_184' title='bbox 633 2300 744 2375; x_wconf 89' lang='lat' dir='ltr'>barba,</span> <span class='ocrx_word' id='word_1_185' title='bbox 766 2319 859 2382; x_wconf 90' lang='lat' dir='ltr'>quam</span> <span class='ocrx_word' id='word_1_186' title='bbox 874 2299 1013 2377; x_wconf 88' lang='lat' dir='ltr'>alebant,</span> <span class='ocrx_word' id='word_1_187' title='bbox 1023 2354 1025 2359; x_wconf 95' lang='lat'><em>.</em></span> <span class='ocrx_word' id='word_1_188' title='bbox 1035 2299 1080 2362; x_wconf 91' lang='lat' dir='ltr'>Pl.</span> <span class='ocrx_word' id='word_1_189' title='bbox 1097 2300 1137 2363; x_wconf 91' lang='lat' dir='ltr'>ad</span> <span class='ocrx_word' id='word_1_190' title='bbox 1151 2301 1183 2363; x_wconf 90' lang='lat' dir='ltr'>h.</span> <span class='ocrx_word' id='word_1_191' title='bbox 1197 2303 1241 2382; x_wconf 77' lang='lat' dir='ltr'>l.].</span> 
     </span>
     <span class='ocr_line' id='line_1_24' title="bbox 94 2379 1256 2474; baseline -0.002 -22"><span class='ocrx_word' id='word_1_192' title='bbox 94 2387 192 2452; x_wconf 79' lang='lat' dir='ltr'>Porro</span> <span class='ocrx_word' id='word_1_193' title='bbox 209 2392 408 2474; x_wconf 86' lang='lat' dir='ltr'>&#39;quantopere</span> <span class='ocrx_word' id='word_1_194' title='bbox 434 2383 541 2466; x_wconf 85' lang='lat' dir='ltr'>Cynici</span> <span class='ocrx_word' id='word_1_195' title='bbox 564 2384 657 2445; x_wconf 89' lang='lat' dir='ltr'>etiam</span> <span class='ocrx_word' id='word_1_196' title='bbox 686 2383 717 2444; x_wconf 89' lang='lat' dir='ltr'>in</span> <span class='ocrx_word' id='word_1_197' title='bbox 738 2379 926 2458; x_wconf 87' lang='lat' dir='ltr'>Graecorum</span> <span class='ocrx_word' id='word_1_198' title='bbox 940 2384 1094 2467; x_wconf 89' lang='lat' dir='ltr'>¹urbibus,</span> <span class='ocrx_word' id='word_1_199' title='bbox 1125 2384 1256 2451; x_wconf 80' lang='lat' dir='ltr'>nedum·</span> 
     </span>
     <span class='ocr_line' id='line_1_25' title="bbox 95 2469 1338 2555; baseline -0.002 -17"><span class='ocrx_word' id='word_1_200' title='bbox 95 2472 235 2553; x_wconf 77' lang='lat' dir='ltr'>nomae,</span> <span class='ocrx_word' id='word_1_201' title='bbox 258 2476 297 2536; x_wconf 93' lang='lat' dir='ltr'>ab</span> <span class='ocrx_word' id='word_1_202' title='bbox 310 2472 454 2534; x_wconf 89' lang='lat' dir='ltr'>omnibus</span> <span class='ocrx_word' id='word_1_203' title='bbox 472 2480 700 2555; x_wconf 87' lang='lat' dir='ltr'>spernerentur,</span> <span class='ocrx_word' id='word_1_204' title='bbox 723 2481 824 2554; x_wconf 89' lang='lat' dir='ltr'>potest</span> <span class='ocrx_word' id='word_1_205' title='bbox 831 2469 964 2552; x_wconf 82' lang='lat' dir='ltr'>intelligi</span> <span class='ocrx_word' id='word_1_206' title='bbox 981 2473 1033 2535; x_wconf 88' lang='lat' dir='ltr'>vel</span> <span class='ocrx_word' id='word_1_207' title='bbox 1048 2492 1088 2534; x_wconf 78' lang='lat' dir='ltr'>err</span> <span class='ocrx_word' id='word_1_208' title='bbox 1102 2472 1242 2554; x_wconf 91' lang='lat' dir='ltr'>ejusdem</span> <span class='ocrx_word' id='word_1_209' title='bbox 1336 2486 1338 2495; x_wconf 88' lang='lat'>&#39;</span> 
     </span>
     <span class='ocr_line' id='line_1_26' title="bbox 96 2556 1280 2642; baseline 0.002 -19"><span class='ocrx_word' id='word_1_210' title='bbox 96 2558 211 2623; x_wconf 86' lang='lat' dir='ltr'>Dionis</span> <span class='ocrx_word' id='word_1_211' title='bbox 231 2556 412 2639; x_wconf 66' lang='lat' dir='ltr'>xxlv.,in</span> <span class='ocrx_word' id='word_1_212' title='bbox 435 2556 530 2642; x_wconf 91' lang='lat' dir='ltr'>princi</span> <span class='ocrx_word' id='word_1_213' title='bbox 552 2556 594 2617; x_wconf 90' lang='lat' dir='ltr'>io.</span> <span class='ocrx_word' id='word_1_214' title='bbox 991 2563 994 2571; x_wconf 88' lang='grc'><strong>’</strong></span> <span class='ocrx_word' id='word_1_215' title='bbox 1277 2616 1280 2625; x_wconf 89' lang='grc'>.</span> 
     </span>
    </p>

    <p class='ocr_par' dir='ltr' id='par_1_6' title="bbox 96 2639 1333 3671">
     <span class='ocr_line' id='line_1_27' title="bbox 185 2639 1241 2718; baseline 0 -11"><span class='ocrx_word' id='word_1_216' title='bbox 185 2640 342 2708; x_wconf 80' lang='lat' dir='ltr'>Barbam</span> <span class='ocrx_word' id='word_1_217' title='bbox 357 2639 489 2718; x_wconf 75' lang='lat' dir='ltr'>vellat]</span> <span class='ocrx_word' id='word_1_218' title='bbox 547 2642 597 2702; x_wconf 91' lang='lat' dir='ltr'>uia</span> <span class='ocrx_word' id='word_1_219' title='bbox 611 2640 813 2704; x_wconf 87' lang='lat' dir='ltr'>indolentiam</span> <span class='ocrx_word' id='word_1_220' title='bbox 826 2653 857 2705; x_wconf 93' lang='lat' dir='ltr'>et</span> <span class='ocrx_word' id='word_1_221' title='bbox 878 2643 1061 2706; x_wconf 82' lang='lat' dir='ltr'>vacuitatem</span> <span class='ocrx_word' id='word_1_222' title='bbox 1075 2645 1241 2707; x_wconf 88' lang='lat' dir='ltr'>affectuum</span> 
     </span>
     <span class='ocr_line' id='line_1_28' title="bbox 96 2720 1242 2819; baseline -0.001 -25"><span class='ocrx_word' id='word_1_223' title='bbox 96 2732 320 2819; x_wconf 84' lang='lat' dir='ltr'>profitebantur</span> <span class='ocrx_word' id='word_1_224' title='bbox 331 2726 428 2791; x_wconf 82' lang='lat' dir='ltr'>Stoici</span> <span class='ocrx_word' id='word_1_225' title='bbox 442 2739 533 2812; x_wconf 88' lang='lat' dir='ltr'>atque</span> <span class='ocrx_word' id='word_1_226' title='bbox 547 2725 662 2809; x_wconf 81' lang='lat' dir='ltr'>Cynici,</span> <span class='ocrx_word' id='word_1_227' title='bbox 684 2720 860 2812; x_wconf 77' lang='lat' dir='ltr'>propterea,</span> <span class='ocrx_word' id='word_1_228' title='bbox 884 2750 954 2790; x_wconf 88' lang='lat' dir='ltr'>cmn</span> <span class='ocrx_word' id='word_1_229' title='bbox 973 2728 1007 2791; x_wconf 90' lang='lat' dir='ltr'>in</span> <span class='ocrx_word' id='word_1_230' title='bbox 1026 2731 1148 2816; x_wconf 89' lang='lat' dir='ltr'>publico</span> <span class='ocrx_word' id='word_1_231' title='bbox 1165 2752 1242 2792; x_wconf 86' lang='lat' dir='ltr'>con-·</span> 
     </span>
     <span class='ocr_line' id='line_1_29' title="bbox 98 2811 1333 2904; baseline -0.001 -24"><span class='ocrx_word' id='word_1_232' title='bbox 98 2817 322 2904; x_wconf 82' lang='lat' dir='ltr'>spiciebantur,</span> <span class='ocrx_word' id='word_1_233' title='bbox 341 2835 402 2898; x_wconf 91' lang='lat' dir='ltr'>quo</span> <span class='ocrx_word' id='word_1_234' title='bbox 417 2812 574 2897; x_wconf 88' lang='lat' dir='ltr'>specimen</span> <span class='ocrx_word' id='word_1_235' title='bbox 591 2811 697 2876; x_wconf 81' lang='lat' dir='ltr'>‘darent</span> <span class='ocrx_word' id='word_1_236' title='bbox 717 2834 791 2875; x_wconf 87' lang='lat' dir='ltr'>suae</span> <span class='ocrx_word' id='word_1_237' title='bbox 812 2814 948 2892; x_wconf 89' lang='lat' dir='ltr'>virtutis,</span> <span class='ocrx_word' id='word_1_238' title='bbox 971 2816 1010 2877; x_wconf 88' lang='lat' dir='ltr'>ab</span> <span class='ocrx_word' id='word_1_239' title='bbox 1036 2816 1136 2879; x_wconf 89' lang='lat' dir='ltr'>obviis</span> <span class='ocrx_word' id='word_1_240' title='bbox 1158 2815 1244 2879; x_wconf 86' lang='lat' dir='ltr'>varie</span> <span class='ocrx_word' id='word_1_241' title='bbox 1330 2832 1333 2837; x_wconf 85' lang='grc'><strong>’</strong></span> 
     </span>
     <span class='ocr_line' id='line_1_30' title="bbox 100 2898 1242 2984; baseline -0.004 -18"><span class='ocrx_word' id='word_1_242' title='bbox 100 2904 309 2966; x_wconf 86' lang='lat' dir='ltr'>irritabantur:</span> <span class='ocrx_word' id='word_1_243' title='bbox 330 2901 408 2962; x_wconf 88' lang='lat' dir='ltr'>alius</span> <span class='ocrx_word' id='word_1_244' title='bbox 430 2919 485 2961; x_wconf 91' lang='lat' dir='ltr'>eos</span> <span class='ocrx_word' id='word_1_245' title='bbox 508 2918 603 2961; x_wconf 89' lang='lat' dir='ltr'>sanna</span> <span class='ocrx_word' id='word_1_246' title='bbox 617 2898 802 2984; x_wconf 80' lang='lat' dir='ltr'>excipiebat,</span> <span class='ocrx_word' id='word_1_247' title='bbox 825 2899 901 2962; x_wconf 89' lang='lat' dir='ltr'>alius</span> <span class='ocrx_word' id='word_1_248' title='bbox 925 2900 1093 2964; x_wconf 88' lang='lat' dir='ltr'>convitium</span> <span class='ocrx_word' id='word_1_249' title='bbox 1113 2899 1242 2980; x_wconf 84' lang='lat' dir='ltr'>dicebat,</span> 
     </span>
     <span class='ocr_line' id='line_1_31' title="bbox 102 2984 1244 3071; baseline -0.003 -19"><span class='ocrx_word' id='word_1_250' title='bbox 102 2989 179 3071; x_wconf 74' lang='lat' dir='ltr'>alius</span> <span class='ocrx_word' id='word_1_251' title='bbox 197 2996 319 3051; x_wconf 84' lang='lat' dir='ltr'>vestem</span> <span class='ocrx_word' id='word_1_252' title='bbox 332 2986 471 3048; x_wconf 87' lang='lat' dir='ltr'>trahebat</span> <span class='ocrx_word' id='word_1_253' title='bbox 489 2995 541 3045; x_wconf 90' lang='lat' dir='ltr'>aut</span> <span class='ocrx_word' id='word_1_254' title='bbox 559 2984 687 3061; x_wconf 88' lang='lat' dir='ltr'>barbam</span> <span class='ocrx_word' id='word_1_255' title='bbox 707 2986 840 3046; x_wconf 86' lang='lat' dir='ltr'>vellebat</span> <span class='ocrx_word' id='word_1_256' title='bbox 860 2996 912 3046; x_wconf 89' lang='lat' dir='ltr'>aut</span> <span class='ocrx_word' id='word_1_257' title='bbox 932 2986 993 3047; x_wconf 89' lang='lat' dir='ltr'>alio</span> <span class='ocrx_word' id='word_1_258' title='bbox 1017 2988 1128 3071; x_wconf 90' lang='lat' dir='ltr'>quovis</span> <span class='ocrx_word' id='word_1_259' title='bbox 1146 2985 1244 3049; x_wconf 85' lang='lat' dir='ltr'>modo</span> 
     </span>
     <span class='ocr_line' id='line_1_32' title="bbox 101 3068 1245 3157; baseline -0.006 -17"><span class='ocrx_word' id='word_1_260' title='bbox 101 3076 253 3140; x_wconf 86' lang='lat' dir='ltr'>molestus</span> <span class='ocrx_word' id='word_1_261' title='bbox 272 3083 351 3134; x_wconf 84' lang='lat' dir='ltr'>erat:</span> <span class='ocrx_word' id='word_1_262' title='bbox 373 3082 479 3133; x_wconf 87' lang='lat' dir='ltr'>auctor</span> <span class='ocrx_word' id='word_1_263' title='bbox 493 3068 555 3131; x_wconf 89' lang='lat' dir='ltr'>Dio</span> <span class='ocrx_word' id='word_1_264' title='bbox 572 3069 813 3149; x_wconf 79' lang='lat' dir='ltr'>Chrysostomus&#39;</span> <span class='ocrx_word' id='word_1_265' title='bbox 828 3070 861 3131; x_wconf 89' lang='lat' dir='ltr'>in</span> <span class='ocrx_word' id='word_1_266' title='bbox 878 3090 915 3132; x_wconf 88' lang='lat' dir='ltr'>ea</span> <span class='ocrx_word' id='word_1_267' title='bbox 931 3069 970 3134; x_wconf 87' lang='lat' dir='ltr'>de</span> <span class='ocrx_word' id='word_1_268' title='bbox 990 3073 1117 3134; x_wconf 88' lang='lat' dir='ltr'>schema</span> <span class='ocrx_word' id='word_1_269' title='bbox 1139 3073 1245 3157; x_wconf 89' lang='lat' dir='ltr'>philo-</span> 
     </span>
     <span class='ocr_line' id='line_1_33' title="bbox 103 3153 1297 3247; baseline -0.003 -24"><span class='ocrx_word' id='word_1_270' title='bbox 103 3159 214 3247; x_wconf 80' lang='lat' dir='ltr'>sophi:</span> <span class='ocrx_word' id='word_1_271' title='bbox 236 3158 281 3221; x_wconf 87' lang='lat' dir='ltr'>sic</span> <span class='ocrx_word' id='word_1_272' title='bbox 298 3154 373 3218; x_wconf 72' lang='lat' dir='ltr'>otim</span> <span class='ocrx_word' id='word_1_273' title='bbox 394 3155 534 3219; x_wconf 86' lang='lat' dir='ltr'>Socrates</span> <span class='ocrx_word' id='word_1_274' title='bbox 556 3176 610 3238; x_wconf 87' lang='lat' dir='ltr'>per</span> <span class='ocrx_word' id='word_1_275' title='bbox 621 3155 756 3216; x_wconf 87' lang='lat' dir='ltr'>Athenas</span> <span class='ocrx_word' id='word_1_276' title='bbox 769 3153 942 3235; x_wconf 89' lang='lat' dir='ltr'>ingrediens</span> <span class='ocrx_word' id='word_1_277' title='bbox 961 3156 1068 3225; x_wconf 83' lang='lat' dir='ltr'>solitus</span> <span class='ocrx_word' id='word_1_278' title='bbox 1089 3155 1297 3231; x_wconf 72' lang='lat' dir='ltr'>aunarii-167</span> 
     </span>
     <span class='ocr_line' id='line_1_34' title="bbox 103 3240 1243 3325; baseline -0.003 -17"><span class='ocrx_word' id='word_1_279' title='bbox 103 3248 242 3324; x_wconf 71' lang='lat' dir='ltr'>nana,</span> <span class='ocrx_word' id='word_1_280' title='bbox 272 3254 304 3304; x_wconf 89' lang='lat' dir='ltr'>ut</span> <span class='ocrx_word' id='word_1_281' title='bbox 324 3243 366 3304; x_wconf 89' lang='lat' dir='ltr'>ait</span> <span class='ocrx_word' id='word_1_282' title='bbox 382 3241 520 3305; x_wconf 71' lang='lat' dir='ltr'>Laertius</span> <span class='ocrx_word' id='word_1_283' title='bbox 548 3240 636 3317; x_wconf 90' lang='lat' dir='ltr'>[errat</span> <span class='ocrx_word' id='word_1_284' title='bbox 661 3241 693 3301; x_wconf 93' lang='lat' dir='ltr'>in</span> <span class='ocrx_word' id='word_1_285' title='bbox 705 3240 825 3302; x_wconf 87' lang='lat' dir='ltr'>-Laertii</span> <span class='ocrx_word' id='word_1_286' title='bbox 843 3243 962 3320; x_wconf 88' lang='lat' dir='ltr'>verbis,</span> <span class='ocrx_word' id='word_1_287' title='bbox 989 3253 1024 3325; x_wconf 81' lang='lat' dir='ltr'>ut</span> <span class='ocrx_word' id='word_1_288' title='bbox 1042 3241 1176 3325; x_wconf 89' lang='lat' dir='ltr'>ostendit</span> <span class='ocrx_word' id='word_1_289' title='bbox 1196 3241 1243 3307; x_wconf 88' lang='lat' dir='ltr'>I&#39;l.</span> 
     </span>
     <span class='ocr_line' id='line_1_35' title="bbox 103 3324 1246 3417; baseline -0.004 -22"><span class='ocrx_word' id='word_1_290' title='bbox 103 3329 224 3417; x_wconf 77' lang='lat' dir='ltr'><strong>p.174.</strong></span> <span class='ocrx_word' id='word_1_291' title='bbox 242 3327 339 3407; x_wconf 79' lang='lat' dir='ltr'>not.]:</span> <span class='ocrx_word' id='word_1_292' title='bbox 361 3326 435 3401; x_wconf 84' lang='lat' dir='ltr'>inde</span> <span class='ocrx_word' id='word_1_293' title='bbox 456 3327 653 3412; x_wconf 87' lang='lat' dir='ltr'>proverbium</span> <span class='ocrx_word' id='word_1_294' title='bbox 675 3325 714 3388; x_wconf 92' lang='lat' dir='ltr'>de</span> <span class='ocrx_word' id='word_1_295' title='bbox 737 3327 824 3387; x_wconf 89' lang='lat' dir='ltr'>omni</span> <span class='ocrx_word' id='word_1_296' title='bbox 849 3337 1005 3407; x_wconf 77' lang='lat' dir='ltr'>contemtu</span> <span class='ocrx_word' id='word_1_297' title='bbox 1025 3324 1086 3390; x_wconf 84' lang='grc' dir='ltr'>τὸν</span> <span class='ocrx_word' id='word_1_298' title='bbox 1100 3324 1246 3412; x_wconf 76' lang='grc' dir='ltr'><strong><em>πώγωνα</em></strong></span> 
     </span>
     <span class='ocr_line' id='line_1_36' title="bbox 103 3405 1297 3495; baseline -0.003 -14"><span class='ocrx_word' id='word_1_299' title='bbox 103 3415 227 3481; x_wconf 75' lang='grc' dir='ltr'>τίλλειν</span> <span class='ocrx_word' id='word_1_300' title='bbox 239 3410 322 3491; x_wconf 71' lang='lat' dir='ltr'>ravi,</span> <span class='ocrx_word' id='word_1_301' title='bbox 343 3415 411 3492; x_wconf 86' lang='lat' dir='ltr'>vel,</span> <span class='ocrx_word' id='word_1_302' title='bbox 435 3423 468 3474; x_wconf 91' lang='lat' dir='ltr'>ut</span> <span class='ocrx_word' id='word_1_303' title='bbox 482 3411 619 3474; x_wconf 88' lang='lat' dir='ltr'>Julianus</span> <span class='ocrx_word' id='word_1_304' title='bbox 633 3411 779 3495; x_wconf 87' lang='lat' dir='ltr'>loquitur,</span> <span class='ocrx_word' id='word_1_305' title='bbox 802 3405 949 3494; x_wconf 77' lang='grc' dir='ltr'>ὑβρίζειν</span> <span class='ocrx_word' id='word_1_306' title='bbox 968 3412 1014 3488; x_wconf 82' lang='grc' dir='ltr'>εἰς</span> <span class='ocrx_word' id='word_1_307' title='bbox 1030 3408 1090 3490; x_wconf 77' lang='grc' dir='ltr'>τοὶς</span> <span class='ocrx_word' id='word_1_308' title='bbox 1107 3410 1160 3478; x_wconf 78' lang='grc' dir='ltr'>ἐπὶ</span> <span class='ocrx_word' id='word_1_309' title='bbox 1179 3414 1297 3495; x_wconf 72' lang='lat' dir='ltr'>emitto)</span> 
     </span>
     <span class='ocr_line' id='line_1_37' title="bbox 104 3494 1246 3583; baseline -0.002 -16"><span class='ocrx_word' id='word_1_310' title='bbox 104 3498 239 3583; x_wconf 72' lang='grc' dir='ltr'>γενείου</span> <span class='ocrx_word' id='word_1_311' title='bbox 259 3498 388 3582; x_wconf 67' lang='lat' dir='ltr'>vulgator</span> <span class='ocrx_word' id='word_1_312' title='bbox 411 3510 442 3561; x_wconf 92' lang='lat' dir='ltr'>et</span> <span class='ocrx_word' id='word_1_313' title='bbox 455 3497 588 3575; x_wconf 88' lang='lat' dir='ltr'>Latinis,</span> <span class='ocrx_word' id='word_1_314' title='bbox 611 3494 760 3559; x_wconf 84' lang='lat' dir='ltr'>barbam</span> <span class='ocrx_word' id='word_1_315' title='bbox 780 3495 891 3560; x_wconf 82' lang='lat' dir='ltr'>alicui</span> <span class='ocrx_word' id='word_1_316' title='bbox 911 3496 1061 3561; x_wconf 76' lang='lat' dir='ltr'>vellere:</span> <span class='ocrx_word' id='word_1_317' title='bbox 1084 3502 1132 3562; x_wconf 92' lang='lat' dir='ltr'>cui</span> <span class='ocrx_word' id='word_1_318' title='bbox 1144 3502 1246 3564; x_wconf 89' lang='lat' dir='ltr'>simile</span> 
     </span>
     <span class='ocr_line' id='line_1_38' title="bbox 104 3582 1158 3671; baseline -0.001 -19"><span class='ocrx_word' id='word_1_319' title='bbox 104 3590 138 3652; x_wconf 91' lang='lat' dir='ltr'>in</span> <span class='ocrx_word' id='word_1_320' title='bbox 150 3584 400 3654; x_wconf 82' lang='lat' dir='ltr'>secunda&#39;Satira</span> <span class='ocrx_word' id='word_1_321' title='bbox 415 3583 480 3664; x_wconf 77' lang='lat'><strong>[28]</strong></span> <span class='ocrx_word' id='word_1_322' title='bbox 506 3582 544 3645; x_wconf 92' lang='lat' dir='ltr'>de</span> <span class='ocrx_word' id='word_1_323' title='bbox 558 3586 643 3645; x_wconf 86' lang='lat' dir='ltr'>fatuo</span> <span class='ocrx_word' id='word_1_324' title='bbox 662 3595 693 3645; x_wconf 86' lang='lat' dir='ltr'>et</span> <span class='ocrx_word' id='word_1_325' title='bbox 714 3583 755 3646; x_wconf 90' lang='lat' dir='ltr'>ad</span> <span class='ocrx_word' id='word_1_326' title='bbox 773 3583 939 3647; x_wconf 85' lang='lat' dir='ltr'>ludibrium</span> <span class='ocrx_word' id='word_1_327' title='bbox 960 3586 1118 3671; x_wconf 78' lang='lat' dir='ltr'>expositor</span> <span class='ocrx_word' id='word_1_328' title='bbox 1155 3605 1158 3608; x_wconf 77' lang='grc'>’</span> 
     </span>
    </p>

    <p class='ocr_par' dir='ltr' id='par_1_7' title="bbox 319 3665 1059 3755">
     <span class='ocr_line' id='line_1_39' title="bbox 319 3665 1059 3755; baseline 0.001 -23"><span class='ocrx_word' id='word_1_329' title='bbox 319 3666 648 3755; x_wconf 21' lang='lat' dir='ltr'>stolidamxpraebet</span> <span class='ocrx_word' id='word_1_330' title='bbox 666 3665 878 3751; x_wconf 65' lang='lat' dir='ltr'>tibiaellera</span> <span class='ocrx_word' id='word_1_331' title='bbox 903 3666 1059 3733; x_wconf 83' lang='lat' dir='ltr'>barbam.</span> 
     </span>
    </p>

    <p class='ocr_par' dir='ltr' id='par_1_8' title="bbox 82 3753 1253 4533">
     <span class='ocr_line' id='line_1_40' title="bbox 192 3753 1249 3842; baseline -0.004 -18"><span class='ocrx_word' id='word_1_332' title='bbox 192 3754 369 3824; x_wconf 77' lang='lat' dir='ltr'>Patalam</span> <span class='ocrx_word' id='word_1_333' title='bbox 391 3753 563 3834; x_wconf 82' lang='lat' dir='ltr'>nonaria]</span> <span class='ocrx_word' id='word_1_334' title='bbox 592 3755 739 3818; x_wconf 72' lang='lat' dir='ltr'>Meretrix</span> <span class='ocrx_word' id='word_1_335' title='bbox 762 3755 801 3817; x_wconf 92' lang='lat' dir='ltr'>de</span> <span class='ocrx_word' id='word_1_336' title='bbox 828 3756 884 3819; x_wconf 85' lang='lat' dir='ltr'>via.</span> <span class='ocrx_word' id='word_1_337' title='bbox 903 3768 1127 3841; x_wconf 89' lang='lat' dir='ltr'>praetereuntes</span> <span class='ocrx_word' id='word_1_338' title='bbox 1145 3769 1249 3842; x_wconf 84' lang='lat' dir='ltr'>petere</span> 
     </span>
     <span class='ocr_line' id='line_1_41' title="bbox 106 3839 1250 3928; baseline 0 -23"><span class='ocrx_word' id='word_1_339' title='bbox 106 3865 142 3905; x_wconf 94' lang='lat' dir='ltr'>ac</span> <span class='ocrx_word' id='word_1_340' title='bbox 165 3846 317 3907; x_wconf 85' lang='lat' dir='ltr'>lacessere</span> <span class='ocrx_word' id='word_1_341' title='bbox 339 3842 444 3905; x_wconf 84' lang='lat' dir='ltr'>solita:</span> <span class='ocrx_word' id='word_1_342' title='bbox 476 3839 644 3904; x_wconf 80' lang='lat' dir='ltr'>narrariac</span> <span class='ocrx_word' id='word_1_343' title='bbox 669 3863 686 3902; x_wconf 92' lang='lat' dir='ltr'>a</span> <span class='ocrx_word' id='word_1_344' title='bbox 709 3863 790 3903; x_wconf 91' lang='lat' dir='ltr'>nona</span> <span class='ocrx_word' id='word_1_345' title='bbox 819 3842 896 3902; x_wconf 91' lang='lat' dir='ltr'>hora</span> <span class='ocrx_word' id='word_1_346' title='bbox 923 3840 1020 3904; x_wconf 89' lang='lat' dir='ltr'>dictae</span> <span class='ocrx_word' id='word_1_347' title='bbox 1049 3843 1113 3928; x_wconf 88' lang='lat' dir='ltr'>[per</span> <span class='ocrx_word' id='word_1_348' title='bbox 1134 3865 1250 3928; x_wconf 89' lang='lat' dir='ltr'>oppro-</span> 
     </span>
     <span class='ocr_line' id='line_1_42' title="bbox 105 3924 1251 4015; baseline -0.001 -23"><span class='ocrx_word' id='word_1_349' title='bbox 105 3929 209 3993; x_wconf 90' lang='lat' dir='ltr'>brium</span> <span class='ocrx_word' id='word_1_350' title='bbox 228 3928 370 4015; x_wconf 87' lang='lat' dir='ltr'>quidem,</span> <span class='ocrx_word' id='word_1_351' title='bbox 393 3940 426 3989; x_wconf 86' lang='lat' dir='ltr'>ut</span> <span class='ocrx_word' id='word_1_352' title='bbox 446 3924 739 4013; x_wconf 81' lang='lat' dir='ltr'>quadrantariae,</span> <span class='ocrx_word' id='word_1_353' title='bbox 763 3924 988 4007; x_wconf 81' lang='lat' dir='ltr'>diabolares],</span> <span class='ocrx_word' id='word_1_354' title='bbox 1016 3928 1098 4012; x_wconf 90' lang='lat' dir='ltr'>quod</span> <span class='ocrx_word' id='word_1_355' title='bbox 1117 3950 1152 3991; x_wconf 89' lang='lat' dir='ltr'>ea</span> <span class='ocrx_word' id='word_1_356' title='bbox 1173 3931 1251 3991; x_wconf 89' lang='lat' dir='ltr'>hora</span> 
     </span>
     <span class='ocr_line' id='line_1_43' title="bbox 107 4014 1250 4100; baseline -0.002 -21"><span class='ocrx_word' id='word_1_357' title='bbox 107 4028 225 4100; x_wconf 88' lang='lat' dir='ltr'>pateret</span> <span class='ocrx_word' id='word_1_358' title='bbox 251 4014 351 4085; x_wconf 76' lang='lat' dir='ltr'>adibis</span> <span class='ocrx_word' id='word_1_359' title='bbox 373 4014 412 4076; x_wconf 91' lang='lat' dir='ltr'>ad</span> <span class='ocrx_word' id='word_1_360' title='bbox 432 4014 604 4099; x_wconf 87' lang='lat' dir='ltr'>lupanaria,</span> <span class='ocrx_word' id='word_1_361' title='bbox 635 4035 706 4096; x_wconf 85' lang='lat' dir='ltr'>cum</span> <span class='ocrx_word' id='word_1_362' title='bbox 729 4026 800 4074; x_wconf 89' lang='lat' dir='ltr'>ante</span> <span class='ocrx_word' id='word_1_363' title='bbox 820 4015 938 4075; x_wconf 88' lang='lat' dir='ltr'>clausae</span> <span class='ocrx_word' id='word_1_364' title='bbox 960 4027 1061 4077; x_wconf 90' lang='lat' dir='ltr'>essent</span> <span class='ocrx_word' id='word_1_365' title='bbox 1078 4017 1176 4093; x_wconf 86' lang='lat' dir='ltr'>fores,</span> <span class='ocrx_word' id='word_1_366' title='bbox 1198 4018 1250 4079; x_wconf 90' lang='lat' dir='ltr'>vel</span> 
     </span>
     <span class='ocr_line' id='line_1_44' title="bbox 108 4097 1251 4183; baseline -0.003 -19"><span class='ocrx_word' id='word_1_367' title='bbox 108 4124 148 4164; x_wconf 88' lang='lat' dir='ltr'>ex</span> <span class='ocrx_word' id='word_1_368' title='bbox 168 4123 257 4165; x_wconf 88' lang='lat' dir='ltr'>more</span> <span class='ocrx_word' id='word_1_369' title='bbox 285 4102 336 4163; x_wconf 89' lang='lat' dir='ltr'>vel</span> <span class='ocrx_word' id='word_1_370' title='bbox 354 4122 393 4161; x_wconf 87' lang='lat' dir='ltr'>ex</span> <span class='ocrx_word' id='word_1_371' title='bbox 414 4102 483 4180; x_wconf 85' lang='lat' dir='ltr'>lege</span> <span class='ocrx_word' id='word_1_372' title='bbox 506 4112 557 4160; x_wconf 92' lang='lat' dir='ltr'>aut</span> <span class='ocrx_word' id='word_1_373' title='bbox 579 4097 678 4161; x_wconf 91' lang='lat' dir='ltr'>edicto</span> <span class='ocrx_word' id='word_1_374' title='bbox 698 4099 798 4183; x_wconf 88' lang='lat' dir='ltr'>aliquo</span> <span class='ocrx_word' id='word_1_375' title='bbox 824 4099 883 4176; x_wconf 86' lang='lat' dir='ltr'>[cf.</span> <span class='ocrx_word' id='word_1_376' title='bbox 899 4098 977 4178; x_wconf 87' lang='lat' dir='ltr'>Pl.]:</span> <span class='ocrx_word' id='word_1_377' title='bbox 1008 4101 1056 4162; x_wconf 92' lang='lat' dir='ltr'>cui</span> <span class='ocrx_word' id='word_1_378' title='bbox 1078 4101 1178 4163; x_wconf 92' lang='lat' dir='ltr'>simile</span> <span class='ocrx_word' id='word_1_379' title='bbox 1204 4110 1251 4163; x_wconf 87' lang='lat' dir='ltr'>est</span> 
     </span>
     <span class='ocr_line' id='line_1_45' title="bbox 108 4185 1251 4271; baseline -0.003 -21"><span class='ocrx_word' id='word_1_380' title='bbox 108 4186 245 4250; x_wconf 88' lang='lat' dir='ltr'>edictum</span> <span class='ocrx_word' id='word_1_381' title='bbox 268 4185 344 4248; x_wconf 90' lang='lat' dir='ltr'>illud</span> <span class='ocrx_word' id='word_1_382' title='bbox 359 4186 490 4270; x_wconf 79' lang='lat' dir='ltr'>Ampelii</span> <span class='ocrx_word' id='word_1_383' title='bbox 507 4187 649 4270; x_wconf 84' lang='lat' dir='ltr'>praefecti</span> <span class='ocrx_word' id='word_1_384' title='bbox 667 4185 740 4248; x_wconf 91' lang='lat' dir='ltr'>Urbi</span> <span class='ocrx_word' id='word_1_385' title='bbox 761 4186 817 4248; x_wconf 87' lang='lat' dir='ltr'>sub</span> <span class='ocrx_word' id='word_1_386' title='bbox 840 4185 1070 4263; x_wconf 88' lang='lat' dir='ltr'>Valentiniano,</span> <span class='ocrx_word' id='word_1_387' title='bbox 1093 4208 1154 4271; x_wconf 92' lang='lat' dir='ltr'>quo</span> <span class='ocrx_word' id='word_1_388' title='bbox 1172 4186 1251 4250; x_wconf 90' lang='lat' dir='ltr'>cavit</span> 
     </span>
     <span class='ocr_line' id='line_1_46' title="bbox 109 4271 1252 4356; baseline -0.002 -21"><span class='ocrx_word' id='word_1_389' title='bbox 109 4274 160 4351; x_wconf 89' lang='lat' dir='ltr'>[ne</span> <span class='ocrx_word' id='word_1_390' title='bbox 182 4277 309 4337; x_wconf 88' lang='lat' dir='ltr'>taberna</span> <span class='ocrx_word' id='word_1_391' title='bbox 328 4271 444 4335; x_wconf 88' lang='lat' dir='ltr'>vinaria</span> <span class='ocrx_word' id='word_1_392' title='bbox 466 4283 537 4332; x_wconf 90' lang='lat' dir='ltr'>ante</span> <span class='ocrx_word' id='word_1_393' title='bbox 558 4273 668 4332; x_wconf 89' lang='lat' dir='ltr'>horam</span> <span class='ocrx_word' id='word_1_394' title='bbox 692 4283 829 4355; x_wconf 90' lang='lat' dir='ltr'>quartam</span> <span class='ocrx_word' id='word_1_395' title='bbox 855 4273 1019 4356; x_wconf 88' lang='lat' dir='ltr'>aperiretur</span> <span class='ocrx_word' id='word_1_396' title='bbox 1040 4294 1120 4335; x_wconf 87' lang='lat' dir='ltr'>neve</span> <span class='ocrx_word' id='word_1_397' title='bbox 1140 4292 1252 4354; x_wconf 87' lang='lat' dir='ltr'>aquam</span> 
     </span>
     <span class='ocr_line' id='line_1_47' title="bbox 82 4355 1253 4442; baseline -0.004 -19"><span class='ocrx_word' id='word_1_398' title='bbox 82 4382 88 4399; x_wconf 73' lang='lat'><strong>¹</strong></span> <span class='ocrx_word' id='word_1_399' title='bbox 107 4361 280 4442; x_wconf 85' lang='lat' dir='ltr'>vulgarium</span> <span class='ocrx_word' id='word_1_400' title='bbox 297 4359 474 4437; x_wconf 78' lang='lat' dir='ltr'>calefaceret</span> <span class='ocrx_word' id='word_1_401' title='bbox 487 4357 656 4442; x_wconf 88' lang='lat' dir='ltr'>quisquam,</span> <span class='ocrx_word' id='word_1_402' title='bbox 680 4359 720 4436; x_wconf 87' lang='lat' dir='ltr'>et]</span> <span class='ocrx_word' id='word_1_403' title='bbox 731 4377 771 4418; x_wconf 87' lang='lat' dir='ltr'>ne</span> <span class='ocrx_word' id='word_1_404' title='bbox 785 4378 881 4442; x_wconf 87' lang='lat' dir='ltr'>usque</span> <span class='ocrx_word' id='word_1_405' title='bbox 904 4357 944 4419; x_wconf 90' lang='lat' dir='ltr'>ad</span> <span class='ocrx_word' id='word_1_406' title='bbox 963 4359 1173 4442; x_wconf 85' lang='lat' dir='ltr'>praestitutum</span> <span class='ocrx_word' id='word_1_407' title='bbox 1190 4355 1253 4420; x_wconf 83' lang='lat' dir='ltr'>diei</span> 
     </span>
     <span class='ocr_line' id='line_1_48' title="bbox 108 4442 1252 4533; baseline -0.002 -25"><span class='ocrx_word' id='word_1_408' title='bbox 108 4448 242 4533; x_wconf 84' lang='lat' dir='ltr'>spatium</span> <span class='ocrx_word' id='word_1_409' title='bbox 255 4445 476 4515; x_wconf 77' lang='lat' dir='ltr'>lixaecoctam</span> <span class='ocrx_word' id='word_1_410' title='bbox 491 4454 697 4528; x_wconf 88' lang='lat' dir='ltr'>proponerent</span> <span class='ocrx_word' id='word_1_411' title='bbox 715 4464 854 4524; x_wconf 86' lang='lat' dir='ltr'>carnem,</span> <span class='ocrx_word' id='word_1_412' title='bbox 876 4454 910 4503; x_wconf 92' lang='lat' dir='ltr'>ut</span> <span class='ocrx_word' id='word_1_413' title='bbox 930 4455 1035 4505; x_wconf 90' lang='lat' dir='ltr'>auctor</span> <span class='ocrx_word' id='word_1_414' title='bbox 1055 4454 1101 4506; x_wconf 90' lang='lat' dir='ltr'>est</span> <span class='ocrx_word' id='word_1_415' title='bbox 1115 4442 1252 4511; x_wconf 77' lang='lat' dir='ltr'>Ammia-</span> 
     </span>
    </p>
   </div>
   <div class='ocr_carea' id='block_1_3' title="bbox 0 0 1385 4972">
    <p class='ocr_par' dir='ltr' id='par_1_9' title="bbox 0 0 1385 4972">
     <span class='ocr_line' id='line_1_49' title="bbox 0 0 1385 4972; baseline 0 0"><span class='ocrx_word' id='word_1_416' title='bbox 0 0 1385 4972; x_wconf 95' lang='lat' dir='ltr'> </span> 
     </span>
    </p>
   </div>
  </div>
 </body>
</html>
