2700 4972
283 304 292 313 “
330 282 394 388 sn
427 317 591 390 mrsu
624 315 845 391 ssrrnrn
870 317 942 388 111.
1171 326 1235 394 rsa

101 493 145 559 rd-
163 493 331 582 capiendas
351 514 425 560 aves
445 491 631 581 prodiimus,
649 492 706 557 sed
723 504 839 557 temero
858 514 894 557 ac
912 514 967 581 per
984 492 1142 561 lasciviam
1160 517 1235 562 aves

101 581 211 647 obvias
232 598 277 645 eo*
293 591 425 666 arrepto,
449 576 531 665 quod
552 581 686 666 primum
705 580 739 641 in
759 600 868 643 manus
890 580 1023 659 venerit,
1043 582 1184 666 petimus.

139 740 144 745 Ι
184 670 239 735 62
259 662 409 753 Securus
425 686 491 753 quo
500 660 699 750 perferat]
719 663 811 727 lllore
833 685 957 743 eorum,
978 663 1039 752 qui
1056 664 1130 729 riae
1194 689 1236 731 ο·

97 750 214 838 posito
234 758 427 838 vagantur,
451 759 650 836 quaerentes
666 746 806 836 negotia
813 772 827 825 ,·
850 747 909 835 qni
928 771 995 813 non
1018 770 1106 839 quae
1151 750 1237 815 esti*
1312 777 1315 783 ·

99 844 289 912 naverunt,
317 845 444 923 agunt,
469 833 532 898 sed
552 833 588 897 in
612 856 699 922 quae
720 832 957 914 incurrerunt,
991 835 1033 899 ait
1059 834 1176 917 Seneca
1196 837 1238 903 de

99 921 313 1007 tranquillitate
328 922 457 985 animae.
480 921 517 998 [c.
535 920 599 1000 12]

184 1004 303 1092 Atque
325 1027 369 1068 ex
386 1016 539 1105 tempore
557 1002 687 1084 vivisP]
722 998 817 1085 Quod
833 1001 942 1069 Graeci
961 1004 1065 1070 dicunt
1085 1001 1237 1092 αὐτοσχι·

98 1084 226 1171 διάξειν
242 1089 303 1156 τὸν
317 1090 409 1175 βίον,
428 1111 539 1155 νινενε
559 1110 601 1153 ex
614 1100 785 1175 tempore,
806 1092 876 1154 heic
893 1102 939 1155 est
953 1093 1059 1156 vivere
1079 1094 1145 1156 sine
1163 1117 1238 1181 pro-

96 1179 202 1267 posito
215 1189 247 1240 et
259 1177 367 1239 ultimo
382 1179 462 1257 line,
481 1189 527 1255 et,
548 1187 582 1237 ut
600 1176 731 1260 loquitur
749 1174 882 1255 Seneca,
904 1173 1007 1239 atiud
1024 1176 1159 1262 agendo
1181 1179 1238 1244 νὶ-

96 1283 200 1335 νεεες
243 1264 276 1324 ni
297 1263 339 1324 ita
363 1264 460 1328 vitam
479 1262 654 1338 instituunt,
683 1259 780 1323 modo
803 1263 864 1323 hoc
884 1264 1014 1347 probant
1031 1262 1128 1326 modo
1150 1264 1238 1333 illud.

95 1348 225 1413 Morcus
268 1348 357 1410 ullius
367 1348 400 1410 in
415 1348 519 1433 quinto
530 1345 772 1408 Tusculanorum
786 1351 848 1420 [11,
860 1343 888 1429 §
902 1347 978 1428 33]:
1001 1343 1079 1411 Nos
1091 1346 1128 1411 in
1145 1347 1237 1413 diem

97 1430 255 1501 vivimus
263 1440 297 1495 et
314 1429 534 1532 qreodcurrpue
549 1439 682 1493 nostros
696 1429 830 1493 animos
836 1426 1084 1515 probabilitate
1094 1454 1239 1519 percus·
1256 1436 1259 1441 '

97 1516 164 1597 ott,
188 1512 231 1581 id
244 1514 409 1581 dicimus:
430 1529 486 1579 etsr
501 1514 620 1579 diversa
632 1537 680 1577 res
694 1517 791 1595 agitur
799 1514 880 1600 apud
893 1514 1030 1580 Tullium
1045 1529 1076 1581 et
1088 1533 1239 1601 nostrum,

97 1615 208 1667 tamen
222 1601 295 1689 quid
308 1604 345 1666 sir
358 1604 418 1663 hoc
436 1605 505 1664 loco
522 1597 637 1664 vivere
654 1618 696 1662 ex
714 1607 882 1685 tempore,
904 1604 1020 1688 optime
1036 1603 1167 1675 declarat
1185 1608 1256 1681 illo,v

98 1692 207 1769 locus3
228 1688 302 1751 alias
320 1686 427 1749 dicitur
440 1685 554 1750 vivere
575 1705 618 1748 ex
636 1692 706 1749 tem
729 1707 787 1749 ore
808 1685 847 1748 de
859 1687 907 1765 iis,
933 1689 984 1773 qui
1002 1688 1035 1750 in
1055 1691 1237 1775 quaerendis

99 1775 185 1841 vitae
203 1771 368 1859 praesidiis¹
385 1775 463 1834 ultra
482 1782 675 1856 praesentem
695 1705 779 1834 gem
799 1772 995 1851 cogitationes
1010 1794 1082 1838 suas
1101 1778 1289 1840 non'ex-271

100 1858 252 1953 tendunt,
274 1857 355 1943 qnod
375 1860 573 1920 barbarorum
589 1878 656 1919 esse
677 1855 763 1919 idem
776 1854 883 1919 Cicero
903 1859 962 1938 ait,
982 1858 1016 1921 in
1034 1857 1074 1922 ll.
1098 1860 1148 1924 De
1161 1882 1240 1924 ore·
1328 1902 1338 1909 -

101 1956 171 2009 tore
183 1944 249 2024 [40,
263 1939 290 2025 §
308 1941 398 2022 169]:
411 1936 462 2003 'Si
481 1937 706 2004 barbarorum
727 1949 793 2018 est,
812 1942 924 2027 inquit,
948 1941 984 2005 in
999 1940 1094 2006 diem
1113 1945 1239 2022 vivere,

102 2037 224 2095 nostro
238 2025 383 2090 consilia
396 2026 642 2111 sempiternum
662 2035 798 2110 tempus
812 2036 969 2111 spectare
985 2025 1116 2095 debent.
1155 2029 1240 2096 Gre-

103 2116 209 2197 gorius
217 2112 427 2183 Nazianzenus
442 2135 507 2176 non
523 2114 734 2191 barbaromm,
756 2111 813 2175 sed
830 2134 905 2178 vero
918 2116 1077 2179 brutorum
1093 2139 1164 2181 eam
1188 2119 1239 2182 vi-

101 2212 168 2265 tam
180 2210 273 2265 vocat
284 2199 315 2260 in
328 2200 427 2283 priore
439 2209 541 2260 contra
553 2197 725 2260 sulianum:
749 2199 858 2275 ζῶσιν,
881 2200 938 2278 ait,
961 2200 1038 2281 βίον
1052 2196 1183 2283 ἀλόγων
1196 2202 1236 2267 τό

100 2280 190 2368 πρὸς
212 2278 339 2367 ἡμέραν
365 2280 422 2347 καὶ
441 2279 478 2347 vd
500 2276 609 2362 παρόν
628 2278 680 2346 del
699 2279 921 2365 deoredovreg:
949 2285 1034 2348 idern
1054 2287 1086 2349 in
1104 2288 1241 2374 quodam

102 2370 253 2435 carmine:
281 2372 412 2433 κακοῖσι
436 2364 475 2432 τὰ
494 2363 530 2431 ἐν
550 2364 628 2431 οοοὶ
649 2371 778 2449 μοῦνον
797 2365 953 2447 decoros:
990 2370 1062 2435 inde
1091 2385 1138 2436 est
1155 2371 1240 2458 apud

103 2453 242 2523 Graecos
255 2455 423 2518 convitium
435 2454 512 2516 inter
524 2454 719 2533 gravissimas
744 2451 845 2518 tomo
858 2458 896 2518 ιἰι
908 2452 1002 2521 diem
1015 2456 1149 2536 vivens,
1169 2459 1308 2532 llo-(123)

102 2561 226 2610 meros,
255 2539 377 2605 Odvoo.
400 2533 444 2619 φ’,
468 2539 559 2618 [85]:
1024 2575 1028 2582 .

194 2619 362 2708 Νήιιιοιοί
385 2627 521 2704 poterat
535 2619 695 2707 ἐφημέρια
711 2620 920 2707 φρονέοντες.

76 2792 81 2801 1
107 2712 289 2779 Plutarchus
303 2711 336 2772 in
353 2648 451 2775 (larsa
465 2708 504 2812 [c.
519 2712 586 2789 1⁶l²
607 2704 822 2795 ἀνηλώκεσαν
837 2712 1030 2780 οἱπλεῖστοι
1043 2713 1112 2778 τοῖν
1123 2709 1243 2798 λοβόν·

104 2818 176 2865 ταν
199 2791 260 2873 ede
271 2790 399 2875 δωρεὰς
412 2791 572 2879 ἐφημεροι
589 2792 646 2859 καὶ
668 2794 839 2877 σατυρικοὶ
858 2802 927 2873 τοῖς
945 2798 1030 2882 βίοις
1047 2794 1244 2881 detonans:

105 2894 139 2949 et
152 2883 349 2948 Ptolemaeus
368 2877 448 2956 τούς
467 2877 709 2963 ἓφημεροβίονς
730 2885 885 2965 conjungit
898 2885 1045 2985 pessimis
1063 2885 1242 2972 quibusque,

106 2980 143 3033 ut
157 2978 231 3032 sunt
281 2968 486 3048 aestigiatores
504 2987 539 3028 ac
563 2965 637 3030 dece
659 2978 756 3047 tores,
785 2966 951 3033 Tetrabrbli
967 2971 1045 3035 libro
1065 2971 1169 3044 tertio,
1192 2993 1245 3034 ca-

107 3055 173 3141 pite
188 3071 249 3135 περ
278 3047 453 3136 ποιότητος
465 3052 581 3134 ψυχῆς.
625 2989 783 3132 lliogenes
797 3064 900 3121 tamen
921 3056 1043 3136 cynicus
1064 3048 1245 3138 ἡμερόβιος

108 3140 206 3221 volgo
221 3140 390 3224 appellatus
403 3149 526 3201 estnon
542 3147 664 3222 propter
674 3140 752 3201 hanc
766 3159 917 3218 caussam,
938 3139 995 3204 sed
1008 3141 1085 3203 utin
1099 3163 1245 3227 praesen-

109 3235 178 3289 tem
187 3226 298 3287 horam
312 3245 442 3309 poscens
456 3243 474 3284 a
488 3222 625 3370 ppolibet
637 3235 668 3285 et
680 3223 829 3370 accipiens
844 3226 963 3305 cibum,
984 3224 1068 3310 quod
1082 3247 1119 3289 ex
1134 3226 1245 3309 Satyro

110 3320 216 3374 nouat
228 3309 446 3390 Hieronymus.
526 3306 657 3393 'qnando
673 3330 734 3393 opu
774 3308 969 3390 Ciceronem,
991 3312 1074 3375 utin
1094 3309 1186 3376 XIV.
1205 3310 1246 3377 ad

109 3394 245 3459 Atticum
267 3394 333 3498 [ep.
346 3397 423 3475 20],
446 3414 489 3457 ex
508 3401 656 3479 tempore
676 3397 775 3456 facere
793 3394 906 3479 aliquid
926 3408 977 3459 aut
999 3395 1098 3460 dicere
1120 3420 1184 3460 non
1200 3410 1248 3463 est

111 3474 399 3562 αὖτοσχεᾶιαζειν,
422 3480 478 3544 sed
495 3479 708 3542 convenienter
717 3481 861 3565 tempori,
883 3482 969 3567 quia,
993 3494 1028 3544 ut
1041 3483 1083 3544 ait
1095 3482 1248 3546 idemeo-

106 3564 189 3633 dem
200 3565 297 3647 libro,
320 3563 465 3630 consilia
479 3573 672 3650 temporum
685 3573 783 3638 cunt,
806 3564 946 3652 quaein
962 3564 1066 3631 leorae
1088 3588 1249 3633 εοιαηιιι·

112 3659 245 3715 rantur.
1197 3692 1200 3699 ,

201 3740 254 3800 63.
277 3731 497 3799 Hellelrorum
508 3729 661 3820 frustra,
681 3756 760 3799 cum
770 3734 847 3817 jam
861 3737 948 3802 cutis
964 3757 1073 3827 aegra
1094 3734 1249 3817 tumebit,

112 3819 302 3890 Poscentes
317 3818 464 3901 videas]
486 3821 577 3884 Bono
599 3821 705 3885 ordine
725 3821 862 3908 procedit
880 3825 992 3887 oratioe
1039 3825 1118 3889 rimo
1138 3825 1249 3888 vitium

114 3906 267 3987 ostendit,
287 3919 395 3992 postea
408 3909 488 3971 illius
505 3906 734 3986 scaturiginem:
757 3930 837 3973 nunc
856 3910 972 3973 accedit
991 3846 1039 3973 ad
1046 3911 1249 3989 curationem,

113 3991 172 4057 sed
185 3993 267 4078 prius
288 3994 540 4056 hortatinnculam
555 3994 734 4078 praemittit,
760 4005 795 4057 ut
812 3995 878 4059 sine
897 4018 984 4059 mom
1007 3997 1119 4059 saciant
1138 3999 1249 4058 morbo

113 4076 315 4158 medicinam,
337 4101 377 4141 ne
389 4080 442 4141 fiet
451 4081 577 4142 morbus
592 4079 736 4164 temporis
749 4080 843 4163 tractu
859 4081 1104 4160 irremediabilis,
1126 4093 1159 4144 ut
1178 4080 1302 4146 tlte-272

114 4164 251 4226 coenatis
265 4167 396 4228 verbum
410 4185 565 4253 usurpem.
608 4164 775 4245 Allegorice
787 4177 890 4229 autem
903 4179 1025 4230 tractata
1041 4168 1118 4229 haee
1137 4168 1250 4229 exhor-

114 4249 206 4311 tatio:
227 4270 301 4312 nam
315 4251 446 4335 loquitur
460 4261 495 4312 ut
510 4249 551 4312 de
563 4251 697 4336 corporis
711 4248 880 4332 medicina,
897 4253 989 4317 sentit
1006 4263 1108 4315 autem
1127 4250 1167 4313 de
1183 4249 1251 4312 ani-

113 4355 256 4398 morum:
280 4336 400 4399 occasio
427 4334 499 4399 huic
518 4336 680 4417 allegoriae
700 4357 740 4397 ex
763 4358 819 4416 eo,
845 4337 929 4424 quod
942 4335 1123 4422 Philosophi
1141 4331 1251 4400 Graeci
1277 4398 1281 4413 ,

114 4440 152 4483 ac
165 4419 267 4485 Latini
282 4421 356 4489 vitia
372 4420 513 4488 dueum
524 4416 618 4505 πάθη
632 4442 668 4487 ac
681 4417 837 4506 morbos,
854 4424 1000 4491 murem
1012 4417 1152 4509 ὑγίειαν.
