2700 4972
35 332 175 470 ¹ru'
242 434 245 440 ,
456 300 865 441 counauraarus
952 472 956 485 ι

91 538 269 607 berutione
291 535 435 605 celandi
460 526 562 640 ntq'ue
580 523 784 609 occultandi
801 559 883 638 spec
902 536 1088 627 opinioque
1115 562 1217 607 reme-

40 625 210 692 servanda
225 635 284 690 est.
315 625 449 691 Seneca:
470 622 530 693 Sec
543 623 620 692 νίνα
634 649 714 692 cum
724 624 931 705 bominibus,
951 634 1121 715 tanquam
1130 624 1217 693 Deua

1 741 2 752 ¹
88 711 226 792 videam
247 709 298 793 ain
309 709 450 799 loquere
465 733 545 776 cum
558 711 652 790 Deo,
672 723 839 801 tauquam
858 709 1013 776 lwmiuea
1036 708 1193 791 audiunt.

173 803 204 863 8.
224 790 325 865 Mena
338 795 438 872 bona,
452 792 570 881 foma,
589 794 703 881 licien]
725 797 865 863 lllimesis
878 808 1025 865 venusta:
1043 799 1129 886 ipsas
1141 801 1217 864 enirn

87 886 175 972 ponit
196 906 291 949 voces
312 885 498 970 optantium3
526 883 612 948 deest
643 898 746 948 autem
769 880 1110 972 utinam'coutiugat
1125 884 1215 965 mibi,

87 974 138 1036 vel
154 968 268 1056 aliquid
288 971 398 1033 simile.
447 969 593 1033 Mentem
609 973 724 1035 bonam
746 972 936 1057 sibiop'ture
958 972 1094 1033 formula
1114 972 1172 1035 fuit
1190 984 1216 1035 et

87 1055 274 1120 consuetudo
300 1056 468 1121 orantitun:
499 1078 560 1141 quo
584 1058 707 1144 respicit
719 1055 836 1120 Senecb
858 1056 987 1153 epistola
1008 1052 1099 1120 XLI.
1119 1058 1215 1122 initio:

85 1139 195 1227 Facis
210 1161 283 1204 rem
296 1139 462 1226 optimam
483 1151 518 1203 et
530 1138 595 1205 tibi
614 1141 823 1216 salutarem,
846 1161 894 1216 si,
906 1150 955 1210 ut
975 1138 1119 1220 scribit,
1139 1162 1215 1227 per·

85 1247 223 1292 severae
243 1228 295 1290 ire
318 1224 367 1289 ad
387 1224 510 1290 bouem
532 1237 704 1291 mentem.-
726 1246 832 1314 quam
847 1224 994 1290 stultum
1014 1234 1070 1289 eet
1089 1248 1111 1288 n
1136 1237 1215 1306 tare,

85 1334 164 1376 cum
178 1309 291 1398 poesie
304 1333 327 1375 n
344 1318 377 1375 te
393 1310 610 1398 impetrare?
645 1309 824 1377 Nou'auut
842 1309 894 1375 od
917 1310 1055 1375 coelum
1079 1333 1099 1375 e
1136 1335 1212 1378 ναν-

84 1396 150 1463 clue
172 1419 297 1463 marius
318 1419 384 1461 uec
405 1396 600 1462 exorandus
621 1396 800 1475 aedituus,
831 1406 872 1460 ut
892 1419 955 1461 noa
975 1394 1025 1463 ad
1045 1419 1150 1463 ewen
1171 1397 1214 1463 ei-

84 1481 377 1648 mulacrffulwi
395 1481 520 1571 magia¹
534 1481 696 1548 exaudiri
709 1482 904 1573 possimus,
928 1479 1108 1553 admittar.
1143 1484 1215 1553 Pro-

121 1572 194 1634 rtius
271 1577 315 1649 ‚2
336 1574 426 1648 3191:
679 1600 681 1607 ·
830 1578 832 1583 ’
952 1618 955 1623 ,

63 1593 122 1681 ‘pe
168 1654 266 1720 Mem
280 1651 369 1717 bona
375 1686 398 1731 ,1
410 1652 444 1716 ei
462 1651 679 1740 qundecim,
702 1661 763 1716 tua
779 1675 834 1718 me
848 1651 885 1719 iu
899 1651 1064 1721 sacraria
1077 1651 1175 1723 dono.

82 1742 136 1819 [V.
154 1743 220 1804 intt.
238 1740 279 1804 ad
291 1740 413 1804 Patron.
429 1744 480 1806 88.
501 1763 531 1825 p·
547 1741 620 1807 558.
645 1740 694 1804 ed.
712 1738 818 1806 Burm.
836 1742 900 1820 ult]

72 1893 75 1903 ,
164 1824 264 1890 Haec
282 1825 378 1890 clare
396 1833 430 1887 et
444 1834 482 1888 ut
504 1823 631 1889 aaudiat
649 1822 797 1910 bosnae]
824 1824 946 1932 Nemfe
962 1836 1114 1931 notantia.

167 1919 196 1978 9.
224 1909 293 1974 Sub
315 1909 438 1999 lingua
461 1909 731 1991 immurmurat]
763 1908 873 1981 Gracci
891 1906 957 1977 oud
977 1906 1214 1989 remendicare

79 2011 200 2079 amant,
221 2020 285 2061 non
303 1994 371 2062 ὑπὸ
385 1999 558 2077 videaur.-
577 1999 622 2061 sic
643 1991 703 2061 ὑπ’
724 1991 847 2061 ὀδόντα
870 1993 1004 2080 noritur
1023 1998 1106 2084 apud
1124 1999 1213 2065 aba

78 2084 216 2166 narium3
248 2077 312 2147 ὑπ’
331 2077 454 2147 ὀδόντα
482 2085 595 2146 λαλεῖν
615 2082 697 2169 apud
716 2081 881 2162 Basiliam
911 2077 974 2147 ὑπ’
996 2077 1123 2151 ὀδόντα
1142 2106 1214 2151 τον-

77 2164 236 2250 bonitate
248 2169 363 2254 passim
376 2170 442 2248 alii,
466 2163 557 2243 ἐντός
571 2171 638 2231 τῶν
652 2170 769 2251 χειλῶν
783 2162 978 2233 acacianae
989 2168 1039 2232 de
1061 2180 1138 2234 roto
1157 2171 1213 2233 inr-

77 2259 175 2340 probo
192 2256 413 2334 Aristaenetus,
435 2255 485 2316 cui
504 2256 597 2317 affine
616 2254 699 2340 apud
710 2253 930 2319 Tertullianum
949 2251 1047 2317 labia
1066 2252 1211 2319 vibrare.

165 2347 214 2406 10.
238 2336 271 2404 0
291 2339 322 2401 ai
342 2337 480 2404 Ebullit
489 2337 615 2424 patrui
630 2337 861 2426 praeclarum
872 2340 1018 2425 sunuel]
1045 2337 1095 2403 Ita
1114 2362 1212 2405 mern-

77 2429 189 2490 branae
202 2426 330 2489 Puteani
349 2437 379 2488 et
400 2426 493 2499 aliae,
512 2448 577 2489 non
592 2423 721 2489 ebullet
739 2427 944 2505 [ut1Havn.,
966 2426 1131 2506 alteiae,
1152 2450 1212 2491 non

76 2523 181 2574 autem
195 2512 214 2576 5
229 2511 319 2589 deb„
340 2522 375 2572 ut
395 2523 532 2575 auctores
552 2524 623 2574 sunt
636 2510 731 2576 Orell.
753 2523 787 2583 ¹et
800 2511 864 2588 Pl,
884 2532 916 2574 v.
936 2513 994 2597 ipe.
1014 2513 1109 2593 lcb.;
1132 2517 1213 2593 cujus

56 2592 172 2662 'Godz
194 2592 340 2672 ebullot,
363 2599 503 2682 permulti
520 2593 695 2677 ebulliatl,
717 2619 773 2682 pro
790 2598 955 2660 ebullierit:
973 2591 1161 2680 ,delubrum
1181 2609 1218 2682 ut,

75 2681 174 2745 exim
217 2681 403 2762 coegerim,
434 2680 604 2745 comedim
633 2681 781 2746 etedim
805 2704 860 2768 pro
884 2681 977 2749 edam
1002 2685 1064 2765 vel¹
1079 2683 1210 2764 ederim3

75 2767 157 2854 apud
176 2705 221 2831 bl
245 2766 381 2830 'Tullium
402 2779 434 2830 et
447 2768 609 2833 Horatium
629 2765 747 2832 dodim
768 2790 825 2853 pto
845 2767 991 2835 dederim.
1008 2769 1047 2848 [ἓ]
1070 2786 1073 2790 ’
1093 2768 1211 2835 Tenat-

74 2855 173 2917 lianus
185 2854 224 2916 de
234 2854 452 2916 resurrectione
468 2855 565 2917 carnis
580 2855 615 2932 [c.
627 2855 693 2935 ill:
716 2851 848 2918 Dedim
863 2851 1069 2917 adversario
1084 2850 1210 2919 dicere.

37 2974 39 2978 >
72 2939 168 3003 Porro
187 2936 344 3018 ebullire,
365 2939 447 3025 quod
463 2941 586 3026 proprie
604 2941 637 3001 in
656 2961 734 3025 aqua
752 2943 892 3003 fervente
913 2942 1018 3025 locum
1039 2942 1153 3025 babet,
1172 2939 1210 3007 ad

73 3027 177 3088 omnia
197 3026 353 3112 repentina
377 3028 531 3088 transferri
546 3028 699 3106 eleganter
717 3029 796 3091 solet
817 3026 896 3106 [imo
912 3024 951 3087 ad
969 3045 1024 3105 ea,
1049 3038 1132 3113 quae
1146 3048 1230 3091 rna.

72 3133 131 3192 gna
155 3113 243 3198 copia
263 3111 403 3174 alicunde
424 3111 595 3192 ejiciuntur]
618 3113 703 3175 varie
728 3122 949 3177 constructum:
976 3115 1123 3197 frequent
1141 3134 1208 3177 ver·

22 3200 154 3267 182burn
169 3195 250 3284 apud
261 3197 306 3260 M.
322 3196 472 3276 Tullium,
495 3197 661 3276 Senecam,
684 3209 822 3262 veterem
832 3199 979 3261 librorum
990 3218 1152 3261 sacrorum
1163 3199 1209 3261 in-

71 3294 250 3367 terpretem,
272 3281 508 3362 Tertullianum,
529 3283 688 3346 Victorem
702 3284 891 3347 Lirinensem
914 3295 944 3349 at
962 3283 1038 3346 alios
1055 3285 1208 3347 etiamin-

72 3370 207 3453 culpatae
230 3368 398 3430 Latinitatis
424 3362 572 3433 auctores.
620 3369 729 3449 [Recte
753 3370 903 3455 explicare
923 3369 1045 3439 ridetur
1063 3368 1209 3435 Forenti-

70 3474 145 3516 nua:
172 3451 314 3549 prodit
339 3472 453 3538 pompa
479 3466 658 3539 sumptuosa
681 3456 797 3518 funeris
825 3455 958 3541 paterni3
989 3455 1043 3543 qui
1065 3456 1207 3523 vocabuli

70 3536 215 3601 ebullire
236 3559 309 3601 usus
328 3559 502 3600 asermone
520 3539 715 3624 quotidiam,
735 3541 768 3601 ni
782 3543 931 3620 fallimur,
952 3550 1091 3607 serratus
1106 3554 1155 3605 est
1170 3540 1207 3604 ad

70 3624 175 3686 ultima
195 3623 321 3686 latinae
338 3625 459 3703 linguae
478 3636 633 3710 ternpora3
666 3648 698 3689 v.
724 3625 831 3706 Gangii
851 3627 926 3689 lex.
950 3647 976 3689 s.
1000 3648 1051 3704 m,
1080 3626 1135 3712 qui
1154 3648 1206 3691 ex-

69 3711 162 3795 plicat
184 3729 262 3770 cum
286 3706 564 3798 abundantietet
585 3707 687 3805 copia
710 3731 892 3796 erumpere
920 3712 1024 3777 multis
1046 3733 1140 3775 exem
1162 3714 1205 3791 lis,

71 3806 103 3855 ut
119 3793 311 3856 Tertulliani:
334 3795 545 3882 Priusquam
563 3793 667 3877 λιμμα
684 3795 831 3862 ruorratri
845 3790 999 3880 artifices
1021 3793 1125 3861 ebul
1131 3735 1205 3861 lla·

70 3889 181 3954 sent,
204 3878 280 3941 coln
304 3880 434 3965 templo
459 3891 494 3943 et
514 3902 646 3945 vacuae
668 3880 771 3946 aedes
792 3893 904 3945 erant.
947 3883 1040 3946 Addit
1059 3881 1204 3949 Forata

68 3966 134 4044 „ll
148 3968 206 4046 leg.
219 3961 355 4044 ebullet,
376 3978 409 4028 ut
423 3967 462 4030 sit
475 3970 513 4030 ab
528 3964 652 4045 ebullo,
668 3989 718 4053 aa,
733 3967 893 4047 dissolvor,
907 3967 1091 4033 admodum
1106 3972 1204 4035 bullae

69 4072 238 4130 evanesce,
261 4063 294 4112 ut
311 4053 487 4137 respiciatur
504 4053 545 4116 ad
562 4052 639 4116 illud
655 4053 785 4117 Varron.
805 4052 844 4118 R.
864 4054 903 4121 R.
918 4052 943 4134 l,
962 4059 997 4119 1:
1019 4055 1141 4122 Homo
1155 4061 1204 4119 eet

69 4132 198 4200 bulla.“
240 4136 376 4201 Plumius
388 4137 520 4225 denique
530 4140 718 4203 locutionem
731 4136 875 4203 ebullire
890 4137 1048 4204 unimam
1066 4165 1123 4229 pro
1142 4162 1203 4205 ex·

67 4219 202 4309 spirare
222 4224 322 4285 solam
332 4222 383 4285 hic
395 4236 498 4310 aptam
507 4231 580 4289 ‘esse
595 4237 698 4289 censet
715 4237 746 4288 et
760 4247 830 4289 cum
843 4226 951 4290 Reizio
966 4229 1056 4307 legit:
1079 4225 1203 4293 ebullit

65 4316 261 4394 patruus,
280 4307 427 4393 praeci,
447 4323 569 4374 auctore
582 4311 711 4373 Heinsio
727 4309 767 4373 ad
774 4311 1078 4399 Petronianum
1096 4314 1202 4379 Brum.

66 4396 201 4459 novisse
229 4395 316 4473 „sive
330 4391 455 4458 ebullit
466 4405 630 4499 Patruus,
652 4417 707 4545 ger
719 4398 920 4484 epexegesin,
941 4400 1068 4479 metius,
1090 4413 1125 4465 ut
1143 4421 1201 4481 ego

64 4478 99 4543 in
118 4480 242 4567 obtimis
265 4481 451 4546 membranis
469 4483 605 4547 mreni.“
689 4504 707 4547 e
735 4487 836 4549 forma
856 4480 983 4549 ebullit
1006 4482 1110 4552 dicere
1139 4508 1200 4549 non
