2700 4972
145 342 192 428 ao
358 286 362 295 ¹
489 320 915 419 ‘sorrrrnurrarus

148 532 207 588 τος
227 506 330 595 λόγον
350 509 400 590 τίς
424 510 474 598 alr
499 508 679 603 βέλτιστος,
707 502 768 577 ἀπ’
792 503 899 578 αὐτοῦ
924 500 1133 590 ἇρξαμλνονς
1157 500 1276 587 ’πάντας
1310 495 1315 505 ’

141 594 203 662 ’ἐπὶ
217 595 254 662 τό
269 595 376 679 ὄνομα
391 592 758 681 αὐτοῦαατενεχθῆναι.
1018 616 1023 629 ··
1066 614 1069 619 ·

237 684 288 748 64.
310 681 396 748 Nini
413 684 570 752 carmina
584 683 685 747 molli
702 679 806 747 Nunc
824 678 965 742 demum
986 698 1131 759 numero
1146 672 1273 768 flucre]

150 768 269 855 Judicia
292 770 464 834 auditorum
493 772 601 857 carpit,
631 771 689 856 qui·
707 791 777 832 eam
802 770 901 830 solam
922 768 1094 829 orationem
1115 766 1275 851 probabant
1315 771 1327 781 “

150 856 217 920 sire
238 854 397 940 ἔμμετρον
413 852 663 940 sireburnam,
684 858 776 942 'quae
796 865 899 915 tenera
924 851 1086 939 quaedam·
1105 850 1297 914 elocutionis.

137 953 218 1004 ¹cute
241 955 320 1006 esset
343 955 465 1029 operta·‚¹
484 955 518 1005 ut
535 944 638 1006 scribit
658 953 688 1003 et
710 939 916 1019 Quintilianus
931 939 1009 1000 libro
1029 937 1071 1000 V.
1097 937 1196 1023 capite
1209 934 1275 998 XII.

151 1025 190 1109 [ᾗ.
208 1031 268 1108 18],
289 1029 345 1091 ubi
358 1027 506 1108 ostendit,
530 1027 612 1113 quod
626 1039 656 1089 et
668 1029 739 1088 alibi
753 1025 876 1110 repetit,
899 1046 916 1086 e
937 1022 1181 1086 declamatorum
1194 1022 1276 1086 scho-

133 1114 187 1176 'tis
203 1116 282 1177 hanc
299 1113 338 1176 de
359 1116 548 1179 rurationem
557 1116 710 1177 masculae
723 1112 867 1191 orationis
882 1130 1033 1172 manasse.
1121 1150 1124 1157 ·
1317 1116 1324 1123 '

164 1226 167 1230 ·
234 1189 287 1267 65.
353 1196 452 1284 t²pcr
474 1198 549 1263 leve
580 1218 713 1263 severos
738 1193 911 1285 Effundat
937 1194 1104 1276 junctura
1131 1191 1277 1283 unguen]
1319 1242 1323 1263 .‚

100 1291 152 1347 tot
162 1282 367 1364 Quintilianus
379 1285 512 1348 ibidem:
535 1281 618 1348 dum
637 1283 728 1347 leuia
749 1287 819 1346 sint
842 1303 885 1345 uc
898 1278 1021 1359 nitido,
1044 1285 1213 1366 quantum
1224 1284 1278 1343 νο·

151 1370 247 1435 leant
273 1370 362 1435 nibil
383 1368 548 1441 interesse
572 1367 806 1444 arbitramur;
827 1369 870 1431 sic
892 1367 974 1453 apud
996 1362 1131 1429 Graecos
1150 1364 1279 1445 rhetoras

152 1451 284 1540 λειότης
303 1453 476 1540 tropatus
495 1469 525 1520 et
538 1456 690 1521 λεαίνειν.
702 1450 763 1538 τὴν
784 1448 1011 1536 αατασκευὴνε
1032 1450 1148 1515 locutio
1169 1450 1208 1512 ab
1225 1458 1281 1510 arte

151 1543 252 1605 fabrili
265 1545 424 1607 translata:
449 1564 523 1606 nam
536 1545 588 1630 qui
601 1564 754 1619 marmora
766 1542 885 1628 poliunt
904 1551 957 1601 aut
969 1534 1069 1627 ligna,
1085 1534 1195 1623 ¹operis
1208 1534 1280 1597 leri-

152 1640 247 1691 tatem
261 1651 364 1709 ungue
377 1631 552 1715 explorant:
576 1627 658 1713 quod
678 1631 798 1713 proprie
819 1624 1016 1707 ἐξονυχίζετν
1032 1621 1152 1684 'dicunt
1197 1617 1281 1682 Sido-

153 1716 221 1777 nius
239 1712 419 1800 Apollinaris
438 1715 515 1776 libro
529 1711 590 1777 IX.
610 1714 737 1799 epistola
751 1712 822 1776 Vll.
846 1711 885 1773 ad
904 1709 1086 1774 tessellarios
1107 1718 1138 1770 et
1152 1706 1282 1793 psepbo-

152 1803 252 1862 thetas
276 1801 392 1864 retulit:
424 1801 468 1863 sic
498 1800 581 1862 enim
607 1799 703 1862 Persii
730 1802 824 1862 verba
846 1793 1065 1879 αεριέφοασεε
1088 1789 1282 1871 [Structuro

143 1880 257 1970 fortia
275 1894 310 1946 et
318 1881 428 1972 firma
445 1883 785 2032 conjunctionumpue
804 1880 1068 1969 perfacetarum
1089 1899 1185 1942 nexa
1208 1896 1282 1971 cae·
1314 1902 1318 1909 ·

153 1968 244 2034 suria
268 1967 522 2049 insolubilibus,
553 1971 617 2032 aed
636 1992 699 2032 nec
733 1968 801 2033 rinc
823 1969 935 2032 minus
963 1964 1099 2029 lubrico
1125 1972 1162 2026 et
1181 1960 1283 2027 λαονιε

155 2077 198 2119 oc
219 2054 333 2118 modia
355 2053 510 2118 ouznibus
533 2054 761 2131 erotundata,
791 2077 833 2119 ne
861 2052 1054 2117 salebrosas
1079 2070 1190 2137 passa
1201 2045 1284 2138 jun·
1319 2102 1327 2121 ,

155 2150 273 2205 arturus
286 2163 348 2226 per
363 2162 542 2204 cumeram
562 2139 680 2226 palati
702 2141 857 2205 volutato
880 2137 1074 2218 balbutiat]
1114 2133 1208 2199 Tota
1228 2131 1284 2196 da·
1324 2128 1327 2149 '

118 2296 120 2301 ,
154 2225 258 2328 nique
281 2227 479 2374 (lupuiturde
495 2239 640 2291 structura
655 2228 820 2310 orationis)
843 2223 980 2313 liquida
996 2242 1149 2319 prorsus
1169 2229 1203 2286 et
1224 2217 1284 2283 du-
1323 2212 1327 2239 ¹

157 2310 261 2387 ctrlia,
285 2335 324 2378 ve
340 2311 395 2376 uli
407 2334 484 2376 cum
501 2310 726 2400 crystallinos
741 2321 876 2377 cruatur
891 2323 954 2375 aut
970 2307 1212 2399 onychintinas
1225 2326 1285 2370 nou

156 2396 308 2486 impacto
339 2394 471 2485 digitur
501 2419 615 2486 ungue
640 2396 852 2484 perlabitur.-
884 2397 1011 2484 quippe
1033 2395 1064 2460 si
1089 2392 1185 2465 nibil
1212 2412 1286 2456 eum

156 2481 471 2548 rimosisobioibus
492 2493 676 2570 exceptum
688 2494 792 2549 tenax
803 2486 967 2566 fractura
989 2480 1195 2547 remoretur.
1228 2474 1287 2543 set

156 2581 187 2634 et
204 2571 471 2633 marmorariorum
485 2592 520 2633 ac
540 2574 751 2634 statuariorum
763 2575 894 2637 verbum
912 2582 958 2634 est
976 2566 1189 2652 ἐξονυχίζεενε
1209 2562 1287 2628 undo

156 2651 194 2720 ἐν
215 2651 310 2739 ὄνυχι
330 2649 349 2720 ὁ
373 2650 478 2738 πηλός
501 2655 673 2739 γίγνεσθαι
695 2656 815 2736 dicitur,
847 2679 917 2720 cum
938 2657 1041 2718 ultima
1066 2665 1160 2717 restat
1182 2670 1287 2714 manus

120 2734 124 2745 ’
156 2743 242 2828 operi
266 2740 478 2820 admovenda,
509 2754 544 2805 ut
564 2745 597 2805 in
616 2745 726 2805 celebri
744 2743 825 2807 dicto
843 2743 991 2825 Polycleti
1011 2737 1287 2843 plastaesipnilicis

148 2827 216 2932 '[ap.
230 2827 381 2890 Plutarch.
399 2830 650 2909 Συμποσιακῶν
671 2828 711 2890 ΙΙ.
732 2852 761 2915 p.
786 2835 858 2893 686.
882 2828 946 2909 G.]:
971 2820 1206 2910 χαλεπώτατον
1225 2819 1288 2889 ἐστι

155 2934 194 2976 το
214 2909 329 2996 ἔργον.
353 2907 435 2976 ὅταν
448 2912 483 2978 ἐν
497 2908 592 2998 ὅννχι
604 2909 622 2979 ὁ
632 2909 733 3000 πηλὸς
744 2909 886 2997 γένηται.
912 2914 974 2992 [Sic
990 2925 1020 2976 et
1034 2913 1129 2990 Pasa,
1147 2908 1288 2975 schneit

156 2995 242 3063 Lex.
264 3021 295 3064 v.
320 2993 418 3079 ὄνυξ,
440 3000 566 3086 interpp.
584 3002 690 3064 Horat.
709 3003 747 3065 al.
777 3050 795 3080 „
803 3002 840 3062 At
865 2999 993 3062 dubium
1013 3008 1181 3062 moverunt
1196 2996 1289 3062 Win-

157 3086 353 3148 ckelmttnnus
375 3076 499 3179 ejusq'ue
519 3087 649 3151 editores
663 3086 773 3167 Meyer
791 3099 821 3149 et
837 3085 967 3148 Schulze
991 3080 1066 3164 (W
1061 3077 1138 3145 erte
1161 3082 1235 3147 Vol
1250 3080 1289 3146 V.

52 3215 71 3228 f
155 3170 267 3234 Dresd.
291 3177 383 3237 1812.
408 3195 438 3258 p·
461 3177 533 3238 386.
563 3173 636 3237 Vot.
658 3170 745 3235 Vttt.
776 3178 867 3238 1820.
896 3194 927 3258 p.
951 3167 1096 3254 372).“·
1127 3169 1176 3233 Pl.
1205 3167 1289 3239 ¹Vide

155 3257 408 3321 Winckelmanni
420 3260 601 3321 sententiam
615 3259 706 3321 etiarn
722 3256 964 3343 apRiernerum,
980 3253 1066 3318 Lex.
1075 3250 1136 3318 Gr.
1152 3276 1185 3319 v.
1201 3248 1289 3333 ὄνυξ.

156 3339 220 3403 Sed
241 3346 304 3420 jam
323 3354 441 3405 veteres
459 3344 492 3404 in
511 3365 547 3405 ea
568 3368 601 3407 re
623 3347 775 3423 errabant,
800 3354 835 3405 ut
852 3345 885 3406 h.
905 3346 925 3405 l.
941 3342 1071 3406 Persius.
1114 3334 1290 3430 Effundal

156 3438 202 3490 est
218 3428 322 3505 facile,
345 3429 453 3490 leniter
465 3431 664 3509 transmittat]
1207 3442 1210 3447 '
1234 3488 1238 3495 .

243 3517 292 3579 66.
317 3510 392 3574 Scit
414 3510 711 3577 tendere·versum
728 3509 808 3576 Non
828 3534 928 3576 secus
942 3533 984 3579 uc
1010 3507 1042 3573 ai
1061 3508 1158 3575 oculo
1177 3508 1290 3577 rubri-

155 3618 233 3660 cam
247 3596 383 3684 dirigat
398 3597 491 3682 uno]
515 3596 614 3678 Quasi
630 3598 725 3679 dicat,
749 3600 881 3685 optimus
896 3612 942 3664 est
960 3592 1107 3663 versuum‘
1125 3600 1232 3663 faber:
1250 3598 1291 3662 si-

153 3684 227 3745 mile
245 3682 320 3745 illud
345 3682 458 3747 Cratini
482 3686 513 3747 in
544 3684 765 3749 Eumenidibus
801 3681 1015 3764 [Εὐνείδαις,
1036 3707 1066 3770 p.
1089 3689 1131 3749 22
1152 3682 1291 3767 Runk.]:

154 3764 306 3844 τέκτονος
320 3762 519 3851 εὐπαλάμων
532 3767 665 3854 apuam
697 3769 780 3859 quod
797 3771 875 3835 ridet
897 3772 993 3834 Aristo
1016 3773 1113 3832 hanes
1136 3771 1171 3831 in
1195 3769 1291 3834 Ranis

155 3853 230 3933 [imo
245 3853 376 3938 Equitib.
388 3856 461 3935 529,
480 3879 520 3920 ne
541 3880 580 3920 ue
593 3856 709 3939 ridetlr
732 3856 788 3920 sed
805 3870 885 3919 caret
900 3861 987 3940 culpa
995 3794 1138 3934 Persius,
1161 3857 1291 3942 quinon

155 3960 194 4000 ex
212 3960 343 4024 persona
363 3963 418 4004 sua
441 3943 501 4004 hoc
522 3880 608 4023 Hicin
637 3966 744 4008 verum
767 3944 877 4029 ineptis
902 3956 932 4005 et
947 3942 1095 4028 imperitis
1112 3943 1291 4006 hominibus

155 4025 388 4088 convenientem
403 4029 535 4090 attribuit
548 4050 737 4092 sermonem:
760 4028 925 4114 quodcum
940 4029 1032 4090 etiam
1045 4029 1077 4088 in
1094 4030 1291 4113 sequentihus

70 4142 75 4153 ι
153 4109 359 4190 ingenioseab
373 4133 410 4174 eo
424 4113 598 4193 attractum,
612 4118 781 4195 vulgonon
799 4126 844 4178 est
860 4112 1117 4177 animadversum.
1150 4112 1213 4177 Cur
1229 4137 1291 4177 uno

155 4198 245 4257 oculo
271 4186 504 4279 ἀκριβέστερον
524 4222 573 4262 res
592 4199 753 4263 videamus
778 4222 812 4261 ac
837 4202 964 4279 melius,
999 4220 1105 4262 caussa
1126 4202 1205 4262 haec
1229 4213 1291 4265 est:

108 4332 112 4339 .
154 4280 238 4367 quod
253 4281 301 4344 vis
316 4283 431 4367 optino,
454 4304 532 4371 quae
546 4287 584 4346 ab
599 4306 662 4346 uno
678 4286 828 4371 principio
845 4285 990 4350 dividitur
1003 4287 1035 4347 in
1056 4286 1197 4366 geminos
1216 4307 1293 4349 ocu-¹

154 4369 216 4445 los,
239 4388 309 4428 cum
332 4369 462 4433 alterius'
477 4370 612 4455 operatio
632 4369 810 4456 impeditur,
833 4371 873 4432 ad
892 4374 1020 4433 alterum
1037 4382 1101 4432 tota
1120 4392 1153 4434 se
1174 4376 1292 4436 confert

103 4453 328 4538 lfflfitque'hoc
340 4453 436 4542 modo
451 4476 486 4520 se
499 4458 565 4542 ipsa
578 4455 726 4520 validior:
748 4477 810 4519 non
827 4457 910 4519 enim
930 4469 1028 4519 cessat
1044 4457 1153 4519 otiosa·
1163 4460 1290 4522 facultas
