2700 4972
80 284 170 351 rsa·
436 271 862 375 oouuuurraros
943 352 953 367 ,
1023 208 1029 235 “

82 452 225 520 venimus
240 459 412 515 constanter
424 442 594 535 peltata,
614 468 708 534 quam
726 443 892 511 lectionem
909 456 942 511 et
959 445 1084 533 antiqua
1101 438 1206 513 sciolis
1240 480 1244 487 ·

31 594 35 605 ,
82 548 266 621 agnoscuntr
313 532 449 600 ullum
469 550 596 621 nugae,
621 554 700 621 quae
733 532 832 595 ullatis
845 532 959 598 etsilis
973 532 1094 619 popelli
1104 532 1206 613 judicio

82 627 144 690 sint
163 554 455 711 praeaudieram
478 613 612 707 patrari
634 640 693 706 apu
741 616 893 699 Plinium,
920 616 1106 683 Suetonium
1127 631 1207 705 aqna

82 711 160 774 alios
174 719 322 773 vocantur
342 698 512 791 dgudaioc
533 698 644 789 ὅχλοςε
666 726 723 765 nec
737 706 818 767 male
838 715 929 768 vetus
945 703 1112 790 interpres,
1132 706 1207 791 quis·

84 796 150 882 quis
173 795 225 857 ille
244 794 318 873 mir,
346 790 387 854 de
404 791 524 873 tragicis
549 789 733 871 argumentis
755 789 966 875 interpretatum
994 811 1034 853 ex
1056 790 1112 866 iis,
1139 812 1207 876 quaa

80 878 284 968 praeceduntc
303 896 427 965 sepnper
440 874 524 939 enim
534 876 568 939 in
583 872 746 956 tragoediis
756 895 843 957 reges
856 875 973 961 pullati,
994 876 1057 939 hoc
1071 886 1118 939 cst
1130 896 1208 940 moe-

82 966 123 1031 sti
143 976 177 1031 et
190 965 292 1051 eliqua
305 962 422 1047 ingenti
435 982 506 1025 casu
524 961 638 1039 tristes,
659 959 852 1025 inducuntur.
893 958 929 1025 In
947 960 1044 1041 reteri
1058 957 1209 1043 Bormani

30 1084 32 1099 =
84 1050 261 1141 expositum
279 1046 455 1111 manaimus
474 1042 586 1145 nigris
607 1041 807 1107 mendaciis.
1260 1102 1263 1115 ,

158 1126 494 1219 convoco-pondus
509 1126 767 1215 edanensem]
791 1126 978 1195 Levissimat
1002 1134 1088 1211 cujus
1101 1130 1209 1221 pondua
1260 1142 1263 1151 '

70 1222 200 1287 ·non·sit
215 1222 315 1300 majus
325 1240 422 1305 quam
435 1218 513 1280 lumi
529 1215 660 1318 pondus.
688 1216 715 1294 [?
733 1237 811 1302 quae
828 1218 920 1279 rebus
933 1216 1057 1302 levibus
1076 1238 1113 1281 ec
1125 1240 1210 1299 nuga-

81 1306 171 1371 toriis
188 1308 362 1371 morum
382 1301 582 1390 amplitudine
602 1300 782 1384 gravitatem
805 1312 836 1363 et
861 1298 1041 1383 dignitatem
1063 1304 1211 1367 conciiare

81 1389 248 1495 ίωῆίψι]
280 1386 390 1455 Gracci
402 1389 561 1474 Latinique
577 1388 658 1453 teria
673 1380 959 1475 vocantfumumc
979 1388 1097 1453 locutio
1118 1401 1162 1457 est
1178 1392 1211 1453 alr

83 1478 222 1629 uulgi..
252 1552 388 1625 Sacrati
405 1554 610 1642 loquima]
646 1556 733 1622 Adeo
755 1554 929 1643 cupiditate·
944 1558 1059 1639 gloriae
1085 1556 1213 1623 adhaec

83 1646 243 1714 scn‘benda
263 1664 328 1709 non
348 1644 553 1730 impellimur,
573 1643 652 1706 sicut
671 1642 723 1706 isti
743 1643 887 1725 aretalogi
908 1641 1116 1725 aoaaaacal,
1137 1656 1170 1709 ut
1186 1657 1214 1711 ts

83 1742 347 1819 monopedam,
370 1750 441 1792 cum
454 1731 532 1793 haec
547 1729 666 1809 scribo;
686 1748 787 1815 neque
802 1729 887 1791 aliter
900 1741 1003 1793 tecum
1015 1731 1144 1797 fabulari
1155 1730 1215 1795 heic

86 1820 222 1907 eripiam,
244 1836 338 1911 mam
353 1815 380 1879 si
400 1836 461 1878 ona
477 1834 616 1879 essemus
635 1835 671 1876 ac
690 1813 798 1885 secreti
818 1815 976 1901 loquentes
998 1828 1158 1903 pectorum
1175 1836 1217 1881 er.

7 1940 10 1945 ·
85 1910 162 1970 cena
174 1905 311 1969 invicem
328 1902 419 1965 nobis
432 1901 627 1988 aperiremus.
668 1899 784 1978 Amici,
807 1920 877 1961 curn
891 1898 931 1963 de
951 1903 1044 1967 rebus
1057 1902 1217 1967 suislibese

86 1989 276 2055 confabulari
296 1988 423 2065 volunt,
452 1996 603 2050 secretum
625 1995 750 2070 petunt:
780 1982 853 2048 ideo
873 1984 995 2050 Persius
1018 2000 1169 2052 secretum
1189 2008 1219 2053 sc

18 2138 27 2165 x
86 2076 170 2162 loqui
183 2076 227 2139 ait
250 2094 322 2137 curn
338 2071 491 2152 Gomuto,
513 2073 575 2134 hoc
597 2070 788 2151 significans,
810 2070 887 2133 nihil
909 2072 986 2151 ficti,
1007 2072 1087 2137 nihil
1100 2072 1221 2137 simulati

87 2184 121 2226 se
136 2160 206 2224 heic
220 2158 390 2238 dictorum,
411 2156 468 2222 sed
489 2156 594 2218 omnia
621 2154 653 2233 ἐξ
676 2150 831 2234 arcentor
852 2151 957 2230 νόου,
979 2169 1014 2219 ut
1028 2158 1070 2223 ait
1084 2158 1222 2223 Theocri-

36 2259 158 2326 antus,
181 2256 228 2326 et,
250 2256 286 2307 ut
311 2255 359 2307 est
378 2242 461 2332 apud
481 2240 647 2323 Tragicum
672 2239 789 2329 [Eurip.
802 2240 928 2329 Hippoi.
945 2244 1039 2326 2551,
1068 2240 1103 2325 ἔξ
1127 2240 1221 2326 ἄκρου

37 2336 42 2345 “
112 2330 215 2398 outo
310 2331 352 2405 'a
721 2352 725 2359 ’

89 2356 112 2419 μ
174 2421 229 2481 22.
301 2412 307 2425 '
329 2411 345 2477 r·
365 2408 636 2485 nuncaortaate
663 2410 838 2476 camoena
860 2410 1085 2479 Excutienda
1111 2410 1225 2479 dam

87 2496 333 2589 praecordia]
359 2496 459 2579 Quasi
482 2498 578 2564 dicatc
602 2499 682 2586 cepit
702 2518 755 2562 me
769 2499 909 2586 impetus
927 2500 1087 2586 aperiendi
1104 2502 1160 2567 tibi
1176 2522 1226 2589 pc-

92 2588 184 2652 ctoris
199 2586 264 2650 mei
285 2586 394 2648 intima
413 2584 548 2652 viscera:
569 2584 626 2647 sed
644 2585 714 2669 quia
736 2603 828 2648 versu
847 2584 970 2665 scribit,
992 2584 1067 2651 ideo
1092 2588 1134 2653 ait
1154 2584 1226 2651 lior·

94 2681 191 2739 tante
216 2668 411 2750 Guarceno,
442 2668 602 2756 mornado
618 2680 722 2737 asttern
749 2671 810 2732 hoc
836 2669 971 2735 carmine
990 2676 1118 2760 praebet
1136 2671 1225 2737 amico

88 2769 200 2846 pectus
216 2778 310 2822 suum
324 2756 565 2821 excutiendum?
585 2776 660 2825 nam
674 2776 838 2842 possumus
861 2755 987 2842 quidem
1007 2760 1151 2825 familiari
1161 2757 1228 2823 scri-

94 2844 202 2933 ptione
227 2841 380 2906 declamre
409 2844 555 2906 affectum
579 2853 733 2921 nostrum,
762 2839 819 2905 sed
841 2844 988 2929 praebere
1016 2843 1228 2931 explorandum

13 2966 17 2973 -
95 2931 235 2994 animum
250 2929 418 2992 curatione
432 2950 497 2991 non
511 2948 690 3015 possumus:
710 2929 856 2990 referrem
870 2929 949 2991 inter
970 2923 1078 3014 ἄλογα
1097 2930 1228 2995 licentiae

95 3014 254 3104 poeticae,
275 3014 337 3077 nisi
350 3014 385 3077 in
404 3025 528 3100 promtu
549 3024 630 3077 esset
655 3012 809 3076 excusatio
829 3035 895 3076 non
913 3034 1010 3078 vana:
1041 3017 1085 3081 ita
1102 3019 1230 3099 lqcutrmr

96 3099 240 3189 politam,
260 3100 332 3185 quia
351 3109 543 3185 praesentem
562 3099 650 3179 lingit
671 3095 856 3180 Cornutum3
877 3099 953 3162 item
972 3102 1047 3166 aliar
1071 3101 1155 3191 quod
1179 3102 1230 3165 ltac

100 3184 336 3271 compellatione
352 3186 444 3249 iaciat
456 3195 639 3272 potestatem
650 3182 785 3247 Cornuto
802 3185 979 3270 experiendi
999 3189 1139 3252 animum
1150 3206 1233 3253 suum

99 3291 290 3359 quacumque
300 3271 431 3335 voluerit
444 3271 578 3348 ratione,
599 3270 676 3335 sicut
691 3268 803 3332 dicem
816 3291 893 3333 mox
905 3272 1052 3357 sequitur.

186 3362 239 3423 28.
260 3353 468 3443 Quantoque
482 3363 624 3419 nostroe
640 3356 727 3417 Para
741 3363 803 3417 tua
816 3352 877 3432 ait,
901 3353 1070 3436 Cornuto,
1091 3355 1233 3433 unimus,

102 3440 140 3522 a]
165 3436 272 3521 Quem
285 3463 351 3504 non
367 3440 494 3505 dimidia
505 3462 576 3526 pars
590 3441 712 3503 animae
726 3452 849 3505 nostrae
858 3443 957 3522 tusis,
979 3456 1013 3506 ut
1030 3444 1108 3507 olim
1123 3466 1157 3509 sa
1177 3444 1236 3507 iens

102 3526 195 3606 dixit,
216 3524 273 3591 aad
291 3548 362 3613 pars
385 3536 417 3591 et
434 3526 547 3591 melior
570 3537 600 3589 et
619 3528 734 3608 major;
756 3527 800 3590 sic
822 3526 935 3593 Statius
953 3528 1088 3594 llletium
1162 3546 1237 3595 erem

102 3622 195 3677 vocet
217 3610 357 3677 animae
379 3632 464 3677 suae
511 3617 624 3674 artem
645 3609 829 3675 meliorem
857 3612 935 3694 [imo
955 3614 1149 3701 mojorem,
1170 3612 1238 3681 sur.

102 3696 205 3779 111,a‚
219 3696 269 3779 813
289 3696 421 3763 Rutilius
434 3698 467 3762 in
480 3632 659 3763 llinerarior
680 3690 720 3762 V
717 3696 887 3762 iecor-inm
898 3699 993 3764 enim
1007 3696 1151 3766 rrortroe
1160 3716 1239 3789 porc

106 3781 265 3848 maximo
279 3782 422 3859 amatia,
443 3794 475 3847 et
489 3784 532 3849 ita
545 3782 635 3846 multi
647 3782 748 3847 Latini
770 3785 811 3863 [v.
826 3785 895 3849 intt.
907 3786 1015 3851 Horat.
1032 3787 1097 3853 Od.
1113 3786 1139 3868 I,
1154 3792 1184 3857 s.
1196 3784 1240 3865 813

106 3881 213 3933 tractat
228 3868 365 3957 pluribus
385 3872 465 3933 hanc
480 3870 663 3935 sententiam
683 3866 722 3933 de
746 3891 780 3933 se
800 3881 831 3934 et
847 3868 1117 3959 Basilioloquens
1132 3870 1241 3952 Grego-

106 3956 170 4020 rius
181 3953 394 4021 Nazianzenus
410 3956 444 4019 in
463 3954 545 4019 illins
566 3955 739 4042 epitaphio,
759 3954 844 4018 idem
863 3960 937 4021 alibi
954 3958 993 4021 ad
1017 3957 1241 4045 exprimendam

108 4041 354 4121 conjunctionem
377 4062 471 4105 voces
495 4041 563 4103 illas
582 4054 724 4125 usurpat,
756 4042 947 4125 συμψυχίαν
968 4042 1029 4111 καὶ
1054 4044 1242 4130 cappulam

110 4139 214 4190 contre
234 4125 409 4213 Simplicius
428 4125 579 4191 amicitiae
600 4128 761 4191 utilitatem
779 4130 934 4215 explicans
960 4153 1015 4218 per
1038 4134 1119 4195 banc
1138 4150 1241 4193 unum-

110 4234 263 4300 quemque
277 4212 447 4275 amicorum
481 4215 562 4277 lures
574 4213 706 4293 animas,
725 4216 811 4301 plura
830 4236 867 4280 co
925 4238 958 4281 ra
974 4218 1093 4281 habere
1109 4215 1242 4282 ostendit.

198 4300 249 4366 24.
278 4295 409 4376 Pulsa,
465 4295 645 4387 ignoscere
668 4306 795 4363 cautus·
814 4296 880 4383 Qu.
931 4300 1102 4389 Postquam
1124 4303 1200 4369 dixit
1213 4320 1242 4364 sa

58 4387 218 4456 arefacere
228 4395 412 4474 potestatem
426 4382 561 4450 Cornuto
576 4381 754 4472 experiundi
771 4387 837 4471 sui,
858 4410 938 4453 nunc
956 4390 1096 4455 hortatur
1108 4401 1142 4454 ut
1152 4386 1241 4467 meiat,
