2700 4972
409 237 472 300 an
510 235 676 341 suasu
710 206 933 339 satanin
962 182 1022 305 rv.
1114 198 1117 207 ’
1209 250 1272 313 aar

221 402 435 472 Tuniootum
450 410 577 495 coepe]
607 404 813 475 Holdtouou
831 404 1017 493 κρόμμυον.
1046 411 1105 491 [Cf.
1118 412 1176 495 Pl]
1221 414 1272 479 Sic

130 512 168 557 re
195 492 301 559 lictus
329 492 511 559 bulborum
531 492 670 557 tunicas
698 494 775 559 dixit
793 494 907 561 Statius
927 496 962 569 iu
981 496 1023 561 V.
1038 497 1193 564 Silvarum
1215 502 1274 581 [est

178 586 235 660 ,9,
245 580 317 660 29.]·
359 580 496 645 loannes
509 578 746 647 Samsberieusis
760 581 838 647 libro
853 578 947 661 Vlli:
969 578 1040 646 Hic
1053 604 1162 671 caepa
1175 586 1270 651 tuai-

133 664 247 729 cotior
261 664 416 733 marotia
425 663 576 753 pellibus
596 675 633 729 et
646 664 806 755 epitogiis
824 664 1004 754 clrlumydi
1022 666 1192 755 penulam
1210 694 1270 735 su-

127 748 294 837 perducit
308 760 342 815 et
360 752 463 850 quasi
481 749 705 840 conglobatus
720 754 757 817 iu
776 750 895 819 orbem
918 752 1071 835 rotulari
1090 776 1195 843 wem
1213 757 1269 823 ia·
1325 786 1329 799 ·

133 835 259 901 cedere
278 858 394 925 mageo
410 838 552 903 idoneus
565 847 626 903 est.
823 884 826 893 ·

126 1001 129 1005 ,
218 930 270 989 81.
290 921 498 1009 Etfarrota
514 923 632 1010 pueris
642 918 891 1010 plaudentibus
912 918 1010 1009 olla]
1029 920 1202 1015 Emphusis
1224 940 1271 995 est

130 1010 164 1072 iu
176 1010 246 1090 illis,
267 1010 386 1095 pueris
394 1007 657 1099 plaudentibus,
678 1012 740 1073 hoc
757 1022 803 1073 est
819 1012 1000 1103 laetantibus
1019 1010 1050 1077 et
1068 1033 1124 1099 pro
1141 1015 1321 1097 magmate

129 1096 253 1159 lautitiis
266 1097 458 1177 habentibus,
478 1097 563 1185 quod
577 1096 669 1181 pultis
689 1097 753 1159 offa
765 1096 960 1177 satiarentur,
976 1096 1033 1169 ‚dic
1048 1098 1158 1163 saltem
1170 1102 1268 1167 fato:

129 1183 212 1282 atqui
228 1184 411 1268 paupertatis
427 1196 562 1246 extrema
585 1193 650 1245 erat
665 1193 748 1245 meta
768 1183 860 1268 pultis
880 1182 944 1247 otia
965 1178 1036 1247 ldco
1056 1184 1148 1271 ¹panis
1163 1188 1267 1251 vesci:

129 1266 201 1353 qurd
216 1268 308 1349 igitur
329 1269 379 1331 isti
397 1269 506 1333 diebus
546 1268 691 1333 rol'estis?
767 1330 771 1335 .
981 1290 984 1295 ’

213 1358 266 1417 32.
288 1351 492 1419 Pounosam
501 1291 644 1437 &aaut
665 1348 843 1415 morientia
861 1350 975 1419 sorbet
996 1350 1112 1438 oceli]
1133 1350 1206 1421 Non
1218 1358 1267 1423 bi-

127 1437 172 1501 bit
185 1438 309 1517 vinum,
331 1439 388 1504 sed
402 1452 537 1518 acetum,
558 1442 619 1501 hoc
633 1434 786 1503 estoludv
804 1436 959 1521 τρυγίαν,
981 1462 1117 1529 vappam
1134 1454 1188 1507 aut
1208 1468 1268 1533 po-

126 1544 227 1604 scam,
249 1526 302 1590 rel
325 1527 418 1589 etiam
441 1546 552 1592 rerum
571 1536 709 1589 acetum:
730 1545 806 1589 saue
824 1536 854 1587 et
867 1524 1003 1603 Romani
1023 1528 1136 1593 milites
1156 1540 1192 1593 et
1214 1532 1266 1594 alii

108 1627 112 1637 ·
125 1630 277 1697 pauperes
289 1623 376 1673 aceto
389 1615 580 1698 potabantur,
600 1622 635 1672 ut
648 1612 889 1675 observabamus
910 1611 951 1673 ad
969 1608 1121 1699 Spartiani
1133 1614 1267 1679 Pescen-

124 1696 212 1758 nium
237 1696 274 1774 [c.
298 1699 365 1776 10]:
386 1697 442 1760 sed
463 1699 514 1759 hic
531 1696 683 1781 deparcos
706 1707 828 1759 acetum
846 1697 923 1759 bibit
941 1696 1107 1779 pruriens,
1136 1701 1198 1764 hoc
1220 1714 1268 1766 est

120 1776 188 1861 jam'
204 1780 350 1854 delicians
365 1785 477 1869 etipsa
492 1782 591 1845 etiam.
601 1792 750 1845 vetustate
764 1794 953 1867 corruptum:
974 1784 1072 1847 immo
1086 1806 1127 1847 ne
1144 1798 1266 1851 acetum

120 1866 265 1951 quidem,
296 1868 354 1929 sed
373 1867 465 1931 aceti
506 1868 1136 1953 aecemsj·ista1uquoquepaaaoaam,
1163 1870 1198 1933 id
1219 1885 1266 1937 est

88 2010 93 2017 .
118 1948 253 2031 σαπρὰν
273 1946 340 2017 tut
364 1958 604 2037 παλαιοτητοςε
634 1965 666 2015 et
687 1953 745 2015 ista
767 1964 839 2015 suut
860 1974 934 2017 rere
952 1952 1110 2037 Parsiana,
1134 1958 1196 2019 hoc
1218 1971 1265 2021 ast
1305 1958 1309 1965 “

116 2032 381 2189 {appretiata
431 2042 528 2117 [Alias
550 2036 768 2124 descriptiones
791 2038 991 2124 triparcortun
1014 2040 1178 2105 hominum
1197 2044 1265 2107 lau-

138 2136 171 2187 at
215 2128 240 2187 l.
588 2144 612 2185 .·
752 2176 756 2182 .
1271 2188 1274 2195 .

195 2125 261 2275 33.]
271 2210 322 2277 At
334 2208 367 2271 si
380 2218 502 2274 unctus
519 2230 631 2273 cesses
647 2218 681 2271 et
693 2204 795 2294 figas
811 2205 854 2271 'ia
869 2218 946 2273 cute
967 2208 1099 2291 solem]
1127 2212 1264 2278 Alterum

113 2299 295 2383 exemplum
309 2297 523 2379 λογοποιΐαςε
543 2299 626 2383 prius
642 2307 706 2359 erat
722 2295 762 2357 do
776 2295 904 2358 homine
916 2318 1020 2377 avaro,
1040 2298 1102 2361 hoc
1117 2296 1155 2361 de
1172 2300 1263 2361 luxu-

111 2383 215 2461 rioso;
230 2381 323 2465 „ittud
344 2382 385 2444 ad
404 2381 561 2445 Neronem
584 2384 668 2445 nullo
694 2380 791 2443 modo
815 2382 1001 2467 pertinebat3
1029 2382 1089 2447 isto
1118 2385 1262 2449 mollities

114 2472 181 2547 ejus
197 2486 233 2530 ac
248 2471 338 2530 luxus
359 2470 581 2553 perstingitur,
603 2466 659 2531 sod
674 2466 898 2531 dissimulanter
916 2480 948 2531 et
970 2478 1115 2553 tauquam
1138 2468 1177 2555 de
1200 2471 1260 2533 alio

112 2553 289 2639 loquendo,
311 2576 376 2615 non
395 2552 434 2616 de
453 2555 592 2632 Nerone,
615 2553 767 2638 adquam
783 2564 830 2615 est
847 2574 961 2619 sermo.
1003 2554 1073 2617 Hoc
1097 2554 1188 2635 igitur·
1202 2556 1260 2619 ait:

65 2656 68 2669 '
113 2639 230 2725 siquis
245 2641 369 2703 mollius
391 2651 492 2702 cutem
514 2661 618 2703 curare
638 2639 816 2717 instituerit,
837 2650 873 2701 ut
892 2640 947 2725 qui
963 2640 1103 2723 pumice,
1123 2629 1260 2705 volsellis

114 2746 151 2787 ae
167 2726 324 2812 psilothris
339 2746 447 2810 corpus
461 2726 521 2789 sibi
535 2737 636 2788 totum
647 2725 717 2787 leve
731 2722 880 2803 reddunt,
902 2726 1005 2788 statim
1027 2723 1066 2788 de
1087 2724 1137 2789 his
1159 2727 1260 2811 spargi
1286 2796 1293 2813 .

72 2888 75 2893 Ι
93 2813 254 2889 -famam,
276 2809 361 2896 quod
380 2812 440 2873 sint
460 2810 608 2895 impudici
626 2831 663 2872 ac
683 2812 794 2873 molles
809 2821 841 2873 et
858 2810 910 2894 qui
930 2810 1006 2872 flore
1022 2812 1129 2873 aetatis
1143 2814 1260 2875 nefarie

116 2898 291 2961 abutantur:
313 2899 374 2959 hoc
386 2898 451 2959 vult
463 2898 528 2958 istis
539 2917 656 2959 novem
672 2896 821 2959 versibus.
853 2893 917 2957 Sed
929 2895 1023 2981 polita
1040 2896 1177 2980 alioquin
1191 2919 1260 2977 gra-

116 2984 263 3047 tissimus
274 2995 304 3045 et
319 2981 521 3046 verocundiae
536 2981 706 3062 virginalis,
727 2990 927 3049 attestantur
948 2978 987 3043 de
1007 2982 1061 3043 illo
1081 2993 1215 3062 veteres,
1235 3001 1327 3074 alta)

114 3070 256 3135 moribus
272 3070 335 3131 suis
349 3068 418 3130 heic
432 3066 587 3131 discessit:
609 3067 654 3130 sic
674 3064 756 3129 enim
774 3066 907 3129 alienam
926 3064 1148 3151 impudicitiam
1168 3067 1258 3131 casti-

113 3166 176 3235 gat,
189 3166 224 3215 ut
235 3155 386 3217 sermonis
400 3153 530 3232 licentia,
547 3154 604 3215 etsi
612 3153 716 3232 figuris
731 3150 891 3229 obscurati,
906 3156 1003 3215 castas
1015 3171 1104 3215 aures
1120 3152 1315 3218 offendatsts

111 3241 235 3303 ruerito.
279 3239 417 3303 Omnino
435 3240 530 3302 satim
545 3250 609 3301 erat
626 3235 843 3301 verecundiam
853 3236 974 3299 silentio
988 3234 1153 3300 vindicare.
1170 3304 1174 3309 ,
1192 3237 1257 3303 Sed

110 3326 217 3389 nescio
235 3324 393 3411 quomodo
412 3326 544 3409 pervasit
561 3325 657 3386 etiam
676 3321 971 3407 sapientissimorum
985 3322 1150 3387 homiuum
1165 3346 1256 3387 men-

107 3424 156 3475 tes
178 3412 231 3473 illa
252 3412 377 3497 opinio,
409 3411 651 3473 obscoenitatem
677 3407 884 3471 obscoenitate
904 3420 958 3470 aut
985 3409 1126 3471 liberiore
1146 3412 1256 3475 saltem

106 3497 243 3576 dictione
263 3518 331 3561 esse
349 3494 572 3577 castigandam:
602 3492 800 3580 quodquam
813 3514 833 3555 a
855 3505 937 3555 recta
955 3494 1074 3557 ratione
1095 3494 1254 3561 abeuum?

104 3595 138 3645 et
151 3595 257 3646 tomen
272 3582 402 3647 summis
422 3582 496 3645 viris
515 3582 557 3644 ita
577 3582 653 3643 olim
669 3580 830 3667 placiurm:
854 3578 921 3665 quis
939 3580 1006 3642 siue
1025 3583 1154 3659 rubore,
1175 3603 1254 3667 quae

105 3668 145 3733 de
159 3671 286 3755 speculo
299 3669 402 3731 Hostii
424 3667 543 3752 scripsit
556 3665 694 3745 Seneca,
715 3667 811 3745 legat,
832 3666 936 3749 paullo
956 3664 1009 3749 qui
1025 3666 1065 3728 sit
1083 3664 1256 3749 aldupovl·

102 3753 248 3835 desnos?
268 3754 344 3841 quid
359 3757 467 3817 beatus
482 3754 705 3835 Hieronymus,
726 3752 779 3813 ille
805 3761 906 3813 tantus
928 3750 1069 3825 castitatis
1085 3762 1116 3814 et
1128 3751 1254 3832 virgini-

102 3842 173 3904 tatis
187 3832 386 3904 buccinator?
407 3860 512 3901 nouus
528 3850 560 3903 et
572 3838 641 3925 ipse
655 3835 817 3921 aliquando
837 3836 873 3897 in
885 3836 985 3923 turpia
1001 3836 1151 3923 turpicula
1164 3839 1254 3902 inve-

68 3946 73 3953 ·
103 3928 211 3991 bitur?
233 3948 309 3990 sano
326 3924 468 4012 quidem,
488 3945 589 4008 neque
607 3923 643 3985 id
656 3945 718 3985 uuo
730 3925 811 3986 loco.
855 3918 919 3985 Sed
933 3942 1087 4001 caussam,
1109 3944 1189 4023 quae
1200 3925 1249 3987 vi-

104 4034 156 4076 ros
169 4032 277 4093 paves
290 4012 448 4097 compulit,
469 4022 503 4071 ut
516 4011 559 4071 ita
575 4010 721 4073 sentirent
734 4008 836 4092 itaque
851 4007 1025 4087 scriberent,
1045 4021 1142 4093 aperit
1156 4008 1176 4073 J
1177 4030 1253 4071 oan-

105 4120 163 4161 nes
182 4098 430 4181 chrysostomus,
453 4099 580 4182 plenum
591 4095 666 4157 illud
686 4094 773 4156 omui
789 4094 899 4155 virtute
923 4104 955 4155 et
974 4095 1175 4157 sanctimonia
1196 4116 1252 4181 pe-

108 4196 184 4247 ctus.
244 4186 293 4248 tit
322 4184 374 4245 ille
394 4182 534 4245 Humilia
561 4193 666 4267 quarta
690 4181 724 4241 in
751 4178 912 4265 epistolam
940 4176 981 4241 ad
997 4178 1158 4242 Romanos
1187 4201 1251 4257 eos,

109 4292 241 4356 quorum
256 4281 304 4334 est
318 4264 433 4356 scopus
445 4268 558 4349 flagitia
579 4267 744 4329 homiuum
760 4283 896 4350 nequam
917 4276 1007 4413 aldae
1025 4263 1251 4349 impudicorum

109 4355 345 4444 reprehendere,
364 4352 435 4437 cogi
445 4350 809 4419 autumatio-foeditatem
819 4351 943 4413 illorum
976 4348 1109 4415 enudare
1121 4362 1152 4414 et
1165 4350 1251 4439 quasi
