2700 4972
109 356 188 420 aa
315 396 317 400 .
520 290 928 415 consecramus

17 568 23 579 .
148 523 194 609 [p.
216 524 276 588 122
296 519 363 593 sire
380 542 411 606 p.
429 520 479 600 99,
506 525 522 585 1
546 518 663 602 ὃγλὶνλε
691 514 919 604 χαριεντισμὸς
932 520 1006 596 mic
1024 514 1064 585 to
1076 518 1217 607 απουδῇ
1232 516 1286 585 ml

29 621 33 633 ¹
75 618 78 626 '
148 611 266 681 κακοῖς
279 600 454 689 γινόμενος
477 598 591 685 iiooou
603 608 742 688 πρᾶγμαΙ
759 603 816 669 sol
829 603 1078 688 πολεμιώτατον
1096 601 1195 688 ilias:
1215 626 1285 686 uon,

148 706 183 756 ut
196 692 313 756 editum
333 704 394 770 est,
416 687 453 754 iv
474 690 604 774 σπουδῇ
628 690 685 755 καλ
707 694 830 767 anicia:
852 704 942 776 atque
960 693 1011 754 hic
1031 703 1093 771 cst,
1115 694 1180 771 cni,
1196 694 1288 755 utait

150 779 326 859 Demetrius
338 778 519 855 Phalereus,
540 779 608 840 sive
622 779 699 840 alius
715 791 761 840 est
781 781 847 857 ejus
869 779 938 840 libri
959 789 1081 856 auctor,
1106 789 1198 841 veturs
1218 798 1287 865 pro·¹
1315 840 1318 847 ,

149 866 295 931 verbium-
310 864 470 943 convenit,
501 860 538 927 lv
560 866 726 927 πενθοῦσι
746 866 869 948 aclis.-
897 885 971 926 eum
992 862 1087 928 κάλα.-
1107 862 1150 947 [§.
1172 867 1225 930 28.
1250 896 1285 915 -·

150 949 288 1037 Quippe
299 950 414 1011 ironice
427 951 459 1010 h.
475 951 511 1029 l.‚
532 961 567 1011 ut
581 948 736 1025 scilicet3
757 972 789 1014 v.
803 949 887 1013 Pasa.
903 967 932 1034 p.
947 954 1009 1014 303
1023 949 1080 1035 sq.]
1238 962 1242 969 '

84 1110 90 1121 ,
141 1084 145 1091 ’
235 1059 287 1119 89.
318 1050 469 1128 cantas,
493 1072 572 1113 cum
588 1047 651 1136 fa]
675 1050 828 1114 Describit
846 1053 897 1114 hic
916 1053 1040 1130 vitium,
1063 1051 1149 1138 quod
1167 1051 1220 1113 illa
1238 1070 1287 1113 aa·
1331 1074 1333 1085 ·

148 1153 210 1204 tate
231 1141 401 1218 obtinebat,
423 1148 500 1200 teste
516 1135 720 1216 Quintiliana,
742 1137 839 1200 Instit.
861 1140 912 1201 lib.
937 1135 1287 1222 X1,[c.s.§.5tsq.12
1330 1104 1333 1211 l

149 1222 224 1289 Sed·
242 1222 466 1312 quodcunque
492 1244 535 1285 ex
557 1221 601 1284 iis
620 1221 745 1286 vitium
773 1221 887 1307 magis
914 1222 1058 1286 tulerim
1086 1234 1195 1309 quam
1226 1242 1286 1309 quo

67 1390 70 1395 ,
148 1334 239 1377 auae
254 1309 407 1393 rizaaime
422 1305 648 1377 laboratorio
659 1306 791 1371 caussis
801 1306 959 1371 omnibus
970 1306 1180 1395 scholisque,
1193 1328 1287 1371 caa-

148 1395 298 1463 tondi.-
318 1390 411 1483 'quod
432 1392 593 1457 inutilitas
617 1394 728 1457 sitan
744 1391 890 1477 foedius
915 1393 1040 1481 nescio.
1084 1392 1181 1476 Quid
1200 1391 1289 1457 enim

150 1484 266 1549 minus
290 1477 425 1547 oratori
445 1478 729 1567 convenit'quam
753 1478 945 1543 modulatio
962 1477 1112 1555 'menica
1127 1479 1177 1542 ¹el
1197 1478 1289 1543 'noa-

149 1586 328 1656 mmquam
348 1565 523 1632 ebriorum
542 1577 604 1629 aot
622 1565 929 1651 commessan'tiam,
948 1565 1115 1629 licentiae
1127 1560 1289 1647 ¹similis?

149 1654 248 1739 Quid
260 1674 343 1719 vero
359 1651 543 1733 movendis·
557 1648 742 1741 affectibus
759 1652 976 1722 contrarium
990 1651 1134 1741 magia?
1155 1655 1291 1734 legantur

149 1743 232 1831 apud
247 1744 335 1805 illum
351 1752 482 1820 caetera,
504 1741 582 1828 quia·
594 1741 732 1827 pluscula
753 1750 831 1804 sunt.
863 1738 919 1818 [Pl
939 1737 1135 1829 sintpliciters
1158 1738 1289 1821 „Cautio

148 1848 206 1919 pro
221 1827 362 1895 ‘laetitias
381 1825 496 1890 indicio
514 1826 689 1908 sumitur.“]·
720 1846 723 1851 ·
793 1830 795 1835 ’
1035 1836 1038 1841 ’
1174 1836 1177 1843 ·
1207 1840 1218 1897 ζ,

238 1928 332 2007 ΟινηΙ
338 1924 461 2015 fracta
473 1934 506 1990 te
523 1924 558 1991 in
569 1924 667 1991 liobe
673 1916 810 2015 pictum
821 1922 880 1992 Ex
893 1914 1037 1993 humero
1044 1929 1188 2013 portes]
1211 1918 1291 2007 Orda

140 2016 249 2099 ¹magis
267 2016 404 2091 afficiunt
419 2036 496 2099 quae
516 2015 612 2078 oculis
630 2036 722 2101 quam
736 2036 814 2100 quae
832 2016 958 2079 auribus
973 2014 1198 2101 percipiuntur,
1220 2012 1291 2075 ideo

149 2104 300 2193 picturam
317 2098 504 2165 adhibebant
525 2098 564 2162 ad
589 2098 1044 2173 movendammise'ricordiam
1061 2106 1130 2165 'non
1152 2098 1292 2179 naufragi
1321 2166 1327 2175 ,

149 2190 269 2269 solum,
288 2187 371 2275 quod
389 2187 479 2248 molti
500 2196 652 2259 testantur>
670 2184 713 2263 [v.
735 2184 822 2249 Pass.
843 2209 874 2271 p.
887 2186 953 2252 '304
972 2198 1002 2249 et
1014 2185 1093 2263 Pla,
1120 2182 1180 2259 sed
1200 2184 1292 2248 etiarn

120 2272 127 2285 ’
150 2275 272 2363 patroni
291 2272 416 2363 'quidam
438 2270 472 2333 in
490 2272 578 2334 toro:
602 2282 706 2334 auctor
719 2266 934 2351 'Quintilianus
955 2272 1033 2334 libro
1052 2264 1117 2335 VII
1138 2264 1292 2349 [imo'VL

151 2360 214 2426 ab
231 2362 302 2441 in.]:
326 2354 396 2421 Sed
409 2378 478 2421 noa
494 2353 590 2430 ideo,
614 2358 646 2419 in
669 2358 728 2436 uit,
748 2354 972 2441 probaverim
990 2354 1082 2445 quod
1095 2352 1240 2441 factum
1257 2362 1294 2417 et

151 2445 232 2534 lego
249 2454 284 2507 et
302 2443 375 2530 ipse
395 2439 586 2527 aliquando
604 2379 696 2519 vidi,
721 2440 899 2528 depictam
923 2438 1082 2506 tabulam
1104 2438 1216 2527 sopra'
1228 2434 1293 2505 Jo-

151 2554 230 2598 oem
244 2531 284 2607 (is
296 2530 428 2611 locusin
444 2530 528 2607 foro)
545 2526 581 2590 in
604 2525 798 2614 imaginem
817 2528 885 2606 rei,
910 2528 1010 2611 cujus
1029 2529 1219 2591 atrocitate
1231 2526 1303 2616 ju-'

64 2666 70 2675 .
152 2615 221 2680 dex
244 2624 324 2679 erat
352 2610 628 2683 commovendus.
679 2615 900 2695 Argumentum
922 2607 1093 2693 tabularum
1106 2610 1293 2695 hrijusmodi

150 2707 248 2767 habes
272 2697 356 2788 apud
376 2700 548 2781 Lucianum
567 2696 655 2762 initio
676 2688 745 2763 libri
768 2700 807 2763 de
833 2700 1033 2764 mercenariis
1050 2701 1292 2779 convictoribus3

151 2791 272 2865 similes
284 2799 368 2851 erant
385 2788 619 2872 tabulae‚‡quas
639 2784 699 2848 diis
714 2785 895 2849 dedicabant
912 2790 947 2849 'et
967 2787 1021 2872 qui
1037 2787 1198 2869 naufragio
1219 2807 1293 2849 eva-

152 2882 301 2939 serant'et
318 2875 491 2959 qriicunque
510 2872 571 2934 alio
585 2870 697 2951 insigni
710 2873 844 2958 periculo
858 2866 979 2935 fuerant
993 2872 1127 2949 bberati:
1150 2856 1292 2959 quocirca

152 2954 225 3025 dicit
237 2957 394 3055 Jorenalis
416 2959 451 3021 in
464 2956 531 3021 XII
554 2956 639 3039 [28]:
947 3044 950 3049 Ι

401 3060 556 3150 pictores
575 3057 651 3148 quis
668 3056 779 3123 nescit
800 3054 843 3123 ab
859 3058 954 3125 Iside
970 3060 1103 3148 pasci?
1209 3090 1214 3097 ·

152 3168 194 3246 [r.
219 3164 321 3231 laudd
339 3164 437 3230 modo
454 3164 542 3246 ints]
570 3165 641 3227 hinc
664 3175 711 3227 est
727 3174 810 3227 omis
828 3164 880 3227 ille
900 3186 988 3245 mos,
1009 3176 1044 3226 ut
1061 3164 1141 3237 alios
1162 3175 1293 3243 taceam,

102 3257 302 3338 (talvetemm
316 3250 571 3331 Christianorum,
593 3260 627 3312 ut
640 3249 724 3337 quie
741 3252 853 3312 morbo
867 3253 1083 3314 convaluerant
1089 3300 1102 3337 ‚.
1119 3252 1164 3313 illi
1176 3262 1293 3329 sancto,

102 3342 247 3417 129cujus
265 3359 325 3424 ope
342 3338 506 3402 credebant
525 3358 560 3400 se
585 3347 723 3415 sanatos,
752 3333 877 3398 donaria
901 3336 1122 3422 suspenderent
1152 3360 1193 3401 ax
1216 3354 1292 3401 aunt

152 3425 205 3488 rel
225 3435 349 3503 argento
366 3427 417 3487 vel
438 3425 548 3487 viliore
562 3424 705 3500 materia,
733 3421 900 3502 imaginem
923 3424 1067 3486 habentia
1079 3424 1191 3510 partis,
1215 3443 1295 3509 quae

150 3512 250 3572 fuerat
276 3509 403 3573 affectat
429 3519 530 3571 namet
541 3506 757 3571 Theodoretus
776 3519 884 3572 octava
900 3507 1132 3595 Therapeutica.

237 3615 289 3676 90.
329 3603 481 3689 Verum,
510 3630 574 3674 nec
604 3617 703 3672 nocte
726 3617 900 3696 paratum
924 3604 1114 3690 Placebit}
1157 3604 1199 3675 V
1193 3600 1298 3675 emm

148 3694 304 3782 plorare,
327 3697 411 3782 quod
424 3699 629 3784 philosophus
648 3695 725 3758 dixit
742 3692 961 3781 πεφυκότας,
982 3719 1065 3761 voce
1079 3698 1296 3780 significantis-

152 3784 248 3845 sima:
268 3784 354 3867 quasi
372 3795 513 3847 naturam
527 3785 628 3871 ipsam
644 3782 745 3845 flentis
765 3796 935 3846 assumeret
947 3784 999 3867 qui
1012 3785 1138 3847 flentem
1159 3783 1293 3866 inducit3

152 3868 195 3931 sic
217 3866 299 3952 apud
313 3867 501 3953 Dionysium
522 3883 552 3934 et
569 3871 644 3932 alios
660 3870 797 3932 rhetoras
816 3864 837 3950 ἡ
859 3862 1003 3951 ἀληθινὴ
1026 3866 1109 3947 λέξις
1128 3872 1296 3957 opponitur

151 3953 248 4015 nirnia
263 3964 328 4015 arte
345 3967 469 4041 paratae
488 3967 519 4018 et
532 3955 747 4042 panegyricam
770 3963 868 4016 nocte
885 3964 1054 4036 paralum
1067 3952 1159 4044 flere
1177 3956 1295 4019 Aristo-

151 4039 205 4101 teli
219 4036 471 4123 nealcoulvmg:
492 4043 536 4105 sic
556 4042 608 4103 ille
626 4042 704 4102 libro
720 4038 761 4102 II.
776 4040 852 4122 [imo
865 4039 922 4119 IH,
942 4063 968 4104 c.
984 4042 1016 4122 2]
1040 4041 1216 4107 Rhetoric.:
1240 4037 1296 4106 aab

153 4123 206 4188 ost
224 4122 407 4190 λανθάνειν
426 4128 608 4203 ποιοῦντας
631 4122 690 4189 acl·
714 4122 762 4209 μὴ
787 4126 900 4189 δοκεῖν
921 4121 1029 4208 λέγειν
1047 4125 1293 4211 πεπλασμένως,

153 4203 236 4279 ἄλλα
257 4208 475 4292 πεφυκότας.ο
501 4212 575 4277 vide
596 4215 709 4274 locum.
752 4210 920 4293 Dionysius
939 4214 1207 4279 Halicarnasseus:
1235 4208 1294 4276 ori-

151 4298 289 4380 τοφυῶς
310 4294 368 4360 aul
391 4290 732 4380 αὐτοπρανματεύτως
760 4292 883 4380 λέγειν,
915 4300 1192 4379 significantissime
1218 4299 1296 4363 illud

150 4383 233 4466 prius
257 4381 299 4446 de
318 4383 413 4466 Lysia
435 4386 584 4470 loquens:
612 4383 714 4446 eidem
744 4383 916 4469 [unumque
943 4386 976 4447 in
995 4385 1066 4450 Jud.
1091 4386 1173 4465 isaei
1196 4408 1221 4450 c.
1243 4390 1292 4453 ta.

150 4473 258 4553 &109
272 4467 355 4532 med.
373 4467 470 4552 sylb]
492 4478 591 4534 nocte
600 4478 775 4556 paratam
788 4468 896 4534 dicitur
916 4464 953 4535 ia
968 4476 1175 4558 κατασκενῆς
1186 4469 1294 4556 λέγειν
