2700 4972
128 300 242 423 ἰιι
356 308 362 326 ‘
539 350 950 425 oonnsurrruos
1090 326 1094 339 '

177 522 346 591 'tuendum
359 533 427 602 est,
448 542 493 588 ne
510 521 666 611 longiore
682 520 849 610 temporis
865 521 979 611 spatio
999 518 1198 607 inturfinnt
1212 546 1303 613 quarn

179 634 245 700 quo
261 609 480 688 declaretur,
499 630 622 675 verene
635 609 682 673 sit
697 608 827 696 aliquis
841 619 1016 686 mortuus,
1039 630 1177 674 annone
1200 608 1305 701 tegiti-

179 720 277 762 mum
296 696 408 785 igitur
427 694 579 781 epatium
591 741 600 773 ,
630 705 669 759 ut
682 692 766 783 fere
788 705 868 759 runt
890 718 947 759 res
973 694 1170 767 humanae,
1195 694 1303 782 fuerit,

177 784 209 848 si
223 782 326 848 tertio
350 781 409 845 die
432 779 482 845 ad
495 792 752 845 monumentum
772 790 927 845 mortuus
948 779 1128 870 efferatur.
1173 783 1258 847 Hanc
1271 789 1305 848 le

177 894 251 952 gem
273 871 371 935 sancit
385 868 472 933 Plato
490 869 523 930 in
538 866 617 954 Rep.
640 889 711 931 use
732 870 878 933 instituta.
921 869 1047 933 Athenis
1066 890 1145 932 vero
1161 891 1305 933 numerum

177 961 260 1021 hunc
280 957 366 1020 varie
385 955 481 1017 fuisse
502 957 698 1018 observatum
719 954 759 1016 ad
775 954 1025 1039 Theophrastum
1052 955 1095 1039 [p.
1119 954 1196 1035 271]
1217 969 1306 1019 notsre

177 1043 395 1117 meminimus3
430 1060 570 1103 caussam
594 1035 790 1117 προθέσεως
816 1042 909 1102 etiam
930 1040 1040 1103 Pollux
1065 1038 1201 1103 eandem
1223 1045 1306 1104 staur

177 1150 250 1192 cnm
263 1128 393 1191 Platone
415 1120 473 1203 [cic
492 1118 600 1212 ὁρῷτο
621 1122 783 1204 bernoie,
807 1122 901 1209 μήτι
921 1125 1037 1208 βιαίοις
1057 1122 1238 1208 πέπονθε]ς
1263 1127 1304 1191 nt

111 1260 114 1267 ·
176 1217 236 1279 fuit
250 1215 344 1277 ctiam
354 1213 430 1275 alia:
450 1230 525 1275 nam
537 1212 638 1295 posito
656 1212 780 1295 corpori
795 1211 956 1275 domestici
975 1224 1005 1274 et
1020 1213 1189 1275 furniliares
1205 1215 1305 1275 lamen

124 1330 128 1341 ¹
177 1300 272 1365 tando
294 1303 411 1363 le'ssum
428 1297 591 1359 faciebant.
638 1296 787 1379 Ascpnius
811 1297 844 1359 in
869 1318 939 1359 eam
952 1319 1019 1383 -pro
1041 1297 1166 1360 Milone
1194 1298 1235 1375 [in
1250 1299 1303 1379 Arp

177 1410 209 1475 p.
225 1386 407 1463 182H0r.1:
426 1380 608 1468 perlatum
631 1391 683 1444 est
705 1402 830 1467 eorpus
846 1380 959 1446 Clodii
979 1391 1061 1446 ante
1079 1382 1303 1468 primamne-

125 1469 254 1535 soterio
266 1468 410 1544 boram,
433 1462 644 1552 infimaeque
664 1466 780 1553 plebis
794 1476 830 1529 et
848 1488 1027 1532 seruorum
1046 1467 1209 1531 maxima
1226 1468 1301 1538 rnul-

176 1554 293 1621 titudo
308 1548 437 1639 magno
453 1552 551 1616 luctu
564 1574 688 1637 corpus
701 1551 738 1616 in
754 1551 846 1617 atrio
862 1552 983 1617 domus
990 1552 1152 1640 positum
1162 1554 1300 1619 circum-

111 1692 115 1699 .
176 1643 283 1707 stetit.
327 1639 440 1705 Alludit
454 1642 515 1701 huc
534 1636 698 1719 Gregorius
712 1638 923 1703 Nazianzenus
936 1642 969 1703 in
982 1641 1035 1703 illa
1055 1638 1164 1705 divina
1179 1644 1298 1706 oratione

176 1729 227 1793 De
242 1748 350 1791 amore
400 1746 540 1811 upcrum,
560 1747 632 1787 cmn
643 1726 762 1789 scribit:
783 1723 839 1790 nul
857 1720 962 1809 μήτηρ
981 1722 1143 1809 μέμνηται
1159 1730 1227 1791 τοῖσι
1238 1722 1298 1793 rttt
1333 1758 1337 1765 ·

175 1836 248 1880 nav
260 1811 316 1879 nal
329 1834 373 1877 ιιι
385 1806 556 1893 σπλάγχνα
573 1808 795 1888 σπαράσσειαι
816 1810 874 1877 nul
890 1806 1105 1877 inuenirim
1120 1810 1201 1879 λίαν
1216 1808 1297 1879 ltu

175 1903 245 1975 σῶς
271 1896 328 1964 nul
357 1900 520 1979 προθεῖσα
543 1896 859 1978 &aucmentum
883 1892 1178 1982 triverim-riu
1192 1900 1296 1979 {rim
1326 1903 1340 1967 ἰ

122 2012 128 2026 “
177 1986 263 2051 Cave
277 1981 448 2049 confundas
461 1976 650 2061 προθέσεως
663 2004 784 2045 morem
798 2006 869 2045 cum
884 1986 961 2063 alio,
983 1986 1069 2063 cujus
1091 1994 1165 2047 ants
1179 1985 1296 2049 mentio-
1324 2046 1330 2061 ,

174 2093 252 2135 nem
269 2071 415 2146 fecimus,
437 2089 508 2131 cum
523 2066 671 2131 cadavera
693 2070 783 2130 humi
803 2072 971 2155 ponebant,
1007 2068 1218 2135 Artemidorus
1234 2072 1297 2135 libro

197 2159 275 2219 rimo
307 2156 349 2234 [c.
377 2153 454 2235 13]:
486 2146 811 2236 οἱιῖιιοθνήσιιονιις
834 2152 936 2237 χαμαὶ
963 2152 1121 2221 τίθενται.
1161 2156 1298 2219 'Valeriis
1334 2192 1339 2241 :'

174 2181 347 2307 Illaximus:
368 2235 508 2303 Acilius
516 2235 648 2301 Aviola
663 2260 686 2301 a
702 2237 846 2302 medicis
862 2249 933 2303 eta
949 2236 1150 2304 domesticis
1162 2240 1299 2305 mortrui
1333 2254 1340 2301 t

174 2325 340 2403 creditus,
362 2345 442 2387 cum
454 2321 663 2409 aliquandiu
675 2323 775 2388 irumi
782 2324 960 2409 jacuisset,
983 2323 1108 2396 elatus,
1127 2336 1211 2426 post
1231 2346 1299 2391 ιιοιιι
1334 2341 1338 2349 “

170 2411 269 2501 ignis
285 2430 408 2495 corpur
422 2408 499 2498 ejus
515 2408 702 2494 corripuit,
724 2408 837 2475 vivere
860 2431 896 2473 ce
912 2410 1164 2498 proclamavit.
1207 2350 1300 2497 dtyn

25 2566 39 2601 ¹
172 2497 319 2585 piodorus
341 2498 374 2557 in
392 2494 527 2559 Platonis
539 2494 742 2559 Phaedonem
761 2519 801 2559 eo
820 2520 908 2561 more
927 2500 1139 2582 συμβολικῶς
1160 2500 1252 2565 luisse
1269 2500 1302 2563 si-

125 2638 129 2659 ,
173 2585 349 2665 gnificatum
369 2581 471 2645 scribit
496 2581 634 2643 animum
658 2581 792 2644 defuncti
813 2605 890 2645 cum
909 2584 1105 2648 universitate
1123 2608 1226 2651 rerum
1245 2606 1303 2649 eor-

132 2690 138 2705 ·
171 2673 304 2733 lescere:
326 2660 365 2731 τὸ
379 2662 432 2731 ἐπὶ
445 2667 506 2748 γῆς
518 2664 650 2730 τιθέναι
664 2664 835 2753 σύμβολον
851 2671 913 2733 τοῦ
928 2664 1204 2756 ἀναμιμνήσκειν,
1226 2668 1301 2747 ὅσοι

172 2750 219 2819 dv
233 2757 305 2828 τοῖς
318 2746 412 2831 ὅλοις
429 2749 453 2835 ἡ
470 2746 563 2835 ψυχὴ
586 2754 784 2839 σονοφθείῃ.
1335 2810 1338 2817 .

257 2836 424 2903 Atilium
436 2834 597 2919 subiere]
618 2841 688 2903 Hoc
704 2852 758 2919 est,
774 2841 894 2926 patroni
906 2840 954 2903 sui
967 2842 1112 2927 pheretro
1127 2844 1205 2908 novi
1218 2841 1302 2909 liberti
1334 2850 1338 2869 ¹

169 2925 300 3005 subiere,
321 2936 356 2987 ut
368 2924 501 3010 loquitur
514 2924 677 3007 Virgilius:
698 2948 763 2989 non
778 2925 887 2990 debuit·
896 2928 1010 3012 exponi
1035 2928 1122 2991 aliter
1143 2929 1195 2991 hic
1213 2931 1300 3007 locun

171 3032 241 3072 cum
256 3022 340 3073 erant
355 3012 457 3096 plures
466 3022 650 3101 testamento
663 3013 859 3091 manumissi,
881 3014 992 3097 partim
1012 3015 1128 3077 lectum
1146 3018 1299 3095 gestabant,

169 3098 281 3183 partim
307 3095 445 3160 adlatus
466 3096 675 3183 procedebant
693 3101 746 3163 vel
768 3100 961 3163 ambiebant:
984 3120 1094 3162 omnes
1118 3122 1160 3164 oa
1187 3098 1234 3164 ite
1253 3100 1298 3163 in·

169 3178 251 3243 duto
274 3181 466 3262 [prumea
489 3182 628 3246 Heron:
653 3180 821 3262 obductil,
849 3185 911 3245 hoc
928 3195 975 3246 est
995 3186 1108 3271 pileati.
1152 3120 1298 3251 Iriterdurrr

97 3270 110 3293 ⁸
167 3268 228 3331 viri
242 3267 425 3333 nobilissimi
437 3268 530 3331 etism
542 3270 643 3333 alieno
657 3273 736 3332 lecto
750 3269 872 3332 funebri
885 3271 1031 3334 humeros
1043 3273 1254 3351 subjiciebant,
1271 3282 1299 3333 ut

167 3352 200 3413 in
218 3374 255 3415 ea
276 3353 402 3415 historia
421 3363 514 3437 quam
531 3358 624 3417 refert
642 3355 784 3419 Valerius
802 3354 959 3419 illeximus
975 3357 1028 3419 lib.
1050 3355 1108 3420 IV.
1135 3378 1203 3445 cap.
1220 3358 1246 3422 I.
1265 3356 1297 3421 de

168 3434 321 3524 Scipionis
334 3438 467 3501 Africani
484 3442 593 3503 funere
615 3438 655 3537 [β.
679 3443 742 3521 121.

49 3582 55 3592 ,
256 3526 328 3588 106.
348 3520 517 3587 Hesterni
529 3522 705 3607 Quirites]
734 3526 774 3589 Ut
785 3524 853 3589 heri
865 3536 956 3610 atque
974 3524 1071 3589 hodie
1094 3526 1245 3597 accidisse
1260 3528 1299 3593 di-

42 3645 45 3651 ,
168 3607 266 3672 cimus
281 3630 357 3689 rem,
379 3630 458 3696 quse
470 3632 534 3674 non
551 3614 649 3675 multo
662 3624 733 3675 ante
749 3610 907 3675 acciderit:
930 3612 974 3674 sie
990 3609 1172 3677 hesternos
1187 3612 1298 3697 Quiri·

116 3688 356 3770 sestertium
374 3709 466 3761 vocat
477 3718 585 3761 servos
604 3698 743 3763 libertate
759 3716 869 3761 recens
885 3695 1031 3779 donatos3
1054 3698 1137 3762 cedit
1153 3714 1258 3765 autem
1268 3700 1300 3765 li-

167 3780 291 3842 bertatis
311 3792 494 3846 testamento
514 3784 637 3847 relictae
659 3782 725 3846 dies
747 3805 812 3847 non
838 3784 947 3847 mortis
970 3795 1128 3869 tempore,
1158 3788 1215 3851 sed
1238 3796 1298 3877 post

166 3862 281 3926 aditam
291 3867 501 3933 hereditatem.
524 3870 574 3951 [V.
588 3873 676 3957 plura
696 3891 746 3956 up.
763 3869 820 3950 Pl]

254 3955 325 4015 107.
360 3949 498 4040 Tange,
527 3955 649 4034 miser,
678 3976 787 4021 venas
809 3964 843 4019 et
862 3974 954 4039 pone
979 3953 1016 4017 in
1044 3966 1188 4040 pectore
1219 3957 1297 4023 dex-

167 4037 282 4114 tram]
305 4035 441 4124 Scopam
453 4043 616 4127 superioris
628 4042 863 4129 comparationis
879 4062 949 4103 curn
964 4062 1026 4105 oon
1042 4055 1125 4106 esset
1138 4047 1213 4109 satis
1224 4068 1298 4111 asse-

166 4128 252 4182 cutus
278 4134 450 4188 contemtor
468 4128 520 4190 hic
537 4130 753 4215 philosophiae
770 4140 822 4191 aut
844 4128 1047 4191 dissimularet
1065 4150 1101 4191 se
1122 4144 1298 4209 assecutum,

165 4222 277 4283 gnarus
292 4218 395 4272 tamen
408 4233 446 4274 eo
457 4234 601 4277 sermone
617 4235 651 4278 se
661 4214 735 4300 peti,
756 4214 788 4275 in
799 4215 1020 4299 philosophum
1032 4216 1112 4277 ultro
1133 4219 1183 4281 his
1205 4219 1299 4284 verbis

163 4288 333 4372 invehitur,
354 4298 433 4360 falso
454 4297 516 4362 dici
537 4322 572 4363 se
591 4311 750 4380 aegrotum
773 4301 947 4377 atfinnans,
976 4300 1030 4385 qui
1053 4302 1174 4386 optime
1196 4307 1299 4369 valeat.

164 4370 296 4451 [allitus
314 4400 411 4461 error,
438 4384 536 4471 inquit
557 4384 672 4465 Orell,
702 4384 862 4448 aMontio
889 4386 961 4449 satis
989 4388 1099 4465 acerbe
1129 4391 1300 4472 exagitatus.

164 4456 285 4525 Verum
297 4466 362 4544 lum
374 4469 492 4535 viderat
507 4471 641 4537 Trnneb.
655 4490 705 4557 up.
722 4468 777 4551 Pr,
798 4472 877 4536 sdv.
888 4469 1015 4552 XXIII,
1031 4478 1093 4538 28:
1115 4476 1213 4557 ‚„‚Ad
1225 4498 1301 4541 mor-

649 4834 692 4903 ι’
