2700 4972
59 342 145 409 >rso
436 339 439 343 ·
479 282 896 437 conuunrrrros

83 510 187 597 sippus
200 468 356 570 tocnitona
369 504 552 593 proverbiali
568 502 607 566 de
626 492 668 566 re¹
681 504 769 567 nihili
791 505 899 568 solitus
922 503 1044 571 dicere:
1067 496 1150 567 aridi
1163 497 1219 567 cdv

85 594 254 661 δάκτυλον
264 587 406 674 καθήκει
422 595 595 670 προτεῖναι
612 585 712 672 χάριν
729 587 867 670 τούτου,
889 603 924 652 ut
942 612 1009 653 non
1028 592 1130 652 semel
1149 589 1218 669 legi-

84 674 1218 847 111111111111111111111

88 851 165 937 ejus
187 870 312 913 cornea
328 810 585 947 porrigendum
606 783 841 910 dicebatrpsed
856 859 961 910 tamen
985 848 1020 909 in
1038 848 1123 947 hoc,
1139 846 1170 907 iu
1188 866 1218 907 re

86 934 302 1098 illitati?
315 932 1217 1104 llllaitlilflbtlttl‘tt‘ltb‘tlddtttii

89 1110 213 1195 sippus,
233 1117 267 1167 ut
282 1127 321 1168 ex
336 1103 509 1167 Plutarcho¹
520 1104 733 1182 cognoscimus
752 1105 804 1167 De
824 1104 1087 1167 contrarietatibus
1107 1099 1217 1165 Stoico-

39 1205 92 1264 ter
99 1216 168 1258 rum
189 1191 229 1275 [d
254 1193 318 1270 18].
360 1188 480 1252 Eadem
505 1189 654 1251 sententia
676 1200 722 1253 est
737 1191 818 1254 illius
839 1190 923 1252 effati
941 1188 1059 1254 Stoici:
1082 1181 1216 1271 dpupdr

92 1274 171 1345 οὐδὲ
187 1279 301 1360 φακῆν
315 1277 426 1350 κακῶς
440 1273 601 1354 [καλώςΡ]
618 1270 698 1348 ἕψει.
950 1270 953 1279 “
1024 1340 1027 1345 ,

42 1428 46 1439 ,
178 1367 250 1447 119.
273 1357 419 1426 Nitriai
434 1359 731 1441 concesseratis]
753 1358 806 1423 Sic
820 1382 929 1425 omnes
940 1360 1155 1439 membranae,
1162 1378 1214 1421 non
1260 1372 1262 1384 '

133 1480 136 1485 ·
221 1445 270 1510 Ni
291 1444 354 1510 tili
374 1442 541 1508 concessit
562 1467 603 1511 r..

93 1533 178 1622 quod
194 1557 233 1598 ex
252 1533 356 1597 verbis
373 1530 538 1595 Clementis
557 1528 654 1593 modo
672 1530 770 1594 allatis
785 1532 954 1615 reponebat
970 1529 1081 1594 Justus
1098 1527 1212 1616 Lipsius,

26 1627 169 1699 sstllmeo
182 1618 312 1701 judicio,
333 1618 571 1703 appositissime:
596 1617 654 1679 etsi
665 1619 788 1697 vulgara
804 1617 876 1678 fetri
888 1627 999 1701 potest

126 1766 129 1773 .
181 1710 251 1771 120.
273 1700 344 1766 Sed
357 1700 454 1764 nullo
470 1700 570 1764 thure
586 1698 727 1782 litabis]
748 1700 839 1764 Nulla
852 1712 1103 1781 argumentorruu
1115 1698 1214 1762 ratione

28 1793 38 1811 ‘
95 1791 263 1868 obtinebis,
286 1783 351 1853 οὐκ
369 1780 566 1870 inversiones
593 1791 771 1850 translatum
794 1809 812 1850 a
832 1789 924 1849 rebus
944 1788 1056 1850 sacris:
1086 1782 1215 1869 namqui

94 1879 244 1963 occipiunt
262 1887 297 1936 ut
314 1885 425 1937 sonant
439 1877 549 1953 verba,
578 1875 730 1952 falluntur.
761 1870 911 1955 [Quare?
938 1871 1038 1935 Recte
1052 1871 1122 1935 Pte
1144 1870 1214 1933 rulo

95 1960 297 2028 sacrificio'im
320 1959 460 2022 etrabisa
475 1958 548 2037 diis,
570 1969 605 2019 ut
622 1957 704 2038 cett]
778 2006 782 2013 .

184 2052 255 2113 121.
317 2052 438 2108 masat
458 2042 496 2107 in
517 2041 636 2106 stultia
655 2039 774 2106 trevir·
790 2050 830 2105 ut
850 2040 1031 2106 semuncia
1049 2039 1154 2123 veri]
1182 2034 1215 2103 lit
1260 2088 1262 2103 .

97 2133 222 2218 sapiens
238 2134 300 2194 ulla
321 2152 361 2193 ex
380 2141 466 2215 parte
479 2131 519 2194 sit
533 2124 585 2216 q'ui
605 2151 669 2192 non
688 2140 770 2192 totus
786 2129 873 2214 sapit.
926 2128 1020 2191 Ratio
1042 2126 1216 2192 Stoicorum:
1253 2168 1262 2235 4

98 2221 169 2304 quia
182 2219 308 2282 rirbrtes
323 2237 358 2279 se
371 2227 479 2277 mutuo
493 2226 729 2299 consequantur,
750 2215 850 2299 utqui
863 2236 958 2278 unam
973 2216 1104 2293 habeat,
1123 2230 1216 2277 omna

98 2306 213 2367 habere
226 2303 265 2364 sit
277 2322 419 2377 neccsse,
441 2312 472 2362 et
489 2312 612 2376 contra,
640 2300 693 2386 qui
711 2321 771 2363 una
787 2312 901 2380 careat,
922 2300 1069 2363 omnibus
1084 2298 1216 2363 nudatum

100 2411 168 2452 esse
179 2387 361 2450 necessario.
404 2385 541 2449 Lae'rtius
556 2385 637 2466 [Vll
654 2393 683 2464 1,
698 2386 738 2450 65
750 2408 775 2451 s.
792 2385 883 2465 125]:
906 2382 964 2461 τὰς
980 2379 1101 2466 ἀρετὰς
1117 2387 1136 2450 λ
1186 2404 1217 2447 o·

103 2488 157 2538 σιν
178 2467 443 2535 ἀντακολουθεῖν
465 2467 618 2553 ἀλλήλαις
636 2468 693 2533 καὶ
708 2465 769 2534 τὸν
784 2470 865 2551 μίαν
885 2468 1002 2554 ἔχοντα
1015 2465 1130 2547 πάσας
1182 2488 1219 2543 m
1258 2500 1262 2515 ·

14 2567 36 2671 ὲ
99 2538 1262 2723 11111111111111111111

23 2795 40 2811 ⁸,
100 2729 243 2814 losophia
256 2728 452 2812 scripserunt:
474 2726 545 2788 binc
557 2727 691 2811 sequitur
711 2727 788 2789 nihil
801 2664 939 2791 mddium
958 2666 1027 2791 dise
1045 2729 1126 2792 iuter
1139 2662 1221 2793 adtu-

100 2827 165 2878 tem
180 2826 211 2877 et
222 2813 343 2875 vitium.
379 2811 536 2892 Diogenes
552 2811 584 2888 [l.
597 2813 617 2874 Ι.
631 2832 656 2878 s.
672 2811 777 2893 127.]τ
796 2808 924 2894 ἀρέσκει
936 2809 1053 2889 αὐτοῖς
1064 2810 1167 2897 μηδὲν
1177 2830 1222 2895 μ·

101 2897 181 2978 coiri
203 2893 287 2963 εἶναι
312 2890 430 2981 ἀρετῆς
448 2894 505 2962 καλ
522 2896 655 2973 mter:
672 2909 772 2983 -atque
795 2900 872 2961 haec
890 2901 1041 2963 sententia
1060 2900 1221 2963 Stoieonrnt

103 2988 196 3050 etiam
203 2984 409 3069 Peripateticis
422 2984 576 3047 nonnullis
610 2984 709 3061 lacuit,
725 3004 790 3045 non
803 2985 966 3048 omnibusz
985 2984 1060 3049 ride
1073 2982 1223 3049 Alexandri

102 3070 288 3158 Aphrodisei
301 3067 506 3148 Quaestioucs
518 3071 569 3131 lib.
585 3006 642 3131 dV.
662 3081 778 3154 quaest.
791 3068 849 3133 III.
863 3083 895 3133 et
904 3069 966 3133 IX.
979 3092 1025 3133 aa.
1039 3068 1151 3135 XXII.
1165 3068 1223 3151 ’[ὓῐ.

103 3156 197 3238 Diog.
209 3156 249 3234 V,
267 3161 295 3231 1,
314 3160 363 3234 13,
378 3176 402 3218 s.
418 3153 482 3234 st]
525 3152 689 3234 Gregorius
704 3154 914 3220 Nazianzenus
935 3157 967 3218 in
983 3155 1160 3219 laudatione
1170 3152 1225 3219 lia-

103 3241 185 3306 siliis¹
204 3237 319 3318 ἄλλοι,
338 3241 452 3345 inpuit,
473 3232 553 3303 cillo
574 3260 607 3303 τι
622 3242 865 3319 κατορθοῦσιν·
889 3240 923 3305 οἱ
946 3237 986 3306 ot
1001 3238 1079 3306 τινὰ
1098 3244 1168 3307 τοῖν
1199 3238 1214 3257 ”

104 3322 222 3409 ἀρετῆς
235 3325 349 3399 εἰδῶν,
372 3346 479 3389 οντων
490 3318 668 3405 πλειόνων,
689 3321 871 3390 ἅκανταδὲ
885 3322 995 3403 octale
1015 3258 1225 3412 datilbaum

43 3446 47 3453 ·
102 3408 141 3478 τό
158 3405 355 3493 ἀκρότατον.
397 3407 494 3488 Quod
515 3410 637 3475 Stoicae
656 3410 811 3475 doctrinae
830 3415 1016 3476 contrarium·
1030 3426 1098 3493 est,
1116 3408 1174 3479 scd
1185 3411 1226 3475 ri·

52 3498 171 3570 lsssmis
185 3506 311 3560 rerum:
333 3493 445 3558 brevia
455 3495 649 3572 semuncia,
672 3509 753 3560 nrrta
770 3510 801 3560 et
815 3500 863 3561 eui
876 3499 993 3585 aliquid
1005 3499 1110 3563 deest..

193 3587 265 3647 122.
278 3577 380 3644 Haec
394 3578 540 3663 miseere
555 3578 679 3667 nefas]
702 3581 785 3661 Ouia
797 3585 929 3669 sapiens,
942 3581 1086 3671 quicquid
1101 3585 1181 3663 iacit,
1193 3596 1227 3645 st

105 3667 191 3731 omni
203 3667 314 3731 virtute
325 3666 360 3729 id
370 3668 454 3746 facit,
468 3668 518 3731 sie·
526 3678 560 3729 ut
574 3689 637 3729 una>
647 3667 773 3753 quidem
784 3672 947 3756 praecellat
957 3670 993 3733 in.
1000 3672 1129 3752 singuiis
1141 3670 1229 3733 actio·

104 3754 203 3829 nibus,
216 3751 273 3816 sed
285 3752 430 3816 accedant
440 3755 525 3816 velut
533 3755 770 3816 succenturiatae
782 3766 814 3817 et
824 3754 880 3817 reli
898 3776 958 3819 noe
970 3774 1090 3821 omnes.
1120 3757 1228 3821 Plutar-

105 3837 238 3901 chusDe
253 3841 374 3900 fortuna
386 3837 556 3916 Alexandri,
579 3839 656 3901 libro
670 3837 687 3902 I
701 3840 745 3924 [p.
759 3844 830 3905 832.
843 3778 914 3923 Di:
934 3839 1088 3918 Στωϊιώς
1102 3839 1170 3906 ἐστι
1184 3835 1226 3905 λό·

103 3944 172 4008 poc,
186 3919 326 4000 ὅτιτᾶυ,
344 3917 365 3987 d
378 3919 421 3986 dv
435 3923 500 4008 δρᾷ
513 3918 531 3988 ὁ
546 3918 664 4006 σοφὸς,
677 3920 762 3988 κατὰ
774 3918 1016 4011 πᾶσανοὶοετήν
1032 3925 1168 4010 ἐνεργεῖ,
1180 3922 1228 3989 sol

105 4008 166 4093 μία
181 4005 255 4091 μὲν,
268 4005 313 4085 ὥς
326 4007 441 4088 ἔοικεν,
461 4005 482 4091 ἦ
499 4009 575 4089 [om.
593 4010 677 4090 edd]
692 4005 793 4087 doctri
809 4018 1080 4095 πρωταγωνιστεῖ
1092 4010 1228 4095 πράξεως

105 4090 257 4177 ἑκάστης,
279 4097 465 4174 παρακαλεῖ
478 4091 514 4158 di
528 4091 583 4158 καὶ
598 4095 673 4173 [om.
698 4096 780 4177 edd]
798 4091 858 4173 τοὶς
877 4092 976 4175 ἄλλας
998 4098 1054 4163 καλ
1078 4098 1228 4164 συντείνει

105 4172 192 4260 πρὸς
203 4177 242 4244 τὸ
256 4176 363 4255 citor:
384 4181 492 4242 malim
506 4200 540 4243 κ.
555 4175 590 4245 δὲ
604 4178 660 4245 καλ
674 4176 732 4258 τὰς
745 4179 846 4258 ἄλλας
858 4183 893 4247 ol
905 4184 1089 4249 συντείνειν
1103 4204 1136 4249 κ
1150 4206 1176 4248 r.
1190 4200 1227 4247 a:

88 4266 217 4331 'eadem
231 4288 271 4329 ex
286 4265 456 4350 Chrysippo
472 4266 584 4344 fusius,
605 4267 637 4328 iu
662 4266 796 4331 Contrar.
818 4266 912 4333 Stoic.
933 4270 965 4351 [l.
983 4272 1034 4352 l.]:
1056 4292 1132 4352 ergo
1147 4271 1228 4335 etiam

105 4353 211 4415 omnia
227 4353 300 4417 vitia
313 4350 352 4413 ad
366 4352 485 4430 singula
499 4370 607 4413 eorum
619 4356 697 4415 sacta
711 4368 907 4436 concurrunt,
936 4357 992 4442 qui
1005 4359 1159 4443 sapientes
1175 4372 1228 4419 nott

105 4450 196 4501 sunta
215 4437 372 4524 quomodo
386 4437 476 4517 igitur
492 4439 571 4501 haee
594 4439 810 4508 misceantur?
