2700 4972
178 344 244 407 216
548 334 951 407 COMMENTARIUS
1003 358 1008 369 ¹

179 531 265 590 eum,
287 510 339 596 qui
360 528 425 574 non
445 511 522 577 vivit
540 534 580 575 ex
597 511 724 589 virtute,
751 508 857 573 vivere
877 518 912 569 ut
929 506 1022 592 velit:
1050 528 1124 571 cum
1136 507 1229 595 dicit,
1247 510 1297 591 lor

179 594 353 683 reliquum
371 595 519 682 accipio,
540 598 689 678 significat
708 616 743 659 aa
766 597 916 672 majorem
936 594 1184 678 propositionem
1203 596 1313 663 aderit--

177 692 258 746 tera:
280 681 319 744 de
334 683 385 744 illa
398 685 481 745 enim
496 687 561 746 sola
575 683 723 767 loquitur,
741 701 806 741 non
826 679 920 740 etiam
938 678 979 740 de
1000 682 1209 744 conclusione.
1246 684 1294 747 llio

178 765 415 848 chrysostomus
432 769 462 830 in
480 768 570 831 XIV.
590 767 834 830 dissertationum
849 784 972 837 suarum
993 764 1192 852 [p.231sq.]
1211 782 1295 833 contra

175 853 310 915 similem
321 853 392 914 huic
413 855 624 934 syllogismum
641 852 796 937 disputans
816 852 965 935 majorem
985 852 1230 936 propositionem
1249 878 1292 941 op-

175 946 305 1023 pugnat,
326 941 493 1025 probatque
508 962 573 1001 non
588 960 658 1000 eam
679 958 746 1000 esse
766 937 955 1021 libertatem-‚¹
972 936 1080 999 vivere
1096 949 1130 999 ut
1145 941 1236 1002 velis:
1250 941 1292 1003 sed

147 1078 150 1087 .
175 1024 280 1087 vivere
293 1017 338 1084 'ut
357 1025 460 1102 jubeat
477 1027 553 1087 ratio
572 1036 663 1086 recta.
705 1021 761 1084 Est
782 1033 885 1082 autem
908 1040 990 1081 error
1015 1018 1049 1081 iii
1067 1023 1129 1084 bac
1151 1044 1292 1105 argumet-

173 1109 305 1186 tatione,
327 1130 418 1194 quem
433 1122 524 1173 vocat
540 1110 743 1196 philosophus
764 1101 855 1184 παρὰ
871 1100 933 1188 τήν
955 1100 1169 1189 ὁμωνυμίανι
1191 1112 1240 1195 qui
1249 1132 1291 1197 pa-

56 1234 65 1241 ·
145 1193 331 1273 :ralogismi
344 1196 523 1257 'refelluntur
540 1207 649 1275 negata
674 1190 897 1276 consequentia.
945 1188 1125 1254 Dicendum
1152 1197 1235 1258 enim
1251 1209 1292 1277 eat,

106 1322 120 1327 ·-
173 1279 271 1363 inquit
283 1278 473 1359 Aristoteles,
495 1275 700 1361 ὅτιὲστιμὲν
720 1273 764 1352 ὥς
780 1273 841 1354 ου’,
866 1271 1127 1351 ἕστιδὲώςναί.
1169 1278 1317 1345 lnscbo'

173 1364 212 1425 lis
234 1362 294 1425 dici
315 1366 393 1426 solet
411 1366 513 1429 inesse
531 1378 660 1452 quatuor
677 1362 839 1425 terminos:
865 1372 959 1422 recte:
981 1383 1057 1423 nam
1078 1384 1145 1427 vox
1167 1367 1290 1449 ambigue
1311 1371 1317 1437 ,“

161 1448 268 1511 instar
283 1450 377 1511 habet
397 1449 527 1513 duorum
544 1451 751 1514 terminorum.
797 1447 880 1510 Vera
900 1446 991 1527 igitur
1011 1449 1127 1521 solutio
1147 1452 1291 1551 supmioi
1312 1448 1317 1513 '.

171 1534 367 1618 paralogismi
386 1535 500 1620 pendet
522 1559 539 1599 a
566 1536 758 1599 distinctione
783 1533 936 1596 libertatis.
978 1531 1127 1598 'libertas
1146 1556 1255 1617 enm,

172 1630 242 1681 ante
264 1618 412 1697 diximus,
435 1623 493 1684 alia
518 1634 564 1684 est
583 1614 693 1699 animi,
715 1620 775 1680 alia
797 1617 946 1702 corporis:
967 1616 1020 1680 illa
1038 1620 1186 1699 naturalis
1203 1620 1291 1687 ditiu

78 1709 81 1715 '
170 1705 373 1791 pbilosophis,
394 1705 549 1786 Ciceroni,
571 1707 723 1785 Senecae,
744 1704 883 1789 Philoni,
904 1702 988 1781 aliis,
1011 1722 1084 1767 cum
1096 1712 1293 1789 murraeotm'

171 1791 330 1851 venienter
341 1792 474 1855 vivimus
490 1795 654 1878 animoque
673 1812 779 1855 sumus
794 1789 964 1872 composito
981 1786 1179 1875 οἰκείως-ις’.
1189 1788 1289 1879 φύσει

102 1873 255 1961 (labyhanc
270 1877 352 1937 nulla
368 1877 573 1957 περίστασις,
596 1899 683 1941 casus
700 1878 800 1939 nullus
818 1884 922 1960 potest
942 1870 1106 1941 adimeras':
1120 1888 1212 1963 atqua
1229 1881 1309 1949 hu.

68 1996 73 2007 κ
173 1960 395 2038 vualibertus,
417 1984 510 2046 quam
529 1965 580 2049 qui
599 1966 727 2041 habeut,
751 1962 838 2024 liberi
857 1980 980 2044 semper
995 1972 1085 2042 sunt3
1105 1962 1290 2029 b‘bertascoe·

173 2044 255 2129 poris
275 2048 435 2131 multiplex
452 2060 514 2127 est,
545 2046 807 2134 quemadmodum
826 2046 941 2106 multae
964 2055 1036 2106 sunt
1054 2050 1122 2125 ejus
1140 2052 1289 2131 servitutes

171 2149 249 2213 quae
271 2125 425 2206 ἐξουσίαν
446 2124 671 2216 αύτοπροίγίας
688 2134 733 2195 itti
754 2130 906 2206 adimunt,
929 2140 962 2189 ut
971 2131 1091 2211 morbi,
1113 2146 1229 2217 carcer,
1246 2134 1290 2199 ὼ.

39 2190 41 2195 ¹
117 2224 169 2284 417
178 2215 298 2279 minus:
319 2216 472 2281 libertates
490 2222 528 2282 ab
546 2222 610 2283 istis
626 2217 812 2284 vocathilo
829 2211 1019 2293 ἐλευθερίας
1031 2218 1290 2301 προφασισταὶι

168 2300 255 2383 qu'asi
273 2322 328 2385 per
348 2304 542 2366 occasionem
558 2318 663 2368 natas:
683 2324 792 2368 verum
812 2302 869 2362 has
884 2298 982 2362 Stoici
999 2314 1116 2380 negant
1138 2326 1208 2370 esee
1223 2308 1291 2385 tutti,

168 2395 202 2444 ut
220 2405 323 2447 earum
342 2387 381 2448 sit
402 2387 544 2450 habenda
558 2392 635 2452 ratio
656 2385 896 2450 inaestimanda
918 2405 991 2448 vera
1014 2388 1155 2452 libertato
1170 2404 1222 2455 out
1235 2392 1290 2457 tet·

167 2468 265 2530 citate.
314 2468 378 2533 Sed
399 2494 470 2535 curu
491 2475 571 2536 inter
589 2475 706 2560 species
728 2471 872 2534 libertatis
894 2491 1057 2555 corporeae
1077 2489 1198 2558 ponant
1215 2478 1291 2541 etin

167 2551 262 2614 Stoici
287 2555 458 2618 libertatem
479 2580 518 2620 ex
536 2563 602 2638 jure
625 2556 805 2637 Quiritium,
834 2554 994 2617 fatendum
1016 2559 1077 2621 illis
1104 2562 1162 2623 erit
1181 2564 1309 2627 notior

165 2638 223 2700 ista
244 2641 347 2702 valere
365 2662 402 2702 su
425 2643 555 2707 eriorem
573 2646 799 2726 syllogismum:
826 2652 907 2703 reete
934 2641 1026 2721 igitur
1045 2644 1124 2707 illud
1141 2647 1290 2713 Aristoteli!

165 2726 372 2808 usurpaveris:
393 2662 460 2791 idn
478 2725 543 2810 piu
558 2726 604 2806 ὠς
624 2726 680 2809 oti,
704 2726 771 2793 ἔστι
792 2722 828 2792 di
847 2719 893 2801 uic
917 2726 984 2805 yut.
1028 2727 1197 2822 [Scriptura
1213 2736 1290 2815 butu

165 2828 272 2871 versus
294 2809 396 2875 dubia.
456 2812 559 2877 Prima
578 2819 672 2880 verba
694 2813 883 2877 Achaintrius
904 2833 944 2874 ex
966 2816 1159 2881 omnibus
1182 2821 1243 2885 suis
1256 2822 1290 2883 ih

163 2895 308 2958 restituit:
338 2896 440 2962 Haec
464 2898 774 2985 reliquaoccipioc
801 2900 845 2963 sic
866 2907 897 2959 et
917 2899 1007 2960 multi
1027 2900 1080 2961 alii
1105 2901 1223 2987 codd,
1240 2898 1313 2969 ἦα·

164 2990 211 3041 est
233 3001 284 3042 cur
299 2982 457 3069 repudies:
478 3007 511 3052 v.
531 2988 629 3053 Web.
652 2986 744 3071 Seqq.
765 2987 799 3047 in
817 2983 954 3071 plurimis
974 2989 1314 3077 praestantissimisque-¹

164 3062 264 3128 Codd.
287 3066 330 3128 ita
355 3070 510 3151 leguntur,
533 3083 566 3135 ut
584 3072 664 3135 edita
682 3083 784 3135 sunta
800 3069 947 3149 Casaub.;
974 3069 1034 3139 sed
1046 3067 1255 3158 Britannicis,
1268 3078 1293 3145 3:

164 3147 262 3212 Codd.
278 3150 361 3231 Aen,
384 3154 505 3218 Harnn.
519 3163 550 3222 2.
565 3163 594 3222 3.
610 3158 640 3222 5.
658 3163 706 3222 6.:
729 3155 838 3219 licet
859 3160 905 3215 ut
926 3152 1022 3217 v'olo
1038 3156 1287 3227 viveretollsr

163 3234 245 3318 quod
260 3251 438 3322 receperunt
449 3240 552 3319 Pasa,
575 3241 686 3322 Oceli,
708 3242 815 3319 Web,
837 3238 881 3302 Pl.
923 3239 1012 3317 „Non
1029 3244 1286 3311 radiarentur-³

161 3320 277 3405 potuit,
299 3322 462 3387 utPersius
479 3329 707 3391 conclusionem
720 3326 885 3391 adversarii
904 3330 1037 3389 refutans
1055 3328 1090 3389 in
1113 3328 1218 3399 ierbis
1234 3336 1285 3413 ἐμ

161 3402 329 3497 quidquam
343 3413 504 3475 mutaret.“
527 3411 585 3476 W
582 3411 651 3489 ela,
672 3410 758 3475 idem
768 3413 919 3475 rationem
939 3410 1079 3489 indicans
1100 3420 1171 3481 veri
1184 3418 1285 3483 stultu

160 3509 260 3568 mam,
281 3512 339 3575 qua
353 3494 431 3557 haec
452 3496 543 3559 lectio
564 3500 655 3562 fuerit
675 3500 750 3561 olim
765 3497 902 3575 mutata]

247 3578 298 3640 88.
324 3571 494 3645 Vindicta
504 3590 693 3670 postquam
713 3602 810 3647 meua
831 3603 854 3644 a
869 3580 1041 3645 Praetore
1061 3584 1281 3669 racemi&
1319 3592 1327 3655 i

160 3653 249 3721 milri
262 3662 307 3741 ra]
335 3663 475 3731 Libertus
497 3669 549 3731 hic
571 3681 714 3749 negatam
740 3670 800 3733 sibi
826 3667 1048 3731 assumtionem
1074 3676 1189 3756 probat
1207 3696 1289 3757 argue
1316 3702 1327 3747 t

79 3770 81 3777 ·
159 3746 356 3825 mentatione,
370 3754 465 3831 cujus·
486 3756 633 3841 ropositio
647 3759 746 3835 major
756 3766 819 3819 est:
842 3750 1020 3900 Quisquisa
1056 3752 1281 3825 raetoremautt·
1314 3762 1327 3831 i

133 3879 138 3883 .
158 3831 269 3893 missus
285 3844 339 3911 est,
360 3835 413 3898 itta
425 3774 520 3903 bAEet
529 3842 699 3904 libertatem
712 3838 845 3904 faciendi
857 3861 919 3925 quo
957 3840 1031 3902 vult.
1076 3841 1142 3905 Sed
1164 3858 1279 3944 etsupt·
1313 3868 1327 3920 ι

156 3915 269 3978 riorem
284 3920 496 4005 syllogismum
514 3927 633 4007 corrigit
643 3925 736 4002 idem.
777 3925 938 3989 Posuerat:
959 3920 1068 3988 Liber
1081 3938 1136 3992 eat
1149 3931 1209 3995 cui
1218 3932 1278 3997 bul

915 3912 921 3919 μ

158 3998 286 4096 utyult
306 4000 432 4069 ducere
455 4007 585 4074 vitam:
607 4034 688 4074 nunc
705 4014 747 4075 ita
769 4010 913 4075 emendat
932 4012 1179 4158 propositionem
1195 4019 1277 4081 illorut
1311 4040 1327 4105 p

157 4082 268 4148 Liber
283 4097 335 4150 eat
348 4089 405 4154 cui
420 4089 504 4158 licet
516 4097 631 4163 vivere
647 4104 686 4161 ut
698 4096 784 4176 vult,
798 4095 868 4161 nisi
883 4094 968 4181 quat
996 4117 1079 4182 egea
1092 4097 1275 4189 impediunt.
1310 4108 1327 4177 b

156 4170 342 4237 Justinianus
363 4175 532 4263 imperator
553 4183 661 4261 [lustit.
676 4183 701 4261 I,
720 4186 766 4246 tit.
781 4191 810 4262 3,
832 4182 859 4266 ἓ·
876 4186 922 4262 ll:
952 4179 1141 4267 liberm,
1162 4210 1206 4253 02
1224 4208 1274 4277 Ψ

157 4256 266 4319 etiam
283 4255 388 4354 libari
401 4275 586 4344 vocantur,
611 4277 664 4331 eat
676 4267 850 4332 naturalis
861 4263 1036 4352 facultas,
1061 4271 1158 4358 quod
1171 4275 1271 4361 cuique
1311 4290 1327 4357 ,tt

152 4337 276 4427 facere
291 4341 385 4424 oter,
408 4347 479 4413 nisi
492 4352 525 4416 ai
536 4354 621 4439 quid
633 4352 671 4418 vi
690 4363 753 4417 out
763 4354 846 4439 jure
862 4352 1081 4438 prohibetur.

244 4423 281 4494 V
282 4427 439 4516 indicta]
470 4433 579 4503 Gracci
596 4439 822 4506 iurisconsulti:
856 4439 1084 4523 Bcvdixroe,
1111 4440 1135 4530 ἦ
1158 4440 1270 4533 (illios
