2700 4972
451 338 520 404 ln
562 336 934 439 rnnsruu„
1216 312 1248 406 ᾗ,

105 512 236 591 lapidem
251 510 366 591 Appiae
380 502 461 571 viae:
492 511 562 589 quia
580 510 742 587 aliquando
763 512 926 570 in‘Albano
948 524 1050 572 monte
1067 515 1104 574 ab
1126 525 1184 575 ara'
1197 517 1248 575 su-

105 599 185 676 giena
196 610 304 657 taurus
318 598 381 678 jam
395 605 585 656 consecratus
593 640 601 672 ,
632 597 673 653 ibi
688 596 919 676 comprehensus
932 609 985 659 eat.
1028 601 1103 660 Inde
1115 602 1247 663 Botillao

107 685 211 742 dictae.
1113 722 1116 727 -

50 846 54 857 ·
116 834 125 845 ,
188 770 224 827 V.
240 768 292 835 56.
326 770 503 846 ornantque
523 767 567 825 ad
591 764 693 845 Vara]
726 768 867 839 Quatuor
888 769 1020 829 millibus
1041 773 1078 829 ab
1100 772 1175 830 urbe
1199 784 1246 832 est

50 864 53 903 ;
106 855 199 916 urbii
212 850 326 929 clivus,
356 873 414 931 qua
431 853 490 911 iter
510 862 556 911 est
577 852 617 911 ad
631 850 775 926 Ariciam,
803 862 840 923 et,
857 855 897 913 ad
918 875 1023 915 nemus
1038 859 1163 931 Dianae,
1192 861 1245 917 ubi

49 1008 52 1017 ¹
107 942 225 1002 Virbius
238 940 365 1013 colitur,
388 938 494 1013 idest,
516 938 718 1017 Hippolytus,
740 940 823 1015 quod
835 938 881 999 bia
893 941 927 999 iu
940 942 1035 1002 uitam
1049 945 1186 1023 prolatus
1196 946 1244 1005 sit.

105 1028 183 1088 Nota
196 1037 299 1085 autem
315 1026 397 1104 apud
409 1024 681 1102 Virgilium'fabula
694 1032 747 1083 eat.

187 1114 264 1173 lbid.
280 1112 422 1188 Manius]
451 1108 585 1168 Manium
605 1110 679 1169 dicit
698 1108 863 1171 deformem
882 1120 913 1169 et
930 1113 1064 1190 ignotum
1080 1112 1242 1189 hominem,

49 1186 52 1236 3
107 1221 139 1259 eo
157 1199 239 1277 quod
252 1198 369 1258 Maniae
391 1197 536 1255 dicuntur
557 1195 694 1279 indecori
713 1195 818 1255 vultus
834 1214 996 1277 personae,
1024 1198 1132 1276 quibus
1155 1202 1259 1280 pueri,

49 1346 51 1353 ,
107 1297 267 1347 terrentur.
1185 1332 1192 1341 .

182 1372 221 1433 V.
233 1374 286 1435 61.
313 1369 375 1446 Qui
389 1368 476 1444 prior
493 1388 540 1440 ea,
563 1366 687 1444 curma]
717 1366 808 1445 Apud
822 1366 955 1425 Athenas
970 1369 1241 1449 eumjuveneslu-

106 1454 155 1519 ¹dos
176 1476 271 1517 cursu
291 1453 496 1526 celebrabant,
526 1452 576 1528 qui
595 1452 696 1511 victor
717 1461 808 1527 eaaat,
843 1454 958 1532 primus
982 1457 1075 1515 facem
1100 1455 1240 1514 tollebat:

104 1538 219 1605 deinde¹
233 1541 371 1620 sequenti
389 1558 419 1596 ee
436 1536 591 1609 tradebat,
618 1547 648 1595 et
668 1538 818 1597 sectandus
838 1540 947 1599 tertio:
978 1542 1113 1601 similiter
1128 1561 1241 1618 omnes,
1324 1546 1327 1557 '

104 1632 198 1691 donec
210 1627 401 1695 currentium
418 1642 562 1683 numerus
578 1623 763 1702 impleretur.
1128 1624 1132 1635 “

56 1746 59 1753 -
183 1715 220 1775 V.
237 1718 289 1778 67.
312 1713 454 1770 Foenoria
470 1710 597 1767 accedat
613 1710 731 1787 nieman]
766 1710 908 1769 Tractum
924 1721 967 1771 est
986 1712 1045 1770 hoc
1061 1732 1077 1768 a
1093 1712 1239 1790 patribus,

103 1804 149 1881 qui
164 1802 273 1861 dicunt
287 1798 356 1857 filiis
371 1796 444 1855 suia:
466 1794 542 1867 boc,
565 1796 649 1872 quod
663 1794 749 1853 vobis
761 1794 838 1854 lucri
854 1796 891 1853 de
902 1799 1024 1856 foenore
1040 1800 1177 1872 accessit,
1199 1798 1238 1856 ad

101 1891 252 1961 fructum,
274 1882 383 1958 idest,
406 1881 444 1940 ad
459 1900 547 1940 usum
563 1881 645 1939 vitae
657 1880 743 1939 vobis
755 1882 910 1960 proficiat:
930 1883 1080 1961 reliquum
1097 1900 1169 1954 vero
1183 1902 1239 1964 pe-

100 1976 202 2035 cuniae
217 1979 374 2033 reservate
386 1968 546 2045 integrum.
1123 2018 1128 2027 .

180 2061 219 2121 V.
236 2057 295 2123 77ss
312 2055 513 2135 Cappadocas
524 2053 639 2131 rigida]
662 2052 849 2111 Gladiatores
864 2053 946 2112 dicit.
990 2055 1064 2113 Nam
1082 2055 1164 2134 apud
1180 2076 1237 2113 an-

97 2149 197 2226 tiquoa
233 2142 355 2205 venales
384 2139 563 2218 gladiatores
584 2140 616 2197 in
632 2147 746 2196 catasta
761 2139 968 2216 ponebantur,
998 2151 1034 2198 ut
1050 2141 1082 2199 in
1103 2143 1145 2199 eia
1165 2162 1237 2221 poa-

97 2243 162 2293 aent
180 2231 285 2292 omnia
300 2226 434 2287 membra
449 2223 565 2303 inspici.
609 2224 662 2282 Vel
681 2225 752 2302 quia
773 2224 964 2303 Cappadoces
987 2226 1161 2285 dicerentur
1179 2226 1238 2285 ha-

96 2320 166 2380 bere
176 2316 317 2379 audium
329 2312 466 2372 naturale
482 2310 522 2369 ad
534 2309 605 2367 salsa
619 2309 788 2368 testimonia
804 2311 997 2390 proferenda:
1018 2312 1068 2388 qui
1084 2313 1192 2371 nutriti
1203 2313 1236 2371 in
1319 2347 1324 2354 ·

95 2404 257 2467 tormentis
273 2422 291 2459 a
306 2399 450 2479 pueritia,
479 2396 639 2474 equuleum
655 2397 710 2455 aibi
730 2396 828 2455 sacere
847 2396 1008 2472 dicuntur,
1039 2407 1076 2456 ut
1096 2399 1128 2458 in
1148 2418 1183 2457 eo
1205 2418 1236 2457 aa

95 2494 229 2552 invioem'
237 2493 422 2564 torqueant,
451 2491 482 2540 et
500 2502 570 2541 cum
588 2482 619 2540 in
641 2502 738 2561 poena
755 2482 974 2562 perdurarent,
1007 2484 1045 2542 ad
1059 2485 1133 2542 salsa
1145 2486 1236 2543 testi-

95 2578 196 2639 monia
210 2594 242 2635 ae
255 2574 334 2633 bene
349 2567 570 2629 venundarent.

107 2654 110 2663 ¹
182 2660 259 2723 lbid.
273 2657 416 2733 Favisse]
433 2655 553 2732 Legitur
563 2663 591 2713 et
597 2655 770 2730 planesiaco:
788 2653 928 2730 quoniam
941 2655 1061 2712 venales
1073 2663 1234 2731 antequam

96 2752 124 2810 in
140 2757 255 2810 catasta
268 2746 482 2821 imponantur,
506 2748 626 2797 cantant
639 2738 773 2797 universi
784 2740 898 2817 pariter
911 2759 995 2799 more
1007 2740 1103 2818 gentis
1116 2760 1196 2801 suae.

180 2837 217 2895 V·
232 2836 286 2897 80·
314 2833 458 2889 112⁰&th
484 2821 660 2903 Olzaeysa'ppe]
692 2823 1094 2905 Chrysippus.philosop11us
1115 2826 1235 2885 Stoicus

95 2922 308 3003 Syllo'glmum
323 2914 453 2995 σωρίτην
466 2911 604 2985 vocavit,
622 2930 713 2987 ,quem
729 2930 783 2989 per
803 2911 1003 2991 adjectionem
1020 2922 1051 2972 et
1069 2911 1234 2972 detractio·

95 3028 161 3071 nom
172 3028 210 3068 ex
224 3001 331 3079 acervi
343 2997 535 3061 frumentarii
549 2997 746 3059 similitudine
760 2998 901 3059 ostendit.
