2700 4972
356 306 359 311 ⁴
473 336 794 407 sartari.

59 507 215 573 Effundat
236 512 373 588 junctura
395 529 527 591 ungues;
562 510 619 574 scit
638 509 764 575 tendere
785 532 908 579 versum

60 617 137 680 Non
161 610 249 680 secus
270 636 306 677 ac
327 615 354 679 si
374 618 465 680 oculo
486 618 637 680 rubricam
659 617 767 699 dirigat
789 642 867 701 un03

59 725 139 789 Sive
163 745 242 810 opus
261 724 295 785 in
315 744 435 802 mores,
464 724 498 785 in
518 727 641 804 luxum,
667 726 699 787 in
724 726 852 813 prandia
876 752 1002 812 regum,

59 830 176 894 Dicere
196 852 247 897 res
269 829 399 911 grandes
420 844 525 896 nostro
549 831 601 895 dat
620 831 711 896 llIusa
732 833 855 935 poetae.
893 854 898 881 ¹
1061 826 1064 831 ¹

146 938 230 1001 Ecce
250 938 347 1002 modo
369 940 480 1003 heroas
502 962 609 1004 sensus
630 941 739 1004 afferre
759 942 902 1009 videmus

59 1046 177 1128 Nugari
198 1046 306 1111 solitos
329 1043 461 1126 Graece,
489 1069 547 1110 nec
566 1070 685 1135 ponere
701 1050 813 1113 ¹lucum

60 1154 198 1217 Artifices
220 1176 279 1217 nec
298 1176 350 1217 rus
371 1165 509 1217 saturum
529 1154 673 1231 laudare,
701 1155 757 1221 ubi
778 1160 885 1223 corbes

59 1259 101 1323 Et
120 1264 210 1324 focus
232 1272 264 1324 et
282 1260 368 1347 porci
390 1272 420 1324 et
440 1264 563 1327 fumosa
584 1261 690 1326 Palilia
710 1266 823 1346 foen03

59 1368 149 1433 Unde
170 1367 289 1433 Remus
309 1369 455 1454 sulcoque
477 1380 577 1433 terens
599 1367 745 1449 dentalia,
778 1368 920 1454 Quincti,

59 1476 168 1557 Quum
186 1475 305 1563 trepida
326 1487 397 1539 ante
417 1478 515 1541 boves
536 1476 726 1540 Dictatorem
745 1476 845 1551 induit
866 1462 959 1562 uxor,

57 1584 97 1649 Et
117 1596 170 1648 tua
192 1596 288 1647 aratra
311 1582 440 1646 domum
461 1584 550 1646 lictor
569 1584 646 1645 tulit.
687 1582 788 1665 Euge,
817 1586 927 1672 polita!
1027 1572 1030 1577 ¹

12 1690 18 1759 ζ
56 1693 112 1757 Est
132 1715 232 1772 nunc,
260 1690 379 1754 Brisaei
401 1712 495 1776 quem
514 1711 649 1754 venosus
671 1692 748 1753 liber
768 1689 855 1772 Acci,
938 1723 944 1738 ·

58 1798 135 1864 Sunt
155 1821 234 1885 quos
254 1796 465 1884 Pacuviusque
488 1809 519 1860 et
539 1817 701 1860 verrucosa
723 1811 860 1862 moretur

24 1955 27 1968 .
57 1907 205 1994 Antiope,
233 1906 387 1969 aerumnis
409 1927 462 1968 cor
483 1904 674 1967 luctificabile
695 1906 781 1971 fulta.

11 2090 16 2103 Ι
57 2014 123 2078 Hos
148 2014 251 2100 pueris
271 2014 407 2077 monitus
427 2025 528 2102 patres
548 2011 710 2076 infundere
730 2013 831 2099 lippos

58 2121 138 2188 Cum
157 2121 283 2201 videas,
311 2116 487 2207 quaerisne,
517 2118 601 2182 unde
622 2122 699 2183 haec
720 2132 838 2202 sartago
859 2122 1005 2209 loquendi

11 2244 17 2261 ·’
56 2230 184 2295 Venerit
204 2231 239 2292 in
258 2230 404 2310 linguas?
445 2227 530 2291 unde
550 2227 628 2291 istuc
650 2225 797 2308 dedecus,
823 2230 939 2317 inquo

56 2338 219 2403 Trossulus
242 2339 356 2427 exultat
374 2336 432 2401 tibi
450 2357 507 2425 per
526 2335 669 2400 subsellia
691 2337 813 2403 laevis?

56 2445 146 2510 Nilne
164 2443 262 2532 pudet
283 2442 373 2530 capiti
392 2464 458 2508 non
477 2466 570 2531 posse
591 2445 723 2531 pericula
746 2465 822 2507 cano

56 2553 187 2634 Pellere,
214 2552 288 2641 quin
308 2548 448 2639 tepidum
470 2552 531 2614 hoc
553 2564 640 2639 optes
661 2551 781 2633 audire,
805 2550 1054 2621 DECENTER?

137 2658 200 2722 Fur
222 2681 271 2739 es,
301 2659 342 2720 ait
363 2656 470 2722 Pedio.
515 2658 627 2723 Pedius
649 2658 748 2745 quid?
793 2660 917 2723 crimina
938 2662 1013 2726 rasis
1152 2666 1193 2727 85

57 2768 158 2834 librat
174 2768 208 2830 in
229 2766 401 2830 antithetis:
438 2766 543 2830 doctas
563 2769 702 2854 posuisse
723 2768 834 2848 figuras

56 2874 220 2940 Laudatur:
247 2875 364 2939 bellum
385 2874 463 2936 hoc!
497 2874 567 2937 Hoc
587 2876 727 2941 bellum?
772 2896 829 2954 an,
851 2872 1001 2956 Romule,
1025 2877 1137 2943 ceves?
1220 2940 1223 2945 ,

56 2964 285 3049 llen'moveat
305 2983 418 3071 quippe
442 2993 486 3062 et,
514 2994 613 3047 cantet
634 2983 661 3047 si
681 2984 862 3063 naufragus,
891 3004 992 3046 assem

54 3092 257 3159 Protulerim?
300 3101 419 3171 cantas,
447 3111 518 3152 cum
540 3091 634 3152 fracta
655 3102 686 3153 te
706 3089 740 3151 in
759 3092 845 3153 trabe
865 3090 979 3177 pictum

54 3200 101 3265 Ex
119 3204 250 3263 humero
271 3197 404 3285 portes?
446 3202 569 3275 verum,
595 3219 653 3260 nec
673 3209 764 3261 nocte
781 3210 919 3285 paratum
1118 3194 1122 3205 ¹
1150 3202 1192 3264 90

53 3308 202 3389 Plorabit,
230 3307 283 3395 qui
303 3328 356 3369 me
376 3308 460 3370 volet
479 3306 656 3370 incurvasse
676 3308 808 3392 querela.

10 3406 13 3411 ¹
136 3414 209 3480 Sed
225 3410 382 3478 numeria
397 3408 501 3475 decor
516 3422 587 3494 eat,
616 3423 650 3478 et
665 3414 838 3501 junctura
860 3408 986 3475 addito
1009 3409 1127 3477 crudis

58 3522 229 3590 Clandate
253 3520 305 3585 sic
328 3516 456 3584 didicit
476 3540 638 3585 versum:
668 3518 961 3608 Berecyntius
981 3518 1124 3598 Attia,

53 3631 116 3699 Et:
142 3630 217 3722 qui
239 3626 489 3695 caeruleum
511 3625 753 3693 dirimebat
774 3626 927 3695 Nereo
945 3625 1149 3714 delplrin3
1240 3690 1245 3701 ,

16 3750 19 3755 “
53 3737 125 3806 Sic:
157 3734 483 3825 coetamlongo
505 3732 794 3801 subduximus
815 3733 1113 3821 Apennino-
1147 3736 1190 3802 95

14 3902 19 3919 .
52 3848 145 3912 lana
166 3870 292 3927 rmore,
316 3864 422 3909 nonne
443 3846 504 3907 hoc
525 3866 707 3930 spumosum
728 3856 759 3908 et
780 3845 891 3907 cortice
911 3844 1035 3931 pingui,

52 3954 89 4019 Ut
108 3958 224 4019 ramale
244 3966 334 4020 vetus
353 3950 532 4041 praegrandi
555 3954 664 4015 subere
686 3952 833 4019 coctum?
853 3984 897 3997 -

13 4050 17 4095 ³
53 4058 231 4143 Quidnam
251 4058 363 4151 igitur
385 4068 541 4123 tenerum
563 4067 598 4122 et
617 4058 702 4125 loeo
723 4055 857 4125 cervice
879 4054 1095 4148 legendum?

53 4226 258 4238 -ι--ι-σ-ι--η

6 4322 10 4335 “
116 4316 152 4372 V.
167 4319 212 4372 69.
231 4316 360 4376 docem
384 4348 419 4359 -
454 4318 487 4372 V.
504 4320 548 4373 73.
569 4318 669 4385 Quinti.
692 4350 726 4360 -
762 4320 795 4373 V.
813 4320 856 4374 78.
871 4310 999 4388 'Antiope
1025 4344 1057 4356 —
1095 4316 1126 4367 V.
1145 4317 1188 4370 at.

53 4387 129 4439 tueri.
150 4414 187 4425 -
210 4387 244 4440 V.
262 4391 306 4445 92.
330 4390 396 4443 Post
412 4389 500 4443 undis
516 4386 660 4445 uenatu
677 4420 712 4430 -
736 4388 769 4442 V.
783 4388 828 4447 93.
853 4404 955 4443 uenum
973 4387 1081 4453 didicit,
1108 4386 1189 4440 Berc-

53 4456 168 4524 anatur
189 4458 273 4514 Accio.
301 4518 307 4533 1
340 4516 345 4521 ,
372 4506 385 4531 ¹„
423 4474 429 4482 ·
