2700 4972
385 306 447 372 an
470 306 642 375 raasn
670 274 891 377 sarrarrr'
916 313 959 377 v.
1180 316 1245 383 aar

94 474 213 542 ctionis
240 475 306 543 rim
331 478 536 565 pulcherrime
562 490 594 545 et
620 480 861 546 luculentissime
886 480 1017 569 explicat
1042 480 1082 549 Β.
1109 482 1244 551 Basilius

90 559 409 716 ἷαῖοὶὲιοκιζόῖἔὲνν.
454 566 518 648 [De
531 566 629 631 modo
645 560 962 672 computandipsupas
976 591 1026 659 ap.
1038 566 1132 649 Rom.
1146 574 1244 635 multa

119 694 130 713 0
160 692 170 709 θ
229 696 236 710 ⁸
279 694 289 713 0
381 673 397 714 8
439 698 447 715 ο
578 674 581 679 Ι
674 674 677 681 Ι
853 702 858 713 1

197 672 278 800 1501.)
290 654 461 825 ,Pergiizi
486 732 610 802 acidos
638 732 773 805 audere
789 718 968 823 decimes]
984 738 1125 829 Duplex
1151 741 1242 805 lectio

91 822 193 903 hujus
212 822 273 884 loci
294 823 327 891 in
346 824 562 911 antiquissimis
580 824 681 888 libris:
944 836 947 841 '

459 920 613 997 pergant
631 906 752 973 avidos
768 908 894 975 sudare
916 906 1077 988 deuncos,

93 1013 163 1078 quo
178 991 275 1055 modo
291 991 418 1057 Puteani
438 994 537 1058 codex
558 998 668 1077 habet3
690 998 783 1079 [hunc
805 999 921 1077 habere
942 994 1067 1071 audere
1090 996 1175 1062 testis
1197 996 1261 1061 est'

94 1080 195 1157 debs,
224 1079 303 1158 „niti
326 1090 445 1160 tamen,
465 1081 578 1166 inquit,
601 1085 675 1145 alter
693 1084 784 1146 fuerit
804 1080 873 1146 cod.
890 1082 1060 1163 Puteanus,
1089 1106 1149 1169 quo
1168 1105 1244 1149 usus
1280 1142 1283 1150 .

93 1164 137 1227 sit
154 1162 236 1243 Cas,
257 1164 341 1251 quod
355 1187 478 1251 prorsus
496 1168 603 1249 ignoro
612 1168 642 1250 ;“
663 1169 704 1231 ita
713 1181 821 1247 ,autem
838 1171 931 1233 lon⁰e
950 1168 1153 1255 plureedchl
1174 1172 1243 1233 velt

209 1266 227 1303 c
396 1262 573 1401 peroptant
595 1252 717 1318 avidos
739 1251 867 1318 andare
911 1236 1081 1337 euticete

97 1335 191 1417 [sich
206 1335 291 1415 ten,
313 1334 345 1398 in
359 1338 486 1423 quihT
510 1360 579 1405 uan.
602 1349 633 1402 et
648 1340 745 1423 illan,
767 1339 822 1404 sed
843 1337 969 1417 sudore
989 1338 1189 1419 exhibentes,
1209 1350 1245 1403 ut

95 1422 225 1485 floran.
245 1427 275 1487 2.
291 1420 321 1484 4.
339 1424 370 1488 5.
391 1426 437 1502 6.,
457 1422 570 1488 Dresd.
593 1436 624 1489 et
639 1426 731 1505 Hus,
752 1438 786 1487 ut
802 1424 870 1490 Cas.
890 1426 952 1488 hoc
969 1420 1104 1511 scripsit,
1124 1436 1243 1511 praeter

94 1509 159 1571 hos
174 1506 265 1586 Ehn,
286 1506 365 1589 Tig,
378 1508 445 1572 Put.
461 1508 521 1597 (i),
538 1508 619 1575 Pitb.
633 1510 801 1577 etChemu.
831 1511 930 1574 Plum.
944 1532 1020 1591 ergo
1031 1509 1142 1574 ediditz
1160 1530 1242 1596 per-

97 1601 216 1679 agant
230 1612 268 1657 -ο,
285 1590 408 1657 sudore
424 1591 478 1675 (1.,
509 1593 592 1685 quod
616 1599 747 1685 explicat
768 1598 856 1663 Ach:
887 1608 1055 1684 praestent,
1077 1596 1244 1660 exhibeant

97 1677 238 1742 deunces
249 1676 448 1757 ccidente.
463 1682 682 1769 inexplebiles,
703 1704 782 1769 quos
801 1682 926 1755 avaritia
946 1682 1078 1745 nimium
1098 1703 1243 1767 accumu-

95 1767 162 1829 lara
181 1764 283 1852 hrpis,
304 1764 444 1846 rudore,
465 1770 571 1831 labore
592 1778 646 1831 tuo
666 1774 699 1833 et'
716 1768 875 1855 periculo]
902 1778 1004 1857 potest
1022 1768 1095 1848 lerri
1116 1778 1244 1855 utraque

96 1851 210 1913 barum
228 1850 412 1928 lectionum,
433 1850 489 1917 sed
510 1868 590 1941 quae
606 1866 646 1917 e'x
668 1862 795 1941 utraque
820 1862 891 1917 sunt
911 1852 1042 1933 mixtae',
1063 1874 1172 1917 omnes
1192 1876 1243 1917 re·

95 1934 293 2023 pudiendae;
318 1956 468 2041 pergere
497 1936 624 2003 andare
669 1962 704 2003 ro
722 1939 850 2019 sudare,
878 1951 913 2001 ut
929 1932 1059 2027 facere
1087 1932 1242 2023 incipere

96 2044 155 2108 pro
176 2024 295 2101 lacere,
318 2035 350 2085 et
372 2025 484 2087 snuilia
501 1960 827 2174 multaujPergont
845 2045 870 2087 a
889 2028 1029 2105 estjam,
1048 2022 1185 2102 exinde,
1207 2024 1242 2087 in

97 2119 222 2195 tempus
235 2108 399 2195 insequens
413 2110 546 2195 sudent]
589 2111 617 2179 S
663 2132 725 2175 are
747 2122 851 2176 aute'm
873 2109 1020 2173 deuncea
1037 2130 1144 2173 usuras
1155 2108 1241 2191 dixit,

98 2205 132 2256 ut
145 2197 544 2280 opponeretquincuncibus
559 2198 675 2275 usuris,
715 2219 773 2261 uae
789 2199 874 2271 nullo
888 2196 994 2259 labore
1007 2196 1240 2281 proueniebant.

143 2283 222 2345 151.
240 2274 413 2343 Nostrum
428 2291 478 2345 cat
492 2280 595 2365 Quod
611 2220 723 2365 νὶνίοᾙ
751 2282 798 2345 Ea
821 2282 949 2345 demum
969 2303 1039 2367 pars
1059 2280 1141 2345 vitae
1160 2294 1241 2361 tuae,

95 2384 192 2452 quam
205 2365 301 2459 mihi,
323 2366 355 2429 id
371 2380 418 2431 est
428 2370 651 2457 voluptatibus,
672 2366 843 2517 impendis,
865 2388 939 2433 vera
958 2368 1021 2431 vita
1036 2378 1098 2431 est:
1120 2366 1162 2429 ita
1177 2367 1241 2429 Lu-

96 2451 202 2530 xuria,
234 2450 282 2512 cui
301 2453 408 2516 vivere
431 2456 536 2521 bibere
560 2466 659 2520 estet
687 2478 705 2519 e
728 2478 779 2519 ere
802 2464 892 2541 atque
912 2448 1120 2537 ἡδυπαθεῖνο
1149 2474 1241 2537 quam

98 2535 205 2600 eidem
221 2538 316 2600 verba
328 2539 454 2603 -Seneca
474 2542 568 2625 ctiam
587 2542 691 2605 tribuit
714 2542 843 2627 epistola
863 2536 1021 2603 CXXIII:
1056 2532 1135 2601 Una
1149 2534 1242 2625 feli·

100 2619 192 2685 citor
209 2630 260 2685 eat
276 2621 366 2687 bono
380 2623 474 2690 vita:
491 2622 613 2713 facere
636 2624 754 2690 omnia
772 2624 897 2701 libere,
911 2620 995 2711 frui
1006 2620 1241 2721 patrimonica

97 2705 165 2772 hoc
180 2716 235 2770 eat
246 2706 377 2786 vivere,
394 2710 460 2775 Ιιοο
474 2722 526 2777 eet
538 2734 574 2775 ae
588 2711 776 2775 mortalem
787 2732 860 2773 ease
874 2712 1081 2774 memimeae.
1108 2706 1241 2773 Fluunt
1265 2774 1271 2785 ,

98 2791 234 2857 dies-et
253 2792 496 2882 irreparabilia
519 2798 592 2863 vito
617 2795 794 2871 (ἐπινοίη
824 2797 917 2860 etiam
937 2795 1130 2875 Plutarchus,
1157 2794 1240 2882 apud

98 2902 194 2965 quem
208 2884 303 2945 verba
320 2901 443 2963 eorum,
464 2886 517 2971 qui
531 2888 659 2965 juvenes
675 2883 851 2971 depravant,
873 2893 943 2945 sunt
957 2884 1033 2945 baec
1053 2880 1105 2963 [de
1120 2880 1240 2947 educat.

120 2970 196 3031 ‚ta
212 2965 279 3046 A.]r
303 2964 433 3052 Σειρμή
447 2965 574 3055 χρόνον
595 2972 661 3044 πᾶς
680 2962 698 3034 ὀ
716 2969 791 3052 βίος
810 2964 892 3032 ἐστι·
917 2968 976 3053 ζῇν
999 2964 1055 3031 καὶ
1073 2960 1115 3032 οὐ
1134 2987 1240 3046 παρα-

97 2988 159 3137 ξῇν
176 3048 357 3135 προσήκειν
383 3076 447 3118 non
472 3054 625 3121 dissimilis
646 3054 815 3119 sententiae
833 3054 1031 3141 proverbium
1050 3050 1127 3114 illud
1142 3048 1239 3115 Grae-

99 3140 292 3217 corumfuit,
314 3140 396 3225 quod
418 3144 513 3225 vulgo
534 3165 589 3207 sua
609 3155 708 3205 aetate
722 3140 826 3222 jactari
845 3140 971 3215 solitum
988 3137 1168 3221 gravissime
1183 3138 1293 3201 in-tte

99 3223 241 3304 dignatur
263 3224 502 3309 chrysostomus
527 3228 561 3291 in
582 3224 775 3292 Matthaeum
798 3236 829 3289 et
853 3224 942 3287 alibi:
973 3222 1072 3289 δίδον
1097 3245 1156 3305 μοι
1177 3217 1240 3306 τὴν

99 3306 247 3394 σήμερον
259 3308 316 3375 καὶ
328 3306 475 3396 λάμβανε
489 3309 551 3399 τὴν
567 3308 708 3393 αὕριονε
734 3310 791 3376 Do
806 3307 895 3373 mihi
909 3304 1118 3373 hodiernum
1133 3306 1239 3387 diem,

98 3415 197 3459 rame
219 3393 293 3461 'titt
319 3397 534 3474 ornatiorem
568 3400 717 3465 similibus
744 3398 873 3463 vocssrus
897 3395 1057 3484 perstrepit
1078 3395 1241 3483 poetarum

98 3482 195 3547 natio.
238 3483 297 3547 His
316 3482 459 3549 Sirenum
480 3487 639 3551 venenatis
659 3487 795 3549 cantibus
822 3481 1006 3570 opponenda
1024 3493 1095 3544 sunt
1120 3481 1242 3547 decreta

98 3569 290 3672 sapientum:
317 3568 408 3633 Aliud
427 3594 496 3636 esse
515 3573 636 3657 rivere,
658 3570 741 3635 aliud
759 3570 842 3634 vitae
859 3570 1025 3639 interesse:
1045 3566 1167 3648 vivere,
1189 3568 1240 3630 in-

97 3664 224 3739 quiunt,
247 3676 337 3737 agere
359 3668 406 3721 est
431 3670 462 3721 et
484 3652 630 3740 ἐνεργεῖν
654 3652 739 3722 κοινοὶ
762 3649 824 3738 τὴν
847 3652 974 3719 οἰκείαν
997 3647 1133 3736 ἀρετήν,
1156 3652 1242 3739 quod

98 3742 192 3805 firme
209 3739 435 3807 demonstratur
450 3744 483 3807 in
502 3744 736 3808 Nicomacheis:
765 3741 818 3825 qui
837 3740 927 3821 igitur
946 3739 1042 3803 vitam
1060 3761 1126 3801 non
1148 3750 1254 3820 agunt-

97 3827 132 3890 in
149 3827 323 3901 actionibus
336 3829 455 3894 viantis
471 3841 666 3917 occupatam,
687 3832 746 3893 hos
761 3826 879 3891 Seneca
900 3847 963 3887 non
978 3826 1084 3890 vivere
1105 3824 1162 3904 ait,
1185 3824 1241 3888 sed

99 3934 184 3993 esse,
205 3914 238 3975 iu
254 3913 308 3977 lib.
332 3913 372 3977 de
385 3916 535 3979 brevitate
554 3916 636 3981 uitae
659 3915 696 3995 [c.
712 3915 754 3994 8].
797 3912 873 3974 Actu
888 3912 988 3987 enirn,
1010 3935 1075 3974 nou
1093 3922 1241 3996 tempore,

98 3998 201 4062 metiri
218 3999 324 4078 vitam}
338 3996 504 4084 dehemus,
526 4013 560 4064 ut
578 4000 664 4064 idem
681 3998 784 4064 scribit
801 3998 888 4085 epist.
903 3994 1019 4061 XCIII.
1062 3994 1134 4061 Non
1150 3997 1242 4078 igitur

99 4085 210 4150 vivunt
230 4085 297 4165 isti,
325 4086 383 4151 sed
402 4098 488 4168 sunt,
510 4088 538 4151 si
555 4098 660 4152 tamen
677 4107 751 4150 vere
771 4096 887 4169 queunt
906 4081 967 4145 dici
989 4105 1071 4147 esse:
1103 4104 1177 4145 narn
1200 4103 1241 4145 ne

99 4172 162 4234 hoc
182 4168 309 4256 quidem
326 4172 386 4237 illia
406 4174 611 4239 concesserint
633 4173 795 4260 sapientes.
840 4168 993 4233 Boethius
1014 4168 1242 4235 Consolationis

99 4259 121 4319 l.
136 4255 192 4320 lv.
206 4279 272 4337 eos,
293 4259 347 4345 qui
356 4280 398 4323 ex
412 4260 523 4325 virtute
535 4281 599 4322 non
614 4260 732 4337 vivunt,
755 4278 797 4319 ue
810 4277 878 4320 esse
893 4255 1017 4343 quidem
1034 4248 1145 4329 ἅπλῶς
1158 4252 1243 4335 gravi

99 4355 283 4425 argumento
316 4347 421 4410 robat:
443 4342 516 4427 Qui
530 4342 622 4409 moli
640 4350 733 4423 eunt,
754 4342 867 4429 inquit,
890 4363 947 4403 eoa
962 4339 1073 4405 malos
1088 4359 1243 4403 essenon
1319 4377 1322 4385 ·

101 4427 232 4496 abnuet
253 4368 319 4495 aad
329 4429 470 4497 eoadem
484 4451 655 4520 eaaapure
671 4438 776 4518 atque
787 4424 995 4514 simpliciter
1008 4449 1104 4519 nego.
1143 4420 1243 4493 Nam
