2700 4972
378 319 459 387 ‘m
487 302 899 433 consuetorum
925 266 1013 391 xvn
1052 318 1056 325 ·
1168 332 1254 399 noc
1345 408 1348 413 ,

115 486 201 579 quod
211 500 384 557 constanter
390 514 498 558 omnes
509 493 577 559 libri
591 506 722 574 senam,
736 466 968 576 intelligenilum
982 506 1045 563 cst:
1061 495 1159 561 molo
1166 492 1253 582 siclo,

117 573 224 657 molis
238 575 372 640 artibus
383 576 518 642 lucrum
527 581 691 662 soctan-rh
706 582 740 642 in
757 580 839 643 libris
846 580 927 643 turis
935 578 1121 646 Graecorum
1135 583 1254 649 adulte·

101 664 202 767 ,unae
211 665 358 768 pecuniae
373 687 483 745 genera
495 661 774 729 adnotabornus'cci
786 666 974 761 χρυσοειδῆ,
987 662 1029 731 τὰ
1041 662 1302 755 ἆργυροιιδῆλὶλ

118 745 159 814 τὰ
170 751 354 832 αιιοχαλιια,
367 748 407 815 ια’
418 747 645 836 ααττιτὴριναε
658 753 692 813 in
705 749 834 814 tinniat
846 764 893 815 est
904 753 1116 837 uuoroioyinr
1138 756 1172 818 in
1184 779 1253 819 me-

117 835 197 897 tallis
212 836 296 897 enim
329 838 430 924 roprie
444 840 548 900 locum
560 840 654 899 habet
667 836 699 898 id
711 838 811 916 verbi,
826 838 883 901 etsi
896 838 989 901 etiam
1003 838 1043 901 de
1054 840 1121 904 eliis
1136 840 1254 905 dicitur.

207 925 276 985 109.
328 919 348 980 'e
362 918 517 985 modicus
530 921 624 1003 voti]
646 921 757 987 Servos
778 922 854 985 illud
872 924 979 1009 sophi,
1002 921 1123 1007 Μηδὲν
1142 921 1254 1008 iyuu?

118 1002 275 1101 modicus
295 1005 381 1088 voti,
409 1020 443 1071 ut
460 1007 542 1094 apud
566 1008 707 1073 Tacitum
731 1005 889 1071 modicus
914 1007 1076 1096 originis,
1099 1011 1255 1076 modicus
1332 1022 1336 1033 “

112 1111 298 1178 pecuniae.

204 1176 504 1259 Pressue[inte1t.:
519 1173 787 1264 presoochzrul
807 1177 1260 1261 Vivisfrugoliteretinomni-

117 1265 178 1328 bus
202 1264 284 1327 vitae
299 1263 435 1349 partibus
456 1258 566 1340 ιέσκεῑς
583 1258 827 1346 concoctique
848 1266 900 1328 vcl
915 1266 995 1339 refer
1009 1264 1048 1327 orl
1068 1267 1207 1331 modicas
1228 1279 1259 1331 et

118 1354 263 1430 angustas
277 1348 379 1411 cedes.
421 1348 579 1413 Sallustius
595 1348 694 1428 [Catil.
707 1348 779 1432 20J=
799 1346 882 1413 illos
900 1347 1001 1412 binos
1022 1358 1085 1413 out
1101 1351 1257 1437 amplius

119 1432 242 1585 {tomos
262 1433 484 1497 continuare.-
505 1430 602 1498 nobie
626 1434 740 1499 larem
755 1431 986 1521 familiarem
1010 1456 1181 1522 uunquam
1200 1437 1258 1502 ul-

134 1541 197 1583 um
215 1539 297 1581 esse.
1110 1554 1115 1565 ι

207 1601 336 1669 Dulcis
351 1600 503 1685 amicis]
523 1603 667 1685 intelligit
681 1602 752 1667 eam
764 1603 924 1684 virtmem,
945 1627 1039 1691 quam
1053 1592 1274 1694 philosophus

118 1690 154 1756 in
164 1690 270 1753 medio
286 1692 414 1753 collocat
427 1684 608 1767 irritatricis
621 1700 651 1753 et
666 1684 837 1772 ἀρεσκείας
843 1735 852 1766 ,
875 1703 906 1753 ct
921 1704 1013 1755 vocat
1028 1690 1157 1773 φιλίαν.
1251 1684 1255 1693 ’

211 1782 281 1841 110.
303 1771 385 1837 Jom
401 1797 491 1839 uiroc
511 1773 708 1860 astringat,
730 1774 809 1858 jam
829 1795 919 1838 nunc
939 1775 1114 1863 granaria
1131 1777 1256 1860 luccen]

118 1861 283 1949 Inceptum
298 1883 404 1923 eorum
416 1861 564 1943 dnniror,
586 1865 638 1947 qui
649 1861 813 1923 lectionem
825 1862 905 1924 hanc
918 1862 1080 1925 sollicitant
1086 1875 1169 1926 tanta
1183 1885 1259 1926 con-

118 1946 263 2013 fidentia:
284 1969 362 2032 quos
373 1950 514 2011 refellunt
524 1969 633 2012 omnes
647 1949 845 2009 membraneo
850 1968 860 2022 ,·
880 1950 944 2027 jam
957 1947 1091 2012 diximus
1105 1952 1259 2013 characte-

81 2098 85 2104 ,
119 2056 190 2097 rem
204 2033 350 2134 sapientis
366 2033 434 2095 heic
451 2033 583 2134 proponi
597 2055 616 2096 a
630 2033 753 2097 Persio:
775 2032 986 2118 supplendum·
997 2034 1087 2113 igitur
1098 2036 1160 2097 sic:
1181 2036 1209 2099 is
1225 2057 1259 2099 es

118 2132 172 2199 tn,
195 2141 248 2205 qur
261 2122 325 2198 jam
338 2140 420 2180 nunc
432 2119 599 2198 adstcmgos
613 2130 669 2181 etc.
697 2116 744 2180 Ito
757 2138 880 2203 semper
892 2120 926 2180 in
940 2121 1143 2204 pulcherrimo
1152 2120 1260 2183 Theo-

120 2205 241 2293 phrasti
260 2205 365 2267 libello
386 2205 494 2268 similis
509 2204 678 2284 a'rgumenti
698 2205 851 2278 τοιοῦτός
878 2199 967 2267 ἐστιν
992 2196 1083 2280 cicer
1105 2205 1260 2285 legitimus

120 2313 223 2377 opum
244 2310 315 2353 usus
336 2290 434 2353 estin
450 2284 548 2374 λήψει
561 2286 618 2354 καλ
633 2283 745 2354 dioec-⁰
773 2300 933 2375 utrumque
949 2290 1046 2371 tangit
1064 2303 1170 2375 noster
1188 2292 1260 2377 phi-

121 2379 194 2443 loso
216 2378 285 2440 hue.
961 2410 964 2415 ·

193 2398 285 2527 p111·
304 2455 411 2546 Inque
433 2457 509 2524 luto
520 2454 636 2545 fixum
649 2456 762 2546 possis
785 2455 1030 2524 transceudere
1054 2461 1260 2542 nummum]

85 2552 89 2561 '
123 2544 166 2611 Et
178 2546 206 2610 is
218 2558 265 2609 est
278 2557 328 2624 tu,
351 2546 402 2631 qui
409 2547 513 2694 imis
530 2557 725 2609 contemnere
746 2548 864 2609 lucrum
878 2557 965 2630 trupe
989 2558 1020 2608 et
1040 2545 1123 2631 quod
1143 2534 1261 2626 lutulet,

124 2645 161 2697 ut
176 2633 229 2695 ille
243 2633 300 2694 ait:
322 2631 394 2695 hinc
424 2640 541 2695 uteum
559 2631 698 2695 lucrum
711 2630 794 2717 opud
807 2632 1009 2711 Augustinum
1026 2632 1058 2693 in
1073 2631 1114 2694 V.
1131 2631 1262 2699 Confes-
1316 2674 1320 2681 ·

83 2734 94 2757 ·’
123 2719 261 2783 trionum.
303 2713 414 2781 Graeci
430 2739 508 2803 quae
522 2740 646 2781 summo
662 2727 816 2781 contemtu
831 2715 922 2797 digna
943 2738 1012 2779 esse
1029 2719 1139 2780 uolunt
1157 2729 1263 2781 osten-

126 2802 222 2883 dere‚'
248 2814 425 2889 comparant
445 2808 515 2879 τοῖς
536 2800 573 2867 tv
588 2800 737 2884 τέλμασι,
768 2813 801 2863 ut
814 2802 925 2864 alicubi
945 2801 1100 2882 Julianus3
1128 2800 1263 2886 αἰσχρα-
1308 2860 1312 2873 ,

126 2885 339 2969 ιιλαδειαααίο
359 2891 511 2968 eleganter
524 2889 669 2951 Horatius
690 2887 846 2973 expressit.
895 2886 1029 2949 Lucilius
1052 2888 1154 2972 paullo
1169 2890 1314 2962 aliter423

127 2973 293 3058 [XXVIL
314 2977 352 3040 ir.
374 2973 449 3052 22J:
471 2971 651 3039 Mordicuo
672 2979 790 3058 petere
810 2992 937 3035 aurum
951 2993 970 3037 e
985 2967 1141 3056 flamma
1157 2993 1265 3059 expe-
1306 2974 1310 2987 “

128 3058 228 3138 diac,
250 3079 384 3123 ecocuo
401 3056 526 3123 cibum.
549 3060 608 3137 [Cf.
622 3059 743 3123 Petron.
759 3055 823 3136 tu]

221 3151 290 3214 112·
312 3141 391 3209 Nec
409 3143 526 3232 glutto
549 3142 684 3209 sorbere
703 3139 857 3207 salivam
880 3136 1161 3222 Mercurialem]
1192 3140 1265 3207 Non
1301 3186 1305 3193 -

129 3228 492 3316 ωλαιηαλσχραιιερδῆς
510 3254 574 3295 non
596 3253 647 3309 es,
668 3228 725 3295 sed
741 3251 783 3293 ne
803 3223 1001 3310 φιλοκερδής
1024 3226 1165 3310 quidem:
1187 3231 1264 3292 haec

132 3319 254 3383 diversa
266 3329 351 3396 sunt,
372 3317 430 3380 sed
443 3338 521 3404 quoe
536 3338 571 3380 se
589 3328 697 3378 mutuo
712 3319 777 3377 l'ere
797 3324 1033 3397 consequantur:
1054 3334 1127 3375 nam
1146 3316 1198 3399 qui
1216 3318 1266 3377 lu-

132 3426 220 3467 crum
232 3414 350 3482 amant,
370 3425 436 3464 non
448 3407 578 3467 multum
592 3402 701 3467 soliciti
715 3410 804 3478 sunt,
825 3397 908 3460 unde
924 3397 1000 3461 illud
1013 3396 1172 3479 adveniat,
1193 3422 1266 3463 mo-

133 3489 176 3552 do
190 3490 308 3553 veniat:
327 3485 441 3574 glutto
462 3485 615 3565 sorbere,
637 3488 689 3572 qui
709 3484 799 3550 avide
826 3485 941 3565 gluttit:
967 3480 1108 3570 gluttuo
1131 3498 1267 3571 estpars

134 3576 222 3654 cotti,
236 3597 295 3661 qua
309 3574 369 3638 cibi
383 3576 635 3638 transmittuntur:
658 3574 727 3635 ficto
741 3593 804 3635 vox
815 3592 870 3655 per
883 3570 1171 3655 onomatopoeiam:
1193 3593 1267 3632 nam
1284 3628 1287 3634 ,
1334 3622 1337 3629 .

129 3659 216 3750 glut
230 3672 277 3725 est
291 3661 421 3725 imitatio
433 3662 518 3740 soni,
541 3681 634 3745 quem
654 3657 717 3721 edit
736 3657 836 3741 liquor
856 3677 910 3741 pcc
934 3667 1098 3737 angustum
1115 3658 1268 3718 nornitem

134 3769 258 3811 means:
279 3758 367 3810 vetus
379 3746 471 3832 poe'ta
483 3746 522 3809 de
536 3746 647 3808 rustico
659 3743 763 3806 ebrio:

188 3834 193 3843 “
223 3828 383 3905 Perculit
397 3830 432 3893 'et
445 3830 584 3917 frangit
597 3851 677 3893 vus:
697 3826 817 3893 viuum
830 3821 973 3914 definite
992 3842 1082 3889 onon

259 3913 505 4003 'Strictosuits
528 3915 610 4003 glut
621 3913 703 4002 glut
719 3920 913 3975 murmurat
927 3906 1023 3973 unda
1033 3931 1167 3973 sorzano.

139 4003 284 4070 Glossoe:
308 4001 466 4080 Gluttus,
490 3998 639 4086 βρόγχος.
681 3998 846 4062 Theocrito
862 3991 1027 4080 βρόχθοςι
1047 3995 1113 4079 [llI‚
1127 3995 1202 4075 54]:
1226 3988 1271 4070 ὡς

139 4087 212 4175 μέλι
229 4085 270 4172 δή
287 4110 338 4154 τοι
352 4093 450 4154 τοῦτο
465 4084 547 4153 κατα
563 4082 721 4169 βρόχθοιο
736 4078 885 4166 γένοιιοι
905 4081 978 4144 inde
993 4079 1142 4170 gluttire
1151 4127 1163 4157 ,
1186 4080 1272 4165 quod

140 4176 181 4240 de
198 4178 295 4241 saliva
307 4178 386 4239 solet
399 4175 469 4239 dici.
511 4174 695 4254 Augustinus
708 4170 759 4233 De
768 4170 889 4233 civitate
906 4167 968 4230 Dei
981 4171 1002 4233 l.
1023 4168 1101 4232 Vll:
1125 4174 1272 4314 metef

139 4258 237 4325 solon
263 4257 397 4325 colicos
423 4260 561 4326 colatur
585 4254 695 4322 Jouus
719 4253 823 4334 deus,
853 4251 976 4339 quibus
995 4252 1131 4339 purtim
1150 4283 1152 4287 ·
1157 4273 1183 4338 g
1200 4260 1272 4313 utr-

135 4344 386 4435 ,cauteriatum
408 4342 597 4433 expuendus
620 4340 683 4407 sub
704 4340 797 4406 coelo
807 4339 929 4427 palati
942 4346 1088 4424 utraque
1103 4335 1273 4422 panditur

138 4424 264 4520 jacuit.
307 4430 454 4499 Glotsae'r
480 4426 629 4510 Gtuuit,
650 4424 814 4515 ἐγκάαιιι.
837 4424 973 4514 glutto,
993 4421 1162 4508 ὁλίμβαςι
1183 4421 1272 4489 ooli·
