2700 4972
337 341 400 407 ao
427 312 841 411 raususur'msnr
862 340 908 406 11.
1051 314 1089 403 ÷³
1120 345 1208 437 1⁵²„

73 539 110 604 tp.
131 513 182 583 IV
206 512 248 599 [ξ.
266 519 305 582 ts
321 512 379 600 sq.]
399 514 550 594 imagines
575 524 606 577 et
626 510 890 597 statuasdeorum
909 513 987 583 nihil
1007 513 1090 579 aliud
1107 537 1182 581 esse

73 614 195 688 tquam
204 597 364 689 grandes
376 620 509 685 pupos3
529 602 616 663 illum
637 603 740 662 locum
758 598 840 663 virle.
862 599 1030 682 {aduella
1114 610 1120 617 '

104 693 183 753 .71.
213 683 307 766 Quiri
329 683 454 749 domus
483 683 523 749 id
542 683 711 770 superisl·
733 685 952 771 Prseeipiendi,
971 684 1086 773 duplex
1108 689 1204 751 'viar'

73 795 117 835 un
130 784 185 835 eut
196 770 367 850 ostenditur
383 772 494 835 vitium
514 783 544 834 et
556 783 692 849 vetatur,
719 782 772 833 out
792 770 942 835 indicatur
958 758 1042 857 quoti
1063 784 1181 838 rectum

73 871 88 921 t
104 869 135 921 et
146 861 277 938 jubetur.
320 858 387 920 Ha'c
403 858 522 921 ratione
540 869 637 939 totam
655 854 716 920 Dei
733 859 852 937 legem,
872 858 934 919 hoe
952 866 999 919 est
1013 857 1138 925 lllosem
1149 871 1182 923 et

73 945 227 1031 ophetas,
246 942 412 1019 tribuenmt
429 944 566 1025 inagistri
586 942 774 1007 Judaeonnn
793 943 826 1005 in
847 940 1070 1021 emendans,
1089 966 1180 1030 prue-

73 1029 291 1115 ptanegantia
305 1022 357 1092 vel
367 1030 518 1105 uetantia,
541 1040 572 1090 et
591 1029 770 1107 affinnantia
789 1026 1101 1114 sive-*pmeeipientiaz
1119 1030 1181 1119 ipsi
1204 1056 1208 1063 ·

73 1114 198 1201 »pellant
217 1107 259 1176 ub
273 1122 364 1181 utatur
379 1128 466 1190 amru
487 1108 578 1174 ristun
601 1125 632 1176 et
649 1129 750 1186 uuun-
792 1112 961 1198 Utrumque
978 1130 1179 1202 -geuusprae-

73 1212 209 1287 ptorum,
233 1201 411 1284 complexus
438 1210 485 1285 est
504 1198 625 1262 Persius
653 1200 711 1261 hac
734 1195 833 1260 Satira
858 1212 932 1263 sua:
968 1202 1061 1278 cujus·
1077 1202 1178 1287 priora
1213 1252 1218 1261 .

73 1286 148 1351 onie
168 1296 241 1349 sunt
259 1276 428 1367 temnant
436 1294 459 1348 t*
472 1305 545 1347 nam
562 1285 671 1347 vitium
687 1297 722 1346 ut
739 1286 929 1366 πολλαχοῦν
943 1295 990 1348 est
1009 1289 1230 1361 'assueto-222

73 1366 174 1453 griis„
187 1371 230 1433 ita
245 1370 349 1433 multis
362 1369 577 1457 refutariopus
599 1361 711 1451 habet}
730 1374 839 1437 veurm
859 1381 1024 1445 etrectum
1044 1372 1179 1461 simplex
1285 1408 1287 1413 >

73 1466 132 1521 tet
147 1454 233 1541 quod
249 1450 354 1543 paucis
370 1456 473 1531 verbis
488 1453 626 1541 expediri
646 1466 754 1541 queat:
778 1457 911 1540 quinque
924 1455 1015 1535 igitur
1034 1461 1178 1523 extremis

73 1542 250 1623 suasibus,
266 1539 345 1627 ,quid
360 1562 451 1627 super
462 1542 619 1627 proposita
632 1542 809 1626 quaestione
822 1540 1016 1603 sentiendum
1031 1543 1085 1623 sit,
1106 1547 1178 1608 bre-

73 1624 117 1691 tei
127 1626 222 1705 sirum
241 1647 277 1690 ac
293 1626 424 1707 graviter
439 1626 578 1712 explicat.
621 1625 751 1688 Summa
765 1636 826 1690 est:
847 1624 953 1689 Deum
972 1627 1015 1691 'm
1026 1629 1179 1719 aee'ipien-

73 1712 86 1777 s'
101 1709 260 1793 §fitflficlss
271 1733 306 1775 ae
322 1711 412 1774 donis
426 1731 489 1773 non
509 1732 577 1773 rem
598 1713 734 1774 oblatam
752 1709 924 1790 attendere,
947 1711 1004 1775 sed
1020 1715 1194 1781 offerentis·

73 1790 196 1901 iritum:
208 1797 269 1899 ‘qui
283 1798 311 1861 si
323 1800 418 1879 justus
432 1790 613 1897 'superosque
626 1797 688 1897 sit,-
696 1807 814 1896 gratum
832 1816 900 1859 esso
919 1796 1003 1898 quod
1025 1799 1177 1900 offeratur,

73 1880 1176 2057 tuttittltllttslttffitltttattt'tbttte
1219 2034 1223 2050 ,

73 2052 204 2129 ΙείΜΙ.
221 2050 248 2137 §.
262 2056 333 2126 21]:
359 2047 472 2117 terete
496 2045 540 2115 etv
562 2050 629 2136 sip,
649 2052 762 2137 inquit,
784 2049 813 2117 el
831 2047 918 2133 πρὸς
938 2048 981 2117 sei
1005 2054 1106 2136 δῶρα,
1118 2053 1175 2121 uel

73 2136 230 2216 trebetas
247 2128 495 2220 ἀποβλέπουσιν
509 2133 603 2221 ἡμῶν
616 2136 650 2201 οἱ
662 2134 756 2216 θεοὶ,
778 2131 861 2201 ἀλλὰ
871 2133 918 2221 μή
934 2133 1020 2221 πρὸς
1033 2137 1095 2225 τήν
1109 2149 1173 2221 ψυ-
1293 2174 1296 2181 ,

74 2246 125 2304 u,o
138 2216 182 2287 riv
199 2245 256 2305 erg·
265 2218 358 2299 ὅσιος
372 2221 429 2287 καὶ
449 2222 577 2298 δίκαιος
591 2218 669 2304 [elo]
683 2215 838 2306 τυγχάνῃ.

120 2306 179 2373 De
194 2328 326 2397 magno
340 2307 434 2396 quod
448 2306 534 2371 clare
549 2307 652 2373 latire
663 2305 747 2375 Non
765 2304 876 2393 possit
895 2307 1018 2396 magni
1033 2308 1185 2377 Messa--

72 2416 90 2458 e
112 2392 213 2483 lippa
230 2394 414 2483 propago]
435 2393 532 2472 Quod
552 2386 642 2457 nullis
661 2396 772 2481 opibus
793 2395 927 2479 parabile
950 2407 1014 2474 est,'
1033 2399 1172 2463 smmum

73 2493 153 2545 uum
166 2493 197 2545 et
211 2480 364 2561 θεοσεβῆ.
408 2480 511 2543 Virtus
528 2492 558 2542 et
571 2482 667 2566 pietas
689 2480 792 2543 doceri
804 2491 949 2565 possunt,
971 2500 1047 2545 auro
1060 2484 1172 2549 redimi

73 2579 207 2655 queunt3
228 2565 334 2643 alludit
346 2566 385 2628 ad
397 2588 517 2629 morem
528 2567 710 2628 libationum
728 2568 761 2627 in
782 2564 943 2651 patellam,
965 2588 1044 2652 quae
1056 2570 1174 2635 fiebant
1236 2642 1241 2649 .
1275 2634 1279 2641 ,

76 2674 191 2727 ¹merua
207 2650 247 2714 de
259 2652 308 2729 iis,
333 2666 412 2736 quae
426 2664 511 2714 erant
524 2653 677 2736 apposita:
700 2650 740 2714 de
761 2673 821 2737 quo
832 2673 925 2714 more
944 2653 1017 2731 alibi
1038 2654 1171 2721 diximus

83 2742 170 2827 plura
182 2738 250 2809 alii.
269 2736 322 2819 [V.
333 2735 438 2799 -laudd.
462 2758 510 2823 ap.
525 2736 656 2823 Taubrq.
669 2736 710 2799 ad
725 2737 822 2800 Plaut.
834 2735 918 2800 Cure.
931 2735 1009 2816 Li„
1026 2744 1077 2807 31.
1120 2741 1172 2816 De

73 2846 107 2887 ru
117 2823 152 2885 in
166 2823 304 2886 lancibus
319 2834 349 2884 et
359 2823 475 2902 ingenti
492 2843 597 2885 earum
609 2822 746 2908 pondere
757 2844 789 2885 v.
802 2822 917 2885 Meurs.
937 2840 961 2883 c.
988 2823 1029 2904 7.]
1072 2825 1172 2891 Simul

73 2908 245 2995 nuit-polita·
252 2909 301 2971 his
322 2909 424 2971 verbis
435 2929 503 2969 raro
517 2920 547 2970 et
564 2909 619 2971 vix
632 2928 668 2968 ac
685 2928 725 2971 ne
741 2908 795 2972 vix
806 2907 934 2992 quidem
944 2908 1023 2985 lieri,
1039 2922 1071 2971 ut
1082 2934 1171 2989 mens

73 2984 115 3067 :ta
139 3015 175 3056 ac
194 2995 244 3079 pia
263 2994 294 3055 in
314 2993 435 3074 magnis
459 2994 569 3078 opibus
590 3005 740 3056 servetur:
768 2992 852 3077 quod
871 2993 904 3054 in
920 2990 1098 3077 Evangelio„
1112 3020 1171 3061 suo

73 3082 104 3167 is.
121 3081 419 3165 serbisprouuntiat
430 3076 601 3155 Dominus,
623 3078 771 3165 lllatthaei
786 3077 830 3141 X.
853 3078 927 3157 [imo
939 3077 1037 3141 Marci
1050 3081 1095 3161 X,
1110 3086 1171 3167 263

73 3168 144 3229 nuh.
158 3163 255 3241 XIX,
270 3163 326 3244 24]·
346 3176 376 3227 et
385 3164 492 3227 'Lucae
506 3162 618 3236 XVlIl
642 3162 743 3244 [24.].
1071 3218 1074 3223 .

119 3256 172 3316 72.
195 3246 323 3338 Magni
337 3247 505 3312 Messalae
519 3246 618 3334 lippo
629 3247 811 3335 propaga]
836 3245 947 3327 Quivis
961 3250 1097 3330 existis,
1118 3251 1171 3338 qui

73 3341 99 3400 la
118 3336 449 3414 majorumznobilitate
464 3346 597 3408 tument,
627 3356 699 3397 eum
720 3336 781 3397 s'int
799 3335 858 3419 ipsi
883 3335 964 3398 vitiis
985 3339 1100 3422 operti:
1129 3338 1169 3401 de

73 3467 77 3483 .
93 3416 221 3493 Valerio
244 3419 377 3484 Corvino
400 3420 547 3499 Messala,
570 3420 621 3504 qui
641 3420 716 3481 olim
735 3420 813 3483 inter
830 3431 964 3484 caeteros
982 3425 1169 3510 proscriptus

73 3520 146 3573 stea.
157 3507 301 3587 singulari
319 3508 383 3567 fato
406 3506 536 3567 amicitia
556 3505 683 3586 Augusti
700 3506 817 3585 flomit,
838 3508 930 3591 plena
945 3519 1170 3573 suntreterum

73 3595 240 3665 mimante:
262 3594 327 3671 ejus
341 3592 421 3653 filius
444 3590 641 3670 [Messalinus
656 3589 755 3671 Cotta]
778 3590 899 3655 videtur
913 3593 984 3659 heic
996 3595 1095 3675 tangi,
1118 3596 1170 3680 qui

73 3679 197 3745 orerbio
213 3676 310 3741 fidem
331 3677 450 3755 lecerit,
472 3671 593 3758 ἡρώων
612 3676 727 3752 παῖδες
745 3678 851 3760 λῶβαι
873 3676 917 3753 [ut
927 3691 1050 3764 apparet
1063 3681 1219 3760 exiisset}

72 3787 110 3830 ae
122 3764 240 3829 Plinius
263 3774 294 3825 et
310 3761 437 3825 Tacitus.
453 3761 492 3824 de
515 3784 553 3824 eo
569 3774 710 3841 narrant:⁵
736 3784 766 3825 v·
782 3762 896 3840 Plum,
923 3765 975 3847 qui
997 3776 1028 3827 et
1047 3764 1087 3828 de
1105 3767 1167 3831 levi
1192 3836 1194 3843 ¹

73 3850 221 3916 bitatione
236 3849 268 3911 iu
285 3846 469 3934 exponenda
482 3869 561 3911 voce
579 3844 713 3933 lippus,
737 3846 776 3909 ad
794 3868 901 3933 corpus
915 3850 955 3911 sit
974 3850 1169 3929 referendum
1255 3904 1258 3917 .

80 3934 134 4000 'ad
154 3932 316 4014 animumJ.
354 3933 453 3995 Vetus
465 3934 611 4018 interpres
623 3936 725 4018 paullo
740 3933 835 4011 aliter,
857 3955 950 4018 quem
962 3936 1038 4016 lege.
1066 3935 1170 4003 'Mer-

73 4021 110 4086 lo
131 4043 194 4187 pro]
209 4020 306 4082 nobili
327 4031 358 4081 et
379 4017 473 4082 divite
491 4019 600 4104 quovis
622 4020 697 4104 poni
720 4022 798 4081 solet
824 4038 842 4080 a
864 4018 973 4104 politis.
1005 4021 1170 4099 glllartialis
1250 4104 1254 4109 η

73 4157 88 4189 .,
112 4113 144 4188 2,
160 4111 180 4172 9
202 4128 213 4168 2
1006 4110 1010 4123 '

116 4190 303 4258 Marmora
318 4183 491 4249 Messalae
530 4183 620 4250 rodit
637 4182 831 4274 caprificus.
921 4250 924 4255 ,
1024 4178 1028 4185 ’
1150 4216 1154 4221 -

117 4284 171 4344 73.
205 4270 441 4360 Compositum
452 4271 518 4357 jus
529 4272 661 4359 fasque
684 4271 817 4355 autimi]
851 4274 1005 4339 Virtutem
1024 4274 1169 4353 omnibns

73 4369 93 4431 's
117 4361 253 4428 numeris
273 4362 446 4424 absolutam
463 4360 522 4420 hac
539 4361 708 4446 periphrasi
730 4361 892 4447 expressit:
915 4354 1168 4437 notissimum.est
1193 4358 1211 4431 ¹,
1241 4366 1246 4375 '

73 4479 77 4515 t
98 4451 142 4529 ad
162 4447 263 4511 officia
281 4446 366 4509 inter
378 4444 521 4507 homiues
542 4444 663 4525 referri,
690 4448 833 4527 fasgrero
856 4440 904 4510 ud.
925 4447 1075 4533 pietatem
1082 4468 1213 4539 affirm
1261 4480 1272 4501 a
1299 4450 1314 4525 ²,-
