2700 4972
254 336 442 439 oscssss
484 336 678 405 mansas
720 318 766 405 ui
806 338 1001 409 seusun.
1116 369 1200 411 ιω,

53 521 184 593 gerunt3
205 519 253 588 et,
278 512 388 586 albus,
417 520 474 571 aut
494 512 601 571 festiva
622 520 705 571 veste
723 510 868 589 indutus,
900 516 1122 579 sut'recitsudi
1141 541 1200 600 pa-

54 619 150 673 vore,
180 619 216 657 ac
244 598 413 657 meditandi
441 608 473 657 et
500 597 651 657 scribendi
680 598 781 657 taedio
808 601 1002 678 perfunctus:
1036 606 1087 664 vel
1117 617 1200 666 veste

55 685 188 745 condida
209 684 349 744 nondum
370 698 558 763 purpureum
580 683 707 763 adeptus
728 685 957 764 uestimentum,
979 691 1061 767 quod
1082 690 1199 752 laticla-

55 773 140 833 viam
162 771 287 831 dicitur.

80 892 88 913 ,.
140 858 179 919 V.
204 861 254 922 18.
275 853 430 934 Patmnts]
451 854 587 915 Pstratio
601 864 647 914 est
658 856 702 915 rei
716 874 861 915 venereae
876 860 1038 938 perfectio,
1061 863 1110 923 vel
1123 884 1198 924 con-

55 944 236 1021 summatio,
257 943 340 1002 unde
365 949 395 999 et
407 951 509 1021 patres
522 940 595 999 dicti
605 960 640 999 eo
656 942 738 1019 quod
750 944 921 1021 patratione
936 945 1015 1005 filios
1028 961 1199 1027 procreant.

26 1056 37 1073 .,
84 1046 105 1095 Ι,
140 1030 219 1089 Μ,
247 1026 361 1105 ocello]
384 1028 441 1086 Per
455 1027 663 1108 sussiciens:
685 1029 756 1105 quie
770 1028 857 1089 illum
874 1033 1080 1094 contrahendo
1097 1038 1198 1096 mino-

55 1134 122 1175 rem
143 1116 224 1177 fecit.
269 1113 434 1174 luvenalis:

107 1272 113 1283 ,
224 1252 269 1265 -
295 1216 464 1295 oculosque
486 1218 519 1273 irs
532 1215 599 1290 fine
621 1228 784 1273 trementes.

143 1319 180 1379 V·
202 1324 258 1384 21·
283 1321 325 1378 Et
336 1321 459 1379 tremulo
481 1317 672 1402 scalpuntur]
695 1320 730 1378 ln
751 1319 905 1383 libidinem
927 1324 1108 1385 excitantur.
1143 1326 1197 1385 lu·
1301 1362 1307 1367 -

57 1405 187 1466 Vfflahfl·
267 1522 311 1536 -
337 1489 428 1567 Quod
446 1494 526 1549 enim
546 1512 606 1548 non
629 1491 741 1547 excitat
763 1493 876 1570 inguen

113 1572 116 1577 ’
232 1577 267 1634 V
262 1598 301 1635 ox
323 1575 455 1651 blanda,
479 1588 507 1634 et
527 1576 683 1655 nequam?
710 1575 823 1653 digitos
843 1576 944 1636 habet.
1007 1656 1016 1666 ..

139 1678 177 1739 V·
203 1682 255 1743 26.
284 1680 385 1758 Usque
407 1678 520 1741 adeone
542 1680 623 1736 Scire
644 1677 741 1757 mum]
767 1678 849 1745 Haec
869 1681 1011 1759 periodus
1033 1683 1115 1765 apud
1136 1687 1198 1745 Lu-

56 1765 158 1827 ‹a'llum
172 1765 272 1845 posita
287 1774 332 1823 est
346 1774 381 1823 ut
393 1784 442 1823 me
454 1765 528 1822 scire
541 1765 612 1823 volo
626 1764 667 1821 ini
683 1784 731 1821 me
746 1767 882 1824 conscius
896 1787 980 1843 sum,
1001 1788 1039 1829 ue
1053 1769 1198 1831 damnum
1302 1842 1306 1851 .

56 1852 172 1911 faciam.
218 1851 300 1909 Scire
321 1849 381 1909 hoc
402 1870 433 1909 se
457 1851 570 1924 nescit,
593 1850 650 1907 nisi
672 1850 744 1908 alios
765 1851 799 1909 id
819 1852 894 1910 scire
915 1855 1024 1914 scierit.

138 1937 176 1996 V.
198 1941 250 2001 28.
272 1937 327 1995 Ad
338 1937 504 2015 pulchrum
526 1949 568 1993 est
588 1938 620 1993 d.
645 1935 702 2013 m.]
725 1935 782 1994 Hic
802 1938 968 2015 requiritur
990 1939 1116 2015 historia
1137 1943 1198 2002 De-

56 2021 236 2097 mosthenis,
267 2022 335 2101 qui,
363 2043 432 2081 cum
453 2022 612 2096 transiret,
644 2031 673 2078 et
692 2041 711 2078 a
731 2025 917 2083 mercenario
939 2026 1083 2087 tabernae
1105 2030 1197 2109 digito

55 2117 293 2185 monstraretur,
324 2109 423 2169 fertur
443 2109 571 2168 laetatus
592 2126 668 2182 esse,
697 2108 780 2185 quod
802 2110 839 2168 ab
860 2111 1040 2189 ignobilibus
1061 2117 1197 2178 sciretur.

56 2195 94 2256 Et
112 2195 260 2256 Horatius
274 2194 358 2255 'libro
380 2204 489 2273 quarto
512 2195 685 2253 Carminum
706 2195 748 2252 sic
769 2196 886 2275 posuit:

227 2300 338 2357 Taum
357 2301 488 2356 muneris
509 2298 566 2356 hoc
587 2300 633 2355 tui
653 2310 712 2373 est,

227 2384 320 2463 Quod
337 2397 482 2443 monsuor
501 2386 597 2461 digito
614 2387 875 2462 praetereuntium.

137 2484 177 2547 U.
195 2490 253 2555 29.
281 2486 357 2547 Ten’
370 2486 560 2566 Cbmtornm]
585 2486 710 2546 Occulta
729 2488 826 2566 tangit
837 2488 1003 2566 Neronem,
1026 2488 1114 2571 cujus
1126 2510 1196 2551 esr-

57 2572 152 2648 etna,
174 2572 248 2651 quia
266 2572 452 2653 inperabat,
475 2592 529 2652 per
552 2572 667 2633 scholas
689 2573 928 2635 celebrabantur.

15 2682 19 2691 ·
140 2658 177 2719 V.
200 2662 252 2725 89.
274 2654 476 2719 Nun'o'none
493 2660 617 2738 tumulo]
641 2660 789 2719 Tumulus
808 2661 922 2720 dicitur
940 2671 1038 2721 terrae
1058 2664 1198 2742 aggestio,

56 2744 107 2806 ubi
126 2744 214 2805 nulla
235 2754 283 2805 eat
301 2744 455 2825 memoris.-

142 2830 178 2891 V.
199 2832 253 2897 43.
275 2832 347 2891 Nec
358 2830 505 2891 scombros
517 2842 586 2889 met.
602 2851 665 2889 car.
682 2851 736 2888 nec
750 2830 831 2910 thus]
856 2831 943 2904 Quae
965 2833 1098 2892 carmina
1119 2836 1196 2895 nul-

56 2916 118 2977 lum
138 2916 309 2997 periculum
329 2914 462 2977 habeant
481 2924 602 2975 menore
624 2917 705 2995 apud
727 2917 963 2977 salsamentarios
985 2928 1014 2978 et
1032 2919 1196 2983 thurarius.

55 3004 111 3063 Per
131 3004 286 3084 scombros
307 3003 454 3083 significat
474 3003 729 3078 salsamentariae,
750 3022 804 3081 per
825 3002 898 3063 thus
919 3005 1141 3085 pigmentarios.

12 3106 15 3111 '
142 3090 178 3149 V.
201 3089 252 3152 44.
279 3088 421 3170 Quisquis
435 3111 483 3164 es,
508 3086 742 3167 modoquest]
763 3088 882 3148 Mimics
904 3101 935 3148 et
957 3091 1077 3151 Comica
1094 3093 1196 3152 excla-

54 3175 167 3249 matio:
194 3176 337 3255 quoniam
360 3182 466 3254 poetae
488 3193 706 3250 nonnunquam
728 3175 837 3233 omisso
857 3184 942 3235 recto
964 3196 1116 3254 sermone,
1140 3198 1196 3237 ex-

54 3270 104 3321 tra
125 3280 246 3321 scenam
268 3263 324 3321 soli
345 3263 529 3340 loquuntur,
558 3256 920 3341 sustinentes'psnonam
939 3282 1037 3340 suam,
1066 3274 1120 3325 aut
1141 3265 1197 3324 ali-

54 3368 188 3427 quorum
208 3347 366 3407 hominum
390 3349 482 3408 verbs
503 3347 713 3425 interponunt.

140 3434 178 3495 V.
200 3434 253 3498 50.
276 3437 352 3493 Nou
374 3446 416 3492 est
432 3434 483 3491 ln‘c
502 3435 582 3492 Ilias
600 3434 688 3513 Acca]
716 3430 825 3493 sedas
838 3432 951 3501 ‚Labeo
978 3433 1101 3495 Iliadem
1129 3435 1195 3495 Ho-

53 3519 131 3581 meri
141 3521 288 3599 ,versiam
308 3517 486 3580 foedissime
500 3518 677 3599 composuit.
1279 3588 1282 3597 μ

140 3604 178 3665 V.
201 3602 252 3669 54.
285 3607 350 3665 Scis
369 3609 507 3664 comitem
528 3602 727 3683 horridulwn]
756 3602 820 3662 Scis
840 3603 957 3663 birrum
980 3607 1123 3667 attritum
1143 3629 1196 3666 co·

26 3740 29 3746 .
53 3692 121 3753 miti
141 3692 326 3753 condonare.
348 3693 515 3768 fuscerna,
537 3690 662 3770 pallium
681 3689 883 3765 fimbriatum,
905 3709 965 3766 quo
982 3693 1052 3752 olim
1065 3694 1120 3753 soli
1136 3695 1196 3753 mi—

53 3776 122 3839 litos
146 3778 334 3839 velabantur.
377 3778 506 3850 Penula,
528 3777 653 3855 pallium
675 3797 745 3834 cum
765 3774 891 3835 fimbriis
910 3772 1015 3854 longis.

140 3862 179 3924 V.
197 3864 249 3929 56.
287 3865 353 3941 Qus*
376 3863 491 3942 poteP]
529 3865 658 3922 Tractus
685 3880 787 3921 sensus
818 3882 856 3919 ex
879 3862 993 3923 Graeco
1023 3885 1196 3945 versuque
1224 3908 1228 3919 .

53 3948 255 4029 significetur,
276 3970 315 4009 ex
336 3959 443 4010 ventre
465 3958 564 4008 'crasso
586 3959 706 4007 tenuem
728 3966 847 4006 sensum
867 3968 930 4008 non
951 3952 1041 4010 nasci.

140 4035 179 4097 V.
200 4036 252 4101 58.
274 4038 378 4095 Nulla
402 4033 549 4114 ciconia]
582 4034 654 4095 Tria
681 4054 787 4113 genera
810 4054 988 4094 sannarum:
1024 4047 1078 4095 eut
1104 4058 1196 4098 manu

55 4120 223 4203 significare
238 4121 412 4199 ciconiam,
449 4131 504 4182 aut
533 4122 670 4201 opposito
699 4121 886 4199 temporibus
914 4121 1020 4199 pollice
1047 4124 1196 4183 auriculas

56 4207 202 4284 asininas,
223 4217 278 4267 aut
298 4208 431 4287 linguam
451 4208 579 4267 sitientis
597 4209 687 4266 canis.
716 4210 931 4266 Sannasatem
947 4206 1060 4269 dicitur
1082 4229 1116 4269 os
1132 4210 1195 4268 dis-
1292 4258 1296 4267 ,

56 4302 175 4355 tortum
200 4314 274 4355 oum
300 4295 406 4371 vultu,
435 4294 519 4373 quod
539 4294 682 4370 iacimus,
715 4314 782 4352 curn
804 4293 877 4360 alios
898 4292 1077 4356 deridemus.
1119 4294 1195 4355 Inde

37 4378 215 4443 muniones
236 4380 326 4455 dicti,
348 4381 401 4458 qui
422 4401 485 4442 non
505 4390 622 4441 rectum
643 4380 764 4440 vultum
784 4378 924 4441 habeant.

94 4500 98 4507 ·
141 4466 179 4527 V.
200 4470 261 4533 72.
281 4468 411 4547 Palilia]
441 4467 554 4528 Varro:
588 4467 691 4528 Palilia
709 4475 772 4525 tam
794 4466 931 4547 private,
961 4486 1052 4544 quem
1073 4464 1193 4548 publicu
