2700 4972
361 382 426 451 ΒΕ
468 376 656 451 PBRSIO
698 378 977 454 NONNULLA.
994 384 1001 407 “’
1177 410 1237 452 um

96 558 228 637 sesso,
254 557 459 639 argentarium
491 561 578 637 jocus
596 554 693 619 Persii
720 557 817 619 estin
837 557 981 639 ambigua
998 556 1129 623 notione
1149 557 1236 623 vocis

97 643 292 727 Φηαΐτης,
321 655 447 730 quaest
463 642 605 707 Phocsea
617 654 805 745 prognatum·
820 655 851 706 et
872 656 987 707 certum
1006 664 1103 727 genus
1115 646 1237 707 nummi

95 732 260 813 significat:
282 750 354 793 cum
363 730 455 811 igitur
465 729 562 817 patria
574 731 678 791 relrcta
688 728 832 793 Aternum
844 732 979 799 venisset
985 730 1106 794 Persius
1119 730 1160 793 ad
1172 730 1237 793 Eu-

95 818 219 897 burum,
240 826 276 877 ut
288 815 368 879 illius
380 816 491 903 opibus
505 825 736 894 sustentaretur,
760 817 854 879 falsus
866 819 1092 902 exspectatione
1105 838 1160 881 sua
1174 816 1237 880 Mi-

96 904 235 987 tylensur
248 922 284 965 se
297 904 458 965 transferre
468 900 527 963 luit
542 912 680 965 coactus:
701 899 785 963 unde
798 899 837 963 ad
850 901 1006 965 Eubulum
1021 904 1078 967 scri
1128 914 1155 982 t,
1176 904 1237 965 mi-

96 988 155 1053 rsri
166 1008 213 1069 se,
225 986 313 1073 quod
321 988 419 1049 bomo
431 1007 541 1051 avarus
556 998 587 1049 et
597 987 746 1072 pecuniae
760 1008 867 1051 amans
881 988 1043 1052 Phocaitas
1055 924 1237 1073 lliiilyleuam

96 1094 205 1163 pessus
218 1084 302 1137 esset
315 1073 469 1136 transferri
483 1092 584 1158 neque
595 1079 723 1135 Atarnse
737 1073 917 1136 retinuisset.
939 1073 1003 1137 Sed
1017 1074 1111 1138 redeo
1124 1073 1163 1137 ad
1178 1096 1238 1137 uo-

96 1170 211 1225 struurr
235 1162 319 1238 cujus
331 1160 429 1221 vitam
442 1159 592 1221 habemus
605 1180 624 1220 a
638 1159 845 1222 vetustissimo
857 1172 980 1223 auctore
991 1163 1150 1247 scriptam,
1171 1161 1239 1225 sive

97 1244 216 1311 Probus
230 1247 284 1307 ille
295 1244 353 1306 fuit
364 1245 430 1309 sire
442 1245 535 1308 alius:
564 1245 597 1305 in
610 1264 670 1329 qua
685 1256 756 1307 sunt
772 1243 864 1325 digna
877 1244 1145 1311 animadversione
1158 1266 1241 1309 non-

97 1330 190 1409 nulli,
203 1351 285 1417 quse
296 1331 368 1392 heic
380 1331 513 1393 breviter
524 1328 742 1394 indicabimus:
763 1352 836 1393 narn
852 1333 956 1419 scripti
970 1330 1091 1396 codices
1104 1335 1143 1395 ab
1157 1330 1239 1394 edita

99 1418 233 1481 lectione
253 1416 331 1479 nibil
344 1420 409 1478 fere
427 1416 593 1479 uariabant.
637 1414 736 1479 Princi
757 1415 789 1479 io
812 1416 915 1479 scribit
935 1426 1059 1481 natum
1076 1414 1242 1485 Persium

94 1500 213 1591 pridie
233 1521 345 1565 nonos
355 1497 583 1565 Decembreis
599 1498 711 1564 Fabio
764 1499 884 1581 ersico,
907 1502 946 1564 L.
966 1498 1116 1569 Vitellio
1129 1503 1222 1567 Coss.
1230 1524 1244 1581 ς

99 1584 289 1652 decessisse
305 1580 412 1651 VIII.
425 1584 507 1650 Kal.
519 1584 660 1653 Decem.
675 1584 809 1651 Rubrio
827 1586 962 1667 Murio,
993 1588 1114 1655 Asinio
1133 1585 1244 1653 Gallo

100 1670 212 1747 Cosas
236 1674 268 1735 in
282 1674 346 1735 tine
358 1694 435 1737 vero
448 1674 510 1737 sicr
533 1670 697 1736 Decessit
711 1670 797 1736 vitio
811 1672 984 1738 stomachi
990 1722 1003 1752 ,
1033 1696 1126 1741 anno
1141 1684 1244 1737 osta·

98 1758 141 1823 tis
153 1755 279 1825 XXX.
307 1758 379 1822 Non
396 1770 514 1823 constat
525 1759 575 1822 bis
587 1760 684 1823 ratio:
704 1781 779 1822 nam
788 1762 902 1823 falsum
916 1772 962 1825 est
974 1762 1089 1825 vixisse
1100 1760 1242 1825 Persium

98 1866 198 1909 annos
211 1845 351 1925 triginta,
374 1845 443 1993 ptri,
470 1844 498 1908 si
511 1845 587 1906 ratio
607 1845 726 1906 ineatur
743 1857 918 1933 temporum
933 1847 1002 1910 heic
1015 1846 1241 1925 annotatorum,

98 1952 216 1997 novem
238 1932 356 1993 circiter
397 1932 485 1994 iebus
521 1931 583 1993 rius
607 1932 683 1994 obiit
699 1953 792 2017 quarn
811 1952 928 1995 annum
941 1933 1023 1996 ritae
1038 1933 1242 2015 vigesimum-

97 2016 266 2082 unsrun·
322 2019 413 2081 leret:
435 1952 743 2080 inordinatorum
760 2028 792 2081 et
805 2017 921 2080 Vitellii
941 2022 1115 2083 consulatus
1133 2019 1165 2081 iu
1185 2038 1242 2081 su-

97 2124 176 2167 num
189 2102 234 2167 V·
247 2100 283 2167 G·
312 2100 560 2171 uccxxcvll.
594 2100 711 2165 Tiberii
728 2102 815 2183 XX,
837 2126 856 2177 a
875 2106 1019 2190 passione
1035 2102 1165 2167 Domini
1178 2105 1243 2191 pri-

96 2212 205 2269 rnruu,
232 2198 269 2251 ut
287 2190 389 2275 placet
414 2186 655 2268 diligentioribus
678 2200 854 2340 tempprum
875 2190 1089 2276 scriptoribus:
1126 2188 1246 2255 Marius

97 2296 176 2342 vero
188 2282 222 2339 et
230 2273 354 2339 dsiuirrs
368 2284 478 2341 octavo
492 2272 624 2338 Neronis
638 2295 719 2337 anno
779 2296 818 2339 ss.
832 2278 964 2340 fuerunt.
1007 2275 1060 2339 Sic
1072 2274 1164 2357 igitur
1175 2296 1245 2339 cor-

98 2358 247 2443 rigendus
268 2379 353 2423 error
369 2360 402 2422 iu
424 2360 560 2423 numeris
584 2360 754 2443 admissus3
789 2362 913 2447 propius
936 2360 1105 2425 adrerum
1128 2360 1246 2425 secedit

98 2448 322 2529 Hieronymus,
343 2445 439 2533 quiin
449 2445 604 2527 Chronico
613 2445 740 2511 Eusebii
753 2469 833 2510 anno
845 2447 928 2511 vitas
940 2446 1076 2511 XXIX.
1087 2459 1245 2511 mortuum

99 2532 242 2599 Persium
257 2530 392 2595 adnotat.
422 2529 519 2594 Persii
534 2542 652 2617 patrem
665 2530 767 2595 Flacci
781 2554 955 2615 cognomen
971 2535 1117 2599 habuisse
1133 2554 1173 2595 ex
1186 2535 1246 2597 hec

99 2620 166 2685 vira
178 2618 345 2683 discimus:
365 2614 449 2681 unde
462 2629 561 2705 paret,
581 2616 763 2766 illudpuam
776 2619 815 2682 sit
828 2618 1001 2699 ridiculum,
1019 2618 1105 2706 quod
1121 2618 1246 2703 quidem

99 2706 312 2771 somniarunts
342 2702 471 2791 podtam
489 2714 627 2767 nostrum
647 2705 658 2765 i
705 2726 877 2785 cognomen
893 2705 1050 2769 invenisse
1071 2708 1109 2769 ab
1126 2705 1247 2768 Horatii

99 2788 205 2855 Flscei
217 2790 407 2853 imitatione:
436 2786 521 2875 quod
531 2811 594 2851 non
608 2793 711 2853 solum
723 2786 961 2873 cirtercienses,
990 2790 1048 2854 sed
1066 2791 1161 2853 etiam
1177 2791 1248 2853 ins-

100 2888 193 2965 ptum
206 2887 282 2957 est,
295 2898 354 2939 nec
374 2875 477 2938 minus
502 2874 580 2937 illud
597 2874 682 2962 quod
701 2875 830 2956 addunt,
863 2876 1014 2941 Serenum
1027 2898 1097 2940 esse
1111 2874 1248 2939 eundern

101 2963 366 3111 latttlld
377 2960 843 3132 tesserarium
848 2962 1249 3129 ‘affiiii'd'iiiffi

104 3135 196 3199 uobis
215 3132 404 3196 inviderunt:
431 3130 486 3196 sed
507 3130 630 3195 ridetur
644 3132 718 3195 buic
730 3133 899 3198 vanissimo
918 3145 1097 3195 commento
1109 3135 1249 3197 occasio-

103 3217 635 3389 ffipnaepppgnpgpugbplp
648 3216 1251 3369 stettititttritl‘ffllt

103 3326 245 3470 mentio?
263 3391 312 3452 cui
324 3412 496 3471 cognomen
510 3391 568 3451 luit
581 3348 708 3454 Seuero.
750 3326 871 3453 Mrem
882 3390 934 3454 ille
944 3389 1102 3471 Virginius
1108 3326 1249 3470 illaesus,

104 3476 189 3567 apud
210 3498 305 3563 quern
325 3475 477 3539 studuisse
493 3474 615 3537 Romae
630 3475 740 3539 dicitur
752 3474 899 3559 Persius,
916 3488 1004 3562 pater
1016 3480 1146 3540 tortasse
1159 3476 1250 3539 fuerit

104 3576 158 3627 aut
171 3575 298 3651 patruus
309 3555 452 3642 Verginii
464 3560 537 3623 Rufi
549 3560 646 3642 illius,
668 3562 720 3648 qui
735 3562 925 3649 temporibus
936 3560 1068 3625 Neronis
1085 3561 1184 3625 studia
1201 3566 1250 3640 ju·

104 3670 224 3715 venum
236 3649 429 3735 eloquentiae
439 3650 581 3727 fovebat,
602 3660 637 3711 ut
651 3651 744 3711 refert
758 3646 882 3710 Tacitus
896 3647 1060 3710 Annalium
1070 3648 1149 3710 libro
1164 3647 1250 3710 XV:

106 3736 133 3801 is
147 3747 205 3814 est,
221 3734 263 3797 de
275 3756 336 3821 quo
348 3733 463 3796 Plinius
475 3731 636 3797 Secundus
650 3734 888 3833 epistolaprima
900 3732 1027 3814 libri113
1050 3754 1142 3881 ppern
1157 3734 1250 3795 etiam

107 3822 148 3885 de
163 3834 227 3883 arte
239 3821 389 3883 rhetorica
406 3820 560 3905 scripsisse
575 3832 680 3883 auctor
696 3816 911 3898 Ouinulianus.
955 3818 1039 3881 Inter
1081 3819 1151 3881 ersii
1171 3818 1251 3881 arni-

108 3930 162 3971 cos
178 3906 320 3969 nominat
336 3906 386 3966 hic
407 3918 512 3967 auctor
528 3903 778 3991 Colplrurnium
791 3901 987 3967 Staturam:
1014 3905 1074 3967 nisi
1086 3903 1251 3984 legendum

108 4006 156 4059 est
169 3990 322 4055 Suram:
343 3990 427 4075 quod
441 4012 605 4054 commune
617 3993 712 4055 scrisse
727 4012 900 4072 cognomen
914 3991 1017 4053 multis
1034 3992 1170 4070 gentium
1184 3989 1251 4053 Ro-

109 4100 280 4157 manarum,
303 4098 397 4139 nemo
412 4077 530 4157 ignorat
535 4099 544 4153 3
574 4076 647 4141 illud
662 4098 738 4141 vcro
759 4080 887 4139 altemm
906 4076 979 4139 alibi
991 4079 1091 4156 legere
1105 4098 1167 4139 non
1182 4096 1251 4137 me-

109 4166 268 4229 minimus.
310 4162 375 4225 Aitr
404 4159 512 4224 coluit
527 4172 566 4225 ut
573 4172 720 4249 putrem
731 4158 922 4225 Servilium
935 4156 1158 4227 Nonianum:
1177 4163 1251 4225 scri-

110 4250 265 4329 bendum,
285 4244 505 4314 Noviorum:
527 4250 578 4311 hic
590 4251 642 4312 ille
657 4261 703 4313 est
715 4248 862 4313 servilius
876 4248 1045 4328 Novimus,
1067 4246 1108 4310 ds
1122 4246 1252 4333 qqus-

111 4338 180 4401 lu'us
192 4332 274 4401 libro
289 4334 430 4413 decimo,
450 4335 481 4397 in
496 4356 622 4399 censura
635 4335 790 4399 deseratis
805 4356 879 4399 suae
891 4334 1061 4399 historicisr
1082 4333 1252 4397 meminere

112 4422 191 4487 illius
204 4434 236 4486 et
249 4422 366 4485 Plinius
379 4432 514 4507 uterque.
540 4418 621 4484 Mox
635 4444 706 4485 cum
719 4422 760 4484 ita
775 4421 893 4485 scribit:
915 4416 995 4507 Ipse
1009 4417 1119 4483 etium
1132 4416 1251 4483 decem

114 4504 189 4592 fere
205 4505 311 4573 anuis
324 4526 459 4571 summe
475 4502 658 4572 dilectura
671 4506 785 4573 Paeto
803 4502 964 4571 Tlrruseu
979 4514 1047 4570 est:
1081 4508 1143 4570 hoc
1154 4504 1251 4573 uide-
