2700 4972
305 330 309 337 ·
388 321 451 385 so
482 298 650 413 cassu
684 318 908 389 sarman
937 320 977 386 v.
1147 328 1239 393 aa
1276 368 1279 377 -

94 491 203 561 Haec
217 513 275 557 res
290 489 400 580 efficit
418 513 486 556 non
508 512 527 555 e
544 490 626 575 jure
642 488 835 573 Qniritium
856 489 1023 572 liberum,
1043 490 1106 559 sed
1121 515 1140 558 e
1155 494 1237 578 jore

94 591 272 663 naturam
297 582 353 667 pr'o
378 580 478 643 liberti
498 581 625 663 nomine
648 578 881 666 descriptionem
898 578 979 645 illius
1024 582 1104 643 osuit
1116 582 1238 649 Persius

92 670 135 731 ab
158 667 278 731 effectis
303 669 368 745 ejus
393 666 552 729 libertatis:
580 665 762 727 manumissi
786 664 819 725 in
843 665 956 728 tribum
980 688 999 727 a
1038 667 1237 749 cribebantur,

93 764 129 815 ut
156 755 241 818 cives
261 750 398 814 Romani
414 752 537 813 fierent:
569 753 629 812 hoc
647 772 685 812 eo
708 751 847 829 valebat,
876 741 918 813 tit.
928 750 1094 815 commoda
1112 767 1239 838 possent

92 840 270 941 percipere,
292 858 371 923 quae
385 837 498 900 civium
510 834 726 899 Romanorum
748 846 834 897 erant
854 839 1046 901 eommunia:
1065 840 1237 903 maximam

92 936 228 988 istorum
253 936 316 987 erat
338 923 553 985 frumentatio:
581 923 689 1003 ingens
719 922 802 984 enim
829 923 991 1007 quotannis
1018 926 1163 987 frurnenti
1189 927 1238 991 vis

91 1011 220 1097 publica
234 1012 414 1090 erogabatur
429 1007 470 1071 ad
488 1006 711 1071 sublevandam
728 1027 898 1093 pauperum
916 1008 1029 1073 civium
1048 1012 1237 1075 tenuitatem.

92 1094 142 1158 Ad
168 1098 261 1174 hujus
293 1092 451 1156 commodi
480 1094 742 1181 participationem
768 1114 834 1155 non
860 1104 976 1159 temere
1002 1106 1034 1157 et
1062 1098 1237 1181 promiscue

91 1202 208 1259 omnes
222 1180 304 1245 soliti
317 1179 453 1257 admitti,
474 1177 530 1241 sed
547 1180 592 1241 illi
611 1190 747 1256 tantum,
771 1177 823 1262 qui
838 1176 978 1251 curatori
996 1202 1139 1245 annonae
1153 1184 1237 1248 dves

91 1288 129 1331 se
144 1270 329 1353 probassent
345 1276 377 1329 et
396 1276 545 1329 tesseram
565 1267 604 1327 ab
628 1286 666 1328 eo
685 1265 884 1350 accepissent.
934 1265 1006 1331 Jeru
1025 1269 1120 1332 rerba
1140 1267 1244 1341 Persii,

90 1352 274 1419 videmnus:

179 1434 383 1511 Libertate,
404 1435 456 1514 ait,
477 1454 562 1514 opus
577 1443 646 1513 est,
667 1457 736 1499 non
752 1434 840 1514 boo,
863 1433 1062 1522 utquisque
1084 1429 1216 1503 Velina

180 1518 521 1589 Publius-emeruit.-

91 1630 159 1675 non
179 1610 260 1689 hac,
281 1630 337 1696 per
357 1628 465 1692 quam,
491 1617 526 1669 ut
547 1606 675 1693 quisque
690 1628 797 1671 servus
817 1604 978 1687 emeruit,
1004 1605 1040 1671 id
1058 1618 1105 1671 est
1123 1630 1235 1681 manu·
1328 1616 1331 1623 '

91 1696 207 1759 missus
226 1696 285 1757 fuit
310 1704 341 1756 et
360 1694 446 1779 quasi
469 1690 600 1754 donatus
617 1692 694 1755 rude
712 1696 868 1777 factusque
884 1694 958 1757 civis
975 1692 1151 1773 Romanus,
1174 1717 1236 1759 no-

91 1782 179 1845 mine
202 1782 296 1843 etiam
312 1778 442 1841 donatus
459 1775 623 1858 Romano,
644 1790 718 1867 puta
736 1778 856 1858 Publii,
875 1779 1012 1867 itemque
1031 1781 1085 1843 uni
1100 1783 1236 1845 tribuum

92 1866 279 1953 adscriptus,
300 1876 376 1951 puta
395 1864 544 1929 Veb‘nae:

558 1944 755 2013 scabiosum
774 1946 945 2015 tesserula
957 1944 1028 2035 sar

178 2032 353 2117 Possidet,
1093 2040 1096 2051 '

91 2120 127 2185 id
139 2134 187 2187 est
206 2121 375 2209 accipiendi
396 2143 415 2187 a
439 2120 585 2185 Curatore
607 2142 748 2185 annonae
767 2131 914 2185 tesseram
935 2122 984 2198 jus
1004 2118 1101 2183 habet
1125 2131 1157 2185 et
1174 2142 1234 2206 pu-

91 2209 172 2275 btca
185 2228 309 2271 annona
320 2207 476 2272 vescendi.
501 2238 504 2245 ·
519 2207 617 2271 Deest
637 2208 798 2271 relativum
814 2226 885 2291 qno
899 2206 1054 2281 anteibo,
1075 2213 1115 2267 ut
1135 2204 1232 2292 qnis-

93 2314 158 2381 que
174 2286 242 2361 V..·
264 2316 415 2379 nusquam
435 2294 519 2357 enim
540 2294 571 2355 in
584 2314 679 2355 manu
703 2293 832 2356 exaratis
853 2310 923 2354 eam
941 2293 1085 2357 voculam
1100 2292 1284 2363 inveni-409

92 2400 180 2458 mus,
210 2398 303 2465 quam
321 2380 413 2441 etiam
430 2380 634 2465 paucissimae
660 2377 809 2441 editiones
827 2389 947 2441 veteres
966 2378 1121 2440 exhibent.
1166 2375 1233 2459 lita,

92 2478 126 2531 ut
148 2464 280 2529 Casaub.
295 2464 415 2543 ¹edidit,
445 2477 523 2543 teste
542 2465 616 2528 llcb.
644 2463 775 2549 „optimi
803 2473 833 2526 et
853 2462 1053 2528 vetustissimi
1074 2460 1234 2543 codices;“

91 2550 243 2615 accedunt
259 2548 351 2632 Τίῑς.Ἰ
371 2548 467 2629 Ebn.,
488 2551 591 2617 Hero.-
607 2555 642 2629 1,
663 2552 765 2616 Wim.
785 2561 816 2613 et
830 2547 961 2613 Gbemn.
1005 2546 1234 2614 Orellius.vidit

146 2635 153 2647 '
191 2657 234 2699 ue
259 2637 310 2699 hic
334 2658 403 2701 esse
430 2658 486 2721 pro
517 2634 729 2723 quicunqne,
761 2633 793 2699 si
813 2632 908 2721 quis,
938 2633 1067 2697 laudans
1088 2632 1232 2717 Seyffert

92 2658 237 2795 giulot.
257 2718 352 2797 tlt
373 2745 406 2809 p.
422 2727 498 2788 133:
520 2730 560 2785 rit
580 2734 684 2787 autem
704 2720 921 2808 explicandum
940 2732 987 2783 est
1004 2738 1091 2805 quo,
1110 2741 1233 2783 secon-

92 2804 298 2895 dumqunm
310 2829 353 2899 ac.
363 2806 504 2895 possidet
520 2811 568 2871 far
580 2829 599 2871 e
610 2809 847 2871 frumentatione
858 2805 1038 2888 grabritum,
1060 2806 1234 2891 quicunque

92 2915 174 2959 enm
192 2906 300 2972 nactus
322 2905 377 2971 est.
420 2893 491 2956 Hoc
511 2905 542 2957 et
560 2897 728 2959 verborum
746 2915 820 2957 usus
849 2905 881 2955 et
909 2892 1078 2955 sententiae
1103 2896 1231 2957 contor-

91 2980 188 3045 matio
203 2981 276 3057 satis
290 2982 411 3067 probat:
432 2990 548 3043 utnon
567 3000 712 3060 egeamus
732 2989 871 3042 contorta
893 2977 946 3041 illa
959 2974 1086 3040 Kreusii
1103 2979 1231 3056 ratione,

91 3064 174 3141 diss,
196 3062 241 3129 cle
254 3062 382 3141 Satiris
393 3068 437 3131 P.
452 3061 589 3147 Gotting.
622 3069 714 3133 1880.
731 3087 764 3149 p.
786 3069 889 3148 8sq.,
912 3062 1140 3142 distinguentisr
1161 3082 1232 3125 non

91 3150 181 3231 too,
209 3156 250 3215 ut
268 3153 437 3237 (qualem,
468 3150 610 3238 quisque
632 3148 830 3236 (quicunque)
856 3144 897 3213 V
892 3147 990 3213 elina
1010 3144 1056 3213 P.
1081 3146 1232 3212 emeruit

91 3234 380 3311 scabiosumtess.
412 3257 468 3313 ar,
489 3233 664 3316 Possidet,
684 3236 705 3300 i.
717 3258 760 3303 e.:
781 3258 847 3299 non
862 3238 921 3299 hac
931 3234 1070 3297 libertate
1084 3246 1131 3297 est
1143 3255 1232 3320 epm,

90 3346 186 3413 quam
200 3320 356 3411 possidet,
378 3324 513 3410 quisquis
530 3323 565 3388 P.
586 3323 699 3387 Velina
715 3324 892 3386 scabiosum
914 3323 963 3385 far
984 3320 1116 3383 emeruit
1134 3331 1232 3385 tesse-

90 3412 178 3491 ruta]
228 3406 398 3473 Familiaris
423 3421 470 3473 est
489 3408 704 3473 Hebraeorum
723 3409 844 3488 linguae
863 3418 895 3471 et
920 3404 1065 3469 omnibus
1087 3406 1231 3470 affinibus

90 3496 293 3584 provocabuli
304 3496 386 3561 illius
401 3495 530 3580 ellipsis,
553 3492 688 3558 Graecae
702 3495 891 3559 autLatinae
911 3493 1026 3555 mium.
1068 3490 1230 3573 Virgilius:

98 3656 102 3663 ¹
175 3578 242 3646 En
261 3576 371 3660 mous,
392 3578 540 3647 Italiam
555 3577 662 3645 Graii
683 3577 887 3668 cognomine
902 3574 1045 3653 distenta

92 3666 203 3755 [aptius
230 3668 407 3755 exemplum
434 3679 515 3731 esset
534 3668 642 3733 Horat.
662 3666 727 3730 Sat.
743 3664 778 3746 l,
801 3673 839 3746 2,
864 3669 943 3731 120:
971 3659 1102 3725 [llam.-
1162 3669 1231 3725 ost

88 3748 267 3841 pocillo,
289 3748 547 3839 sedploris,
571 3750 613 3816 si
634 3750 801 3816 exierit
821 3749 909 3826 vir,
933 3744 1070 3823 Gallis3
1091 3759 1124 3811 et
1198 3752 1229 3826 6,

92 3842 152 3921 &lt
174 3833 216 3905 'ed
231 3834 388 3911 emersis,
399 3840 522 3937 proprie
538 3842 643 3902 locum
661 3840 755 3903 habet
770 3840 803 3903 in
820 3837 967 3901 militibus
986 3844 1041 3897 aut
1053 3831 1231 3914 gladiatori-

91 3927 172 3991 busz'
183 3924 258 3989 inde
273 3922 410 3989 emeriti
427 3926 481 4011 qui
492 3924 676 3989 missionem
692 3926 848 3988 consecuti
861 3933 937 3986 sunt
958 3920 1100 3985 emilitia
1115 3930 1168 3983 eut
1188 3940 1231 3983 ex

91 4011 221 4075 barem:
251 4010 322 4075 heic
349 4009 390 4077 de
406 4011 648 4075 manumissione
668 4010 751 4074 servi
771 4009 897 4074 dicitur:
924 4005 1103 4092 epexegesis
1127 4016 1174 4069 est
1195 4007 1230 4067 in

91 4097 157 4161 his:
190 4093 395 4183 utquisque
421 4095 568 4169 nocuit,
597 4091 744 4167 Publius
769 4088 806 4160 V
805 4094 911 4159 elino.
954 4093 1082 4157 Liberos
1110 4103 1142 4153 et
1163 4112 1230 4154 ser-

92 4202 148 4247 vos
169 4180 294 4247 Romae
317 4205 381 4247 non
400 4184 495 4246 restis
523 4180 741 4263 distinguebat,
767 4179 824 4245 sed
844 4178 1022 4266 appellatio:
1052 4176 1112 4239 alia
1137 4197 1230 4239 nam·

93 4289 150 4353 que
163 4270 297 4348 borum,
320 4270 381 4333 alia
402 4269 526 4331 illomm
547 4281 633 4333 erant
649 4268 795 4331 nominat
826 4266 899 4330 ideo
917 4286 987 4327 cum
1006 4264 1144 4326 libertate
1167 4283 1230 4323 no·

93 4374 165 4419 vum
178 4376 297 4420 nomen
311 4357 516 4419 assumebant
535 4354 586 4431 [ci.
598 4352 657 4433 Pl]
697 4352 769 4416 Non
785 4375 910 4439 semper
928 4348 1098 4499 autemeqpi
1117 4367 1229 4409 manu.

95 4442 298 4523 mittebantur,
316 4441 402 4509 eires
422 4440 555 4507 fiebant:
576 4452 641 4507 erat
661 4438 747 4504 enim
763 4440 941 4528 imperfecta
964 4456 1025 4521 qua
1083 4454 1117 4495 m
1135 4432 1229 4495 liber-

135 4528 145 4553 *
285 4538 297 4565 a
