2700 4972
86 356 130 420 ⁸6
400 388 408 393 ·
456 352 865 427 COMMENTARIUS
966 338 971 356 ⁴

82 548 170 591 mus:
195 526 297 613 priora
323 528 401 591 sunl
414 526 590 609 monitoris,
619 524 704 614 quod
731 520 848 589 dixerat
876 545 947 587 curn
971 519 1221 603 interrogatione,

103 634 162 675 uae
175 613 333 694 negationi
346 611 551 695 loodvvupei,
575 612 686 677 diserte
699 611 863 699 repetentis
884 622 915 673 et
928 607 1121 690 jurejurando
1144 628 1221 668 con-

82 634 244 763 irmarus:
263 709 418 785 postrema
438 720 502 764 vox
520 699 631 778 Persii,
653 693 935 782 εἰρωνευομένον,
959 695 1047 782 quasi
1062 693 1221 757 auditione

82 785 130 934 rep
145 784 323 934 155111ῗὲ5
338 797 583 850 commoveretur
598 785 674 864 [imo
688 805 761 850 rere
776 783 941 864 commoti,
965 803 1031 845 non
1045 778 1220 861 εἰρωνευο-

125 891 212 935 von:
305 893 377 933 m..

84 888 108 951 μ
169 962 200 1022 3.
227 952 299 1019 Vel
317 868 385 1019 citio
401 950 759 1041 vetnemosuurpe‘et
777 950 991 1023 miserabile:
1016 946 1156 1039 querci]
1181 947 1221 1010 Et

82 1053 266 1127 punctorum
283 1043 401 1104 ratione
417 1053 448 1105 51
487 1062 664 1104 ersonarum
677 1040 766 1123 ,varie
780 1051 904 1125 accepta
923 1041 1001 1100 haec
1014 1040 1109 1102 verba
1127 1037 1221 1099 etiam

82 1126 296 1191 venustissimis
310 1126 427 1190 criticis.
465 1064 655 1190 inPut'eani
677 1123 783 1187 codice
801 1126 923 1187 initium
946 1136 1053 1187 versus
1073 1142 1144 1186 cum
1156 1122 1221 1185 line

83 1211 294 1299 praecedentis
320 1215 479 1275 cohaeret:
515 1212 621 1275 Persio
648 1212 732 1274 enim
757 1211 949 1289 tribuuntur}
970 1209 1058 1294 quasi
1078 1210 1132 1271 ille
1155 1225 1221 1270 non

86 1297 268 1377 concederet
280 1299 380 1360 arnico
396 1297 509 1362 Satiras
522 1319 593 1361 suas
606 1319 735 1382 ,prorsus
750 1316 769 1359 a
781 1297 905 1359 nemine
925 1293 1087 1375 legendasr
1107 1295 1221 1357 saltem

84 1385 168 1447 enim
183 1386 235 1469 vel
250 1382 329 1446 duos
348 1386 476 1448 veltres
499 1395 652 1469 repertum
670 1383 727 1461 iri,
749 1382 802 1468 qui
821 1384 972 1463 legerent:
1005 1378 1061 1443 sed
1083 1378 1221 1443 monitor

84 1490 149 1531 non
161 1481 326 1554 expectans
342 1481 375 1530 ut
387 1468 564 1532 inchoatam
581 1468 764 1532 sententiam
781 1466 902 1531 Persius
921 1469 1104 1538 absolveret,
1125 1464 1221 1527 inter.

83 1556 176 1640 pellat
188 1566 218 1616 et
231 1555 351 1634 subjicit
365 1575 486 1618 tremo:
507 1577 572 1616 non
586 1566 632 1618 est
643 1556 747 1640 inepta
759 1555 836 1616 haec
856 1553 961 1632 lectio,
984 1563 1015 1614 et
1028 1572 1106 1637 quae
1120 1548 1221 1613 seduli

82 1641 243 1703 monitoris
254 1643 357 1726 pulcre
372 1662 493 1703 rnorem
507 1641 659 1726 exprimit.
701 1638 739 1702 Iu
754 1640 833 1702 meis
844 1638 1030 1701 membranis
1050 1648 1133 1699 totus
1148 1637 1217 1736 qui-

83 1723 156 1787 dem
174 1747 280 1789 versus
296 1726 448 1788 'monitori
465 1725 737 1790 tribuitur‘ultima
765 1746 844 1789 voce
869 1735 1013 1809 excepta:
1042 1721 1100 1786 sed
1121 1742 1220 1808 prrme

82 1813 177 1876 verba
193 1812 236 1874 sic
253 1810 412 1888 arctarat:
439 1807 482 1875 V
477 1811 509 1876 el
520 1809 587 1875 duo
600 1809 664 1876 vel.
688 1831 807 1875 nemo:
827 1811 914 1872 initio
929 1807 1098 1871 concedere
1109 1807 1221 1894 poe‘tue

82 1897 189 1975 voluit,
211 1918 276 1959 non
290 1900 382 1984 plane
398 1897 427 1959 ei
442 1896 598 1960 defuturos
609 1900 747 1976 lectores,
768 1905 844 1960 vero
858 1897 928 1958 illos
944 1895 1145 1980 paucissimos
1160 1914 1222 1956 nu-

82 2003 169 2045 mero
186 1983 314 2060 futuros,
336 1994 409 2068 puta
422 1981 484 2046 duo
499 1995 550 2046 aut
563 1992 636 2045 tres:
657 1979 715 2046 sed
729 1982 846 2059 statim,
870 2003 926 2044 ceu
937 1981 1070 2081 nimium
1083 1979 1221 2059 dixisset,

39 2100 42 2105 ·
726 2088 744 2113 (Τ

23 2126 68 2209 'u
83 2065 1242 2238 tttllflllltll,tttltttdthtltttbttdltlpt·

83 2250 171 2301 munt
190 2239 351 2308 familiaria
364 2235 488 2307 Graecis
510 2237 632 2301 dicendi
648 2259 775 2318 genera:
797 2232 942 2321 ἢόλίγοι
961 2232 983 2321 ἢ
1003 2229 1133 2316 οὐδεὶς,
1146 2249 1185 2299 et
1205 2231 1222 2257 ''

83 2343 133 2400 τις
153 2318 175 2406 ἢ
197 2318 322 2398 οὐδεὶς,
344 2324 462 2409 quoties
481 2344 637 2387 summam
657 2323 810 2387 raritatem
829 2326 939 2388 volunt
959 2322 1106 2386 indicare:
1136 2260 1223 2409 quod

82 2412 146 2489 jam
167 2411 243 2471 olim
259 2406 430 2473 Gulielmus
451 2407 598 2474 Canterus
618 2410 651 2471 in
670 2409 733 2471 suis
747 2409 943 2473 Lectionibus
968 2407 1051 2488 ΝΠ,
1064 2408 1093 2489 5,
1108 2431 1142 2496 p.
1158 2406 1221 2474 665

83 2493 250 2579 Lampadis
266 2490 352 2558 Grut.
374 2493 412 2557 T.
425 2493 494 2573 ΠΙ.]
511 2494 628 2557 erudite
643 2497 833 2576 observarit3
855 2498 951 2558 multa
966 2506 997 2557 et
1008 2516 1067 2557 nos
1078 2497 1222 2582 exempla

84 2578 325 2644 adnotabamus:
348 2580 549 2666 Hippocrates
570 2579 621 2645 De
640 2582 750 2643 morbo
768 2601 854 2644 sacro
878 2580 915 2659 [c.
940 2579 1010 2660 13]:
1041 2573 1105 2644 οὐκ
1129 2573 1222 2663 luri

83 2666 210 2740 νοῦσος
232 2659 316 2747 αὕτη
331 2659 545 2747 ἐπιλαμβάνει
567 2661 640 2730 ἀλλ’
663 2660 685 2750 ἢ
709 2660 843 2748 ὀλίγους
863 2659 1038 2751 diuiditur:
1077 2666 1222 2730 Aelianus

84 2750 135 2813 De
150 2751 330 2817 animalibus
346 2752 398 2815 lib.
415 2750 489 2814 Vll.
507 2774 573 2838 cap.
586 2749 677 2814 VIII:
699 2748 863 2833 θαυμάζει
880 2774 931 2830 τις
948 2748 971 2857 ἢ
991 2746 1111 2827 οὐδείς.
1132 2775 1222 2839 parr-

84 2834 213 2900 cissimi
226 2845 303 2898 ertrrt
339 2835 375 2899 ui
389 2834 607 2901 admirentur
612 2860 628 2911 ,·
648 2836 734 2899 idem
753 2839 841 2907 alibi:
861 2832 885 2921 ἤ
903 2861 936 2904 τι
955 2833 978 2922 ἠ
998 2831 1111 2902 οὐδέν.
1154 2837 1219 2901 Dio

83 2922 162 2985 libro
186 2857 343 2997 XLVlllq:
359 2918 486 2986 ,ἐκείνω
508 2916 530 3004 ἥ
554 2916 643 3005 vicii
663 2916 775 2999 οὐδεὶς
797 2918 961 3006 στέφανος
976 2918 1106 3007 'tudens
1135 2922 1223 2987 idem

84 3007 166 3085 alibi,
190 3028 319 3069 nurnero
332 2987 549 3071 multitudinis:
572 3008 605 3072 ol
624 3006 659 3073 di
673 3005 786 3073 λοιποὶ
808 3005 936 3094 ivenus
959 3003 1071 3073 αὐτῶν
1093 3002 1224 3092 doridi-

84 3085 311 3175 trucidentur:
339 3093 383 3156 sic
407 3095 480 3157 alibi
500 3096 638 3181 saepius,
666 3096 745 3158 libro
766 3108 869 3159 autem
890 3095 967 3159 XLI
988 3097 1074 3159 aliter
1099 3096 1223 3159 extulit:

85 3174 220 3254 ἐννοῶν,
243 3173 296 3245 bu
312 3170 415 3254 αὐτὸς
427 3174 524 3264 pirri
543 3175 701 3265 ούόέναῆ
717 3202 792 3244 τινα
806 3177 917 3248 αὐτῶν
928 3177 1096 3264 ἠπίστατο.
1132 3180 1224 3247 Idem

84 3264 235 3413 sifnilicat
248 3275 279 3326 et
297 3262 374 3327 illud
391 3263 415 3328 C
473 3268 603 3330 sostomi
616 3266 666 3329 De
683 3267 871 3331 sacerdotio:
894 3263 969 3343 ἑνός
986 3288 1054 3331 πον
1072 3263 1130 3330 καὶ
1150 3267 1224 3332 δευ-

84 3370 193 3429 τρου.
223 3348 317 3427 [Alios
342 3350 467 3435 insuper
485 3351 611 3415 adducit
630 3352 714 3416 Pass.
735 3354 768 3415 h.
789 3357 827 3434 l.,
857 3355 1035 3441 praesertim
1055 3353 1165 3418 Valck.
1192 3364 1223 3416 et

84 3434 221 3501 Wessel.
242 3433 283 3496 ad
303 3434 420 3498 Herod.
442 3435 585 3514 111‚140.
604 3440 735 3523 putu]
1071 3508 1074 3513 ,
1111 3476 1113 3479 -

39 3552 42 3557 ·
170 3517 286 3606 'liupo
305 3527 337 3583 et
359 3519 576 3602 miserabile]
609 3523 680 3587 Non
699 3523 804 3587 Persio
825 3523 1025 3587 adscribenda
1054 3526 1133 3589 haec
1152 3535 1224 3588 sunt

38 3622 44 3631 '
85 3624 157 3671 artu
170 3607 263 3685 vulgo
277 3605 492 3691 interpretum,
513 3604 570 3670 sed
591 3611 657 3688 ejus
678 3609 820 3672 familiari
837 3622 975 3674 mentem
996 3632 1084 3674 suam
1122 3611 1224 3674 lenius

85 3688 265 3779 explicanti:
286 3712 361 3753 nam
374 3690 458 3777 quod
472 3691 568 3755 iidem
585 3694 764 3780 interpretes
780 3692 818 3759 co*
837 3718 943 3782 quare
963 3709 994 3759 et
1005 3719 1082 3759 mox
1095 3633 1224 3781 d'ugoe

85 3774 230 3843 minutiori
247 3776 396 3853 tribuunt,
419 3777 672 3842 absurdissimum
685 3791 740 3843 est.
783 3780 905 3844 Poterat
916 3781 1017 3847 videri
1027 3783 1124 3846 Persii
1143 3784 1224 3845 ami-

87 3860 309 3927 insinuando
327 3865 387 3924 hoc
403 3864 432 3925 ei
453 3865 580 3927 consilio
600 3887 637 3927 ea
654 3866 772 3928 ratione
792 3869 928 3948 moveri,
951 3891 1044 3954 quam
1061 3890 1154 3955 supra
1167 3890 1223 3931 ex-

86 3948 245 4035 posuimus
264 3958 295 4010 et
307 3951 437 4034 probam
456 3949 589 4013 diximus
611 3972 680 4014 esse
700 3972 735 4013 ac
755 3952 908 4017 validam:
931 3976 1012 4017 nunc
1033 3976 1127 4033 vero,
1151 3976 1224 4017 cum

35 4030 176 4103 (tttdtcin
200 4040 299 4121 turpe
320 4043 351 4097 cl
367 4034 576 4111 miserabile,
595 4040 699 4123 palam
716 4037 793 4099 illud
816 4040 901 4117 facit,
931 4062 995 4101 non
1014 4041 1086 4125 quia
1104 4040 1224 4105 nemini

87 4118 126 4181 sit
139 4122 310 4205 pnnluturus
325 4119 420 4183 Persii
430 4122 526 4200 labor,
550 4124 611 4183 hoc
625 4123 670 4184 illi
683 4144 717 4185 se
734 4124 900 4185 consilium*
910 4124 982 4188 dare
988 4152 1001 4201 ,·
1019 4148 1129 4189 verum
1139 4125 1223 4206 ideo,

87 4204 158 4287 qnia
172 4206 287 4269 1111115111
299 4206 414 4268 auctori
427 4207 554 4286 gratiam
572 4218 624 4269 aut
640 4208 770 4289 gloriam
790 4210 830 4272 sit
847 4212 1000 4274 allaturus.
1041 4210 1123 4274 Illud
1138 4213 1222 4297 prius

86 4290 257 4375 sapientem
269 4302 386 4379 poterat
401 4312 545 4355 movere:
567 4293 628 4355 hoc
642 4294 792 4379 posterius
803 4297 869 4374 jure
881 4297 1055 4382 exploditur
1073 4297 1222 4360 aPersio.

177 4372 325 4461 055551]
355 4374 440 4456 Quid
460 4388 522 4455 eet,
548 4377 648 4463 inquit
664 4377 799 4459 Persius,
823 4402 876 4442 cur
892 4393 980 4468 turpe
999 4395 1030 4447 et
1046 4384 1223 4447 miserabde

35 4468 70 4529 tl
88 4462 275 4547 115111111ιί55,
292 4460 446 4527 1185111115
466 4463 597 4527 scribam
614 4484 690 4550 quas
709 4485 804 4528 nemo
822 4467 862 4530 sit
874 4469 1029 4536 lecimus?
1050 4490 1165 4556 nempe
1179 4471 1222 4531 ita
