2700 4972
69 370 71 375 .
126 315 191 381 rr:
493 262 894 411 eortnnnrrr'trus
982 325 992 332 ·
1282 414 1284 433 Ι

18 506 21 511 ·
97 475 180 547 'nris
196 480 388 558 Marcellinus
400 478 569 561 [xxvtlt
584 505 610 544 c.
628 481 696 563 191:
719 493 750 546 at
767 482 870 547 contra
883 481 1071 571 Colophonii
1089 428 1247 573 quondm,

120 571 194 632 luxu
213 567 347 655 perditus
369 570 515 654 populus,
544 571 645 648 legem
662 572 809 648 tulerunt,
832 582 866 631 ut
888 591 1017 633 amane
1035 570 1076 634 ad
1095 594 1248 677 vesperam
1282 638 1284 647 ,

22 696 50 721 ·.
94 698 97 703 2
144 666 282 719 uaesnrm
303 657 476 718 meretrices
500 657 651 733 facerent,
679 652 749 739 pon
775 657 875 718 solem
906 676 1050 719 occasum
1074 662 1105 720 e't
1127 661 1246 743 λαχνων
1282 688 1284 727 ;

121 677 211 822 dode
231 762 266 804 se
288 741 492 803 continerent:
523 751 627 802 auctor
648 739 822 803 Athenaeus
844 742 923 804 libro
945 739 1012 804 ΧΠ
1038 742 1079 828 [p.
1100 742 1245 826 62661.
1281 754 1284 761 '

84 857 89 872 ι
120 828 205 889 Hora
224 847 307 890 nona
327 824 409 910 apud
429 838 549 890 veteres
570 824 762 910 procurando
788 828 907 912 corpori
926 828 1146 890 accommoda:
1184 853 1246 895 aare
1280 850 1284 859 ·

119 913 213 975 etiam
225 911 283 974 viri
295 912 390 974 sobrii
404 932 440 975 ea
453 913 529 973 hora
549 911 590 973 ad
604 930 733 973 coenam
748 933 783 978 se
798 915 1028 996 comparabant,
1049 926 1084 974 ut
1097 913 1138 977 de
1186 937 1245 979 arco

78 991 84 997 ’
118 998 272 1060 Antonino
290 1008 415 1059 testatur
428 993 578 1075 Galenus,
602 997 641 1058 de
656 997 819 1061 Monachis
829 997 998 1077 Palladius,
1016 1000 1201 1081 Augustinus
1213 1002 1245 1066 de

28 1084 31 1095 '
91 1105 162 1146 se.
205 1083 353 1160 AristeaS,
371 1083 594 1146 vetrtstissimus
608 1084 749 1167 scriptor,
772 1081 812 1144 de
829 1082 926 1145 LXX
944 1084 1178 1169 interpretibus:
1200 1083 1246 1170 pl·
1282 1144 1284 1153 .

116 1190 170 1252 χρι
185 1164 245 1249 μὲν
261 1162 350 1248 ὥρας
365 1163 501 1250 ἐννάτης
520 1164 561 1231 τὰ
575 1171 634 1251 τῆς
649 1167 825 1247 συνεδρίας
841 1165 981 1250 ἐγένετο·
1004 1164 1088 1251 perd
1103 1156 1246 1239 dl‘toetiroe
1282 1174 1284 1179 ’

116 1251 191 1334 περὶ
211 1249 272 1337 τὴν
292 1256 355 1316 τοῦ
371 1249 524 1335 σώματος
540 1253 724 1331 θεραπείαν
739 1248 923 1320 ἀπελύοντο
941 1253 1127 1338 γίγνεσθαι.

2 1337 7 1343 ’
202 1338 363 1406 ,184.·Ηιά
384 1359 484 1403 :nane
509 1336 683 1411 edictum,
704 1349 783 1424 poet
797 1338 953 1426 prandia
969 1338 1174 1406 Callirhoen
1188 1340 1245 1426 do]
1282 1390 1284 1399 .

117 1423 224 1491 Studia
248 1447 356 1487 eorum
378 1425 521 1511 exponit,
548 1427 658 1509 quibus
679 1425 846 1490 Satirarum
864 1448 986 1491 suarum
1008 1429 1143 1493 lectione
1162 1432 1247 1495 iuter-

67 1509 262 1583 readicebat:
285 1511 329 1574 ait
346 1511 421 1574 istos
442 1510 504 1573 duo
527 1515 628 1585 solum
655 1532 788 1575 curasse:
817 1516 920 1574 lorum
941 1524 1067 1598 propter
1087 1516 1246 1597 arantium,
1274 1532 1278 1541 ·

115 1608 146 1660 et
159 1596 315 1681 lupanaria
327 1617 433 1660 amore
446 1598 626 1680 voluptatis:
647 1598 724 1662 hacc
741 1598 832 1676 igitur
844 1597 943 1661 studia
958 1619 993 1661 se
1005 1600 1067 1663 illie
1085 1603 1247 1688 relinquero

14 1722 19 1727 -
113 1682 182 1745 sine
202 1680 318 1744 invidia
334 1683 452 1747 satirice
474 1682 622 1748 ostendit:
645 1682 688 1750 de
708 1686 794 1770 'valet‘
811 1683 942 1762 mando,
965 1683 1050 1769 quod
1064 1700 1196 1774 ,apparet
1213 1709 1246 1753 ex

1 1831 3 1837 ,
113 1767 243 1834 Horatio
266 1765 419 1853 [Epistl
444 1774 493 1846 19,
510 1770 559 1847 81:
1180 1808 1184 1817 ·

277 1890 281 1895 -
409 1916 415 1929 ,
526 1847 651 1939 furum
673 1849 869 1936 Putealque
899 1849 1046 1919 Libonis

202 1933 376 2009 ntaadato
399 1935 517 2016 siccin
896 1984 900 1995 ,

113 2020 267 2088 edictum
279 2025 414 2103 intellige
428 2024 590 2109 praetoris,
612 2034 642 2087 et
661 2025 701 2086 ab
721 2043 783 2087 uua
795 2016 900 2108 'specie
920 2023 1141 2104 jurisdictionis
1154 2039 1247 2095 eaete-

112 2130 161 2173 ras
174 2129 283 2178 omnes
297 2130 389 2195 cape:
410 2130 504 2172 mane
519 2120 623 2173 autem
638 2107 749 2187 judicia
763 2112 945 2173 exercebant
960 2122 991 2174 et
1004 2113 1094 2194 sicci,
1112 2125 1147 2177 ut
1157 2112 1246 2187 modo

54 2188 74 2267 ’,
112 2195 276 2277 Horatius3
298 2195 384 2263 idem
404 2193 497 2282 polita
520 2192 595 2274 [Sat.
612 2192 653 2274 11,
670 2197 702 2274 6,
715 2192 787 2272 att:
1107 2281 1110 2285 ι

512 2336 514 2340 ,
751 2286 832 2342 aare
854 2277 1045 2344 eecrmdam

106 2402 118 2431 ι
197 2364 351 2432 Βαναίαν
368 2361 573 2433 orobateibi
587 2360 728 2427 adesses
745 2362 794 2429 ad
809 2363 939 2435 Puteal
953 2388 1042 2432 cros.
1098 2430 1101 2434 ,
1189 2446 1193 2453 ,
1235 2390 1242 2397 ·

111 2454 260 2521 Martialis
286 2450 353 2531 [lV,
370 2455 403 2530 8,
422 2455 472 2532 21:
900 2464 904 2471 '

84 2612 86 2617 ¹
261 2540 409 2617 Exercet
422 2556 546 2600 raucos
568 2532 674 2597 tertia
694 2534 749 2611 (sc.
766 2537 858 2615 hora)
878 2533 1102 2602 consortione.
1214 2570 1241 2605 ,-

112 2620 306 2695 Cnllirkoes
320 2644 398 2686 voce
413 2624 482 2688 heic
497 2622 627 2701 (nomen
639 2618 672 2683 id
689 2622 781 2683 scorti
793 2621 949 2709 quondam
962 2625 1168 2706 celeberrimi)
1182 2612 1247 2687 urii·

5 2742 9 2749 ·
110 2733 200 2777 versa
212 2709 475 2797 voluptuariorum
488 2706 589 2771 studia
610 2717 700 2790 atque
717 2709 936 2794 occupationes.
949 2710 1191 2793 συνεκδοχικῶς
1204 2710 1247 2773 in-
1276 2744 1279 2751 ·

109 2799 293 2878 telliguntur.
348 2794 506 2872 [Pluribus
536 2795 616 2856 hanc
640 2791 920 2879 interpretationem
948 2807 1076 2875 exornat
1097 2796 1192 2861 Pers.
1218 2818 1246 2883 p
1280 2840 1284 2861 1

75 2892 83 2903 “
109 2888 173 2949 367
189 2905 254 2968 sqq.
271 2893 303 2946 et
315 2883 458 2945 observat
471 2900 565 2945 voces
575 2883 657 2964 poet
667 2877 827 2963 prandia
842 2878 875 2962 (i.
891 2903 918 2942 e.
931 2903 1071 2967 vespera,
1093 2893 1166 2968 poet
1180 2902 1247 2949 ooa-
1278 2884 1284 2917 ³

108 2967 196 3052 natu)
217 2990 279 3032 non
295 2988 362 3030 esse
376 2965 527 3047 urgendae
548 2967 668 3028 turbato
684 2963 801 3028 dudum
817 2964 1011 3050 quotidianae
1031 2968 1115 3031 vilae
1135 2966 1248 3047 ordine,
1260 2998 1284 3063 ·,

110 3057 195 3119 ciens
208 3076 240 3119 v.
257 3059 315 3134 673
336 3051 449 3118 Juven.
462 3050 517 3129 VI,
535 3055 605 3126 101,
627 3049 759 3114 Martial.
773 3050 829 3129 tv,
843 3053 894 3130 49,
908 3057 929 3118 3
945 3054 984 3117 at
1010 3051 1247 3123 Incommodum
1276 3070 1284 3141 j

103 3152 213 3205 autem
239 3142 300 3203 hoc
329 3159 397 3208 esse
418 3150 450 3201 et
474 3133 679 3203 Callirhoen
708 3148 824 3200 temere
845 3159 901 3222 pro
925 3139 1097 3214 meretricio
1123 3138 1247 3203 nomine

107 3223 218 3310 (etiam
237 3229 276 3289 ab
293 3223 428 3309 Orellio)
447 3222 555 3287 haberi
575 3219 763 3285 contendens
785 3222 924 3286 Plumius
942 3223 1063 3287 Tlieod.
1076 3223 1246 3299 Marcilium

83 3308 301 3479 6ῗὲἒὲἶέῙὲ
319 3309 931 3486 tlt*:belttttlttlbalt
944 3308 1262 3485 (iiiill'lffi

107 3484 228 3545 lumuas
246 3479 461 3566 propositum),
485 3479 622 3563 ¹vocantis
635 3482 794 3565 popellum
812 3491 843 3549 et
856 3483 1027 3566 pollicentis
1042 3482 1247 3558 cantationun

106 3590 148 3631 sc.
163 3566 335 3632 Callirhoen
343 3567 372 3646 ;“
393 3568 445 3629 vel
457 3564 485 3629 ei
498 3565 565 3649 quis
580 3566 641 3626 hoc
661 3567 754 3644 nolit,
776 3564 838 3644 „do
860 3567 904 3629 eis
924 3566 1109 3633 cantandam
1128 3580 1247 3649 tragoe-

108 3653 192 3713 diam
208 3650 495 3737 poetae‘cujusdam
510 3649 642 3725 indocti,
664 3652 716 3734 qui
733 3652 907 3715 Callirhoen
933 3656 986 3717 vel
1003 3654 1044 3717 ali
1064 3675 1140 3719 uam
1152 3655 1245 3718 histo

107 3739 184 3800 riam
207 3738 359 3822 pueriliter
375 3751 406 3800 et
424 3736 548 3800 indocte
570 3735 726 3820 scripsit:“
753 3740 848 3801 verba
868 3751 939 3800 sunt
957 3676 1245 3805 Pseudo-Cornuti.

106 3821 269 3887 Infelicem
291 3844 327 3884 ac
349 3846 389 3887 ne
415 3825 590 3888 absolutum
615 3821 742 3909 quidem
769 3835 912 3888 conatum
936 3824 1110 3892 Schiudleri
1127 3827 1148 3888 l.
1174 3828 1245 3910 l.p.

107 3908 149 3975 54
164 3931 211 3994 sq.
230 3910 412 3995 praetereo]
