2700 4972
87 309 155 375 ΞΜ
209 400 215 415 ‚
453 300 861 371 COMMENTARIUS

24 502 27 508 ·
89 475 182 538 shn'ul
201 473 353 554 congestis
373 483 405 537 et
422 470 579 554 adunatim
608 494 711 559 neque
734 472 820 537 enim
837 484 1089 539 astronomorum
1108 486 1219 557 tunam
1263 504 1265 603 p

89 571 160 623 sunt
180 571 410 645 pompegium,
431 570 466 621 ut
479 558 623 625 videntur
641 559 699 624 viri
720 557 888 641 doctissimi
904 562 1099 639 existImare,
1118 560 1175 625 sed
1191 574 1219 627 et
1263 605 1265 615 ·

89 647 220 730 reliquas
239 645 381 709 scientias
400 646 444 707 ita
461 646 618 708 vocarunt.
663 644 774 707 Sextus
793 644 965 730 Empiricos
985 646 1068 723 [adv.
1084 646 1217 727 statut,

38 735 150 801 89610·
167 753 197 817 p.
211 728 261 796 44.
276 730 329 811 D.]
348 730 387 793 de
404 730 598 810 grammatica
614 729 786 815 disputans:
807 723 870 794 οὐκ
889 726 1016 815 ᾔδεσαν
1037 728 1076 797 tt
1092 732 1128 797 oi
1142 736 1220 797 θαν·

91 808 224 898 pictor,
246 818 383 897 πρῶτον
396 812 474 899 μὲν,
495 810 548 879 ὅτι
568 808 587 877 ὁ
603 808 810 895 εὐμενοῦς
832 810 933 892 ἀξιῶν
948 814 1055 900 λέγειν
1071 812 1115 881 οὕ
1130 814 1220 884 δώσει

90 894 207 976 αὐτοῖς
220 896 404 966 sabolinis
417 892 503 966 εἶναι
519 896 557 964 sd
570 898 784 981 παράπηγμα.
813 898 935 965 Ibidem
944 903 984 988 [p.
1000 904 1053 971 dh
1063 903 1132 983 Ala
1153 898 1218 969 ἀλλ’

90 985 302 1062 aestuasset
319 982 401 1066 πρὸς
416 988 516 1050 τοῦτο
536 986 672 1067 γελοίως
686 981 897 1062 ἁπαντῶντες
915 989 972 1052 καὶ
988 982 1155 1071 λέγοντες,
1174 986 1220 1055 ὅτι

90 1068 129 1137 ἐκ
145 1068 309 1137 πλειόνων
332 1070 400 1137 ἐστὶ
421 1064 459 1136 cd
479 1069 664 1136 καθολικὸν
680 1067 893 1155 παράπηγμα.
936 1072 976 1136 Et
989 1075 1116 1160 saepius
1132 1098 1166 1137 cn
1186 1078 1221 1139 'ts

90 1156 222 1237 eodem3
250 1180 284 1222 se
304 1169 395 1221 uente
421 1157 530 1235 etiam,
558 1159 612 1220 ubi
632 1157 694 1236 agit
715 1156 756 1219 de
776 1159 902 1221 historia
918 1158 956 1237 [c.
976 1166 1027 1225 12.
1047 1182 1080 1245 p·
1095 1163 1147 1227 53.
1159 1098 1219 1241 [lt
1248 1192 1254 1201 ·

92 1237 186 1327 ὥστε,
209 1240 272 1310 ela
321 1238 420 1307 αὐτοὶ
432 1239 714 1323 ἐξομολογοῦνται
733 1236 901 1323 ἀμὲθοὸόν
921 1266 954 1308 τι
972 1236 1059 1311 εἶναι
1077 1243 1221 1331 παράκρ-

89 1350 159 1411 μμα
174 1324 235 1411 τὴν
247 1326 395 1408 ἱστορίαν
417 1327 474 1392 καὶ
493 1322 585 1408 ἡμεῖς
608 1322 886 1408 ἐπελογισάμεθα,
908 1327 966 1393 καὶ
986 1324 1109 1407 ἄλλως,
1130 1325 1222 1397 oridia

52 1402 58 1423 ⁸
90 1434 125 1479 τε
145 1408 242 1477 νεκὸν
255 1410 415 1497 θεώρημα
430 1407 513 1493 πρὸς
531 1410 594 1495 τήν
607 1416 732 1515 pociora
747 1409 849 1496 αὐτῆς
871 1409 1072 1498 ἣσύστασιν
1090 1418 1221 1497 παρασε-

91 1498 111 1563 d
142 1511 255 1577 κασιυς
277 1496 397 1581 ῥητέον
411 1496 467 1561 καὶ
481 1495 564 1562 κατὰ
580 1520 617 1561 το
634 1494 803 1578 ἱστορικὸν
819 1497 919 1583 μέρος
939 1494 1129 1567 ἀσύστατον
1144 1496 1221 1569 εἶναι

90 1580 153 1667 τήν
172 1578 410 1667 γραμματικήν.
458 1582 616 1669 Frugcm
637 1582 866 1649 Cleautbeom
895 1590 1030 1671 appellat
1057 1589 1151 1672 polita
1170 1588 1222 1653 do-

90 1670 217 1733 ctrinam
237 1672 370 1734 ethicam
388 1670 455 1734 sive
472 1671 623 1735 virtutem.
666 1670 756 1733 Philo
778 1670 914 1735 Judaeus
939 1674 972 1735 in
994 1675 1148 1753 allegoriis
1166 1697 1222 1739 non

88 1756 237 1836 frugibus
257 1756 315 1819 sed
328 1774 426 1834 areae·
446 1756 479 1817 in
492 1778 584 1840 quam
598 1758 700 1835 fruges
716 1771 929 1836 congeruntur,
951 1758 1098 1821 virtutem
1110 1760 1222 1823 assimi-

62 1852 65 1857 ’
88 1842 141 1919 lat,
163 1842 378 1927 profectumin
393 1843 502 1905 virtute
513 1842 615 1927 spicis,
636 1840 774 1903 indolem
788 1864 873 1919 arvo,
889 1843 963 1906 vitia
975 1844 1111 1907 tribulis:
1135 1847 1222 1931 ipsius

90 1930 185 1993 verba
204 1926 389 1991 adscribam:
419 1922 537 2006 ἀρετὴν
557 1924 785 2009 προσβέβληκε
803 1928 844 2011 τῇ
863 1923 944 2013 ἅλῳ·
976 1926 1223 2013 συγκεκόμισται

90 2007 155 2093 γὰρ
174 2006 219 2087 ὥς
235 2010 383 2089 ἐνταῦθα
399 2006 418 2074 ὁ
436 2007 580 2092 κυρτὸς,
603 2007 692 2077 οὕτω
706 2011 763 2076 καὶ
779 2009 815 2076 ἐν
827 2015 868 2097 τῇ
882 2015 944 2076 τοῦ
959 2017 1073 2096 σοφοῦ
1088 2012 1222 2101 ψυχῇ-τὰ

91 2092 193 2161 καλά·
224 2095 362 2181 στάχοσι
384 2095 419 2160 δὲ
442 2092 503 2179 τὴν
523 2094 717 2181 προκοπήν,
745 2094 816 2162 ἐπεὶ
841 2098 898 2162 καὶ
925 2094 1085 2181 ἑκάτερον
1111 2098 1223 2183 distes,

91 2178 268 2264 ἐφιέμενον
289 2180 501 2258 cusiriacus·
537 2181 639 2266 πεδίῳ
663 2178 703 2247 tt
726 2179 788 2266 τὴν
811 2178 979 2265 εὐφυΐαν,
1009 2182 1063 2253 ὅτι
1080 2182 1224 2271 εὐπαρα-

92 2267 206 2345 δεκτος
221 2263 416 2350 σπερμάτων
432 2264 535 2343 ἐστὶν,
557 2264 697 2332 ἕκαστον
717 2265 753 2333 δὲ
778 2271 844 2333 τῶν
869 2273 991 2334 παθῶν
1017 2267 1173 2355 τριβόλια-
1188 2272 1225 2339 sl·

93 2374 194 2436 ρηκεε
213 2354 270 2418 sed
283 2356 345 2417 hoc
362 2355 478 2432 simile,
500 2375 562 2438 quo
576 2356 747 2416 humanum
765 2356 921 2437 ingenium
942 2378 1017 2437 agro
1033 2372 1225 2445 comparatur,

92 2461 186 2502 nemo
202 2452 342 2504 veterum
361 2440 485 2503 uberius
507 2440 669 2522 explicavit
693 2460 786 2524 quam
806 2440 913 2503 doctor
932 2442 999 2526 ipse
1020 2442 1227 2509 doctorumin

93 2525 254 2587 notissima
279 2527 424 2609 parabola
445 2536 476 2587 et
490 2524 692 2607 Hippocrates
711 2528 744 2587 in
759 2527 841 2606 Lege
860 2533 898 2601 [c.
916 2527 958 2603 tl
1006 2526 1227 2593 Cleantheom

50 2649 59 2657 -
94 2608 171 2671 dixit
184 2632 239 2695 pro
254 2608 376 2687 Stoica,
398 2609 544 2692 quoniam
560 2608 722 2673 Cleanthes
741 2611 876 2674 Zenonis
898 2614 956 2674 fuit
975 2611 1143 2701 discipulus
1156 2618 1229 2681 inter

92 2691 174 2771 τούς
186 2688 495 2777 κορυφαιοτάτους,
513 2694 612 2755 immo
637 2707 667 2757 et
687 2717 844 2759 successor
856 2698 1003 2763 Zenonis.

180 2778 234 2845 hh·
251 2778 367 2843 Perire
384 2776 466 2843 hinc
478 2777 689 2863 juvenesque
707 2776 870 2867 senesque
884 2779 1011 2845 Finem
1025 2784 1144 2851 animo
1157 2808 1228 2853 cer·

95 2868 192 2945 εντα]
215 2866 448 2951 Philosophiam
461 2864 501 2928 dc
514 2865 624 2930 virtute
638 2868 827 2945 amoribus,
846 2872 930 2947 cujus
943 2871 1087 2973 prioceps
1099 2874 1227 2960 quaeaiu

43 2959 150 3017 897est
167 2950 207 3015 de
224 2951 407 3016 stabiliendo
429 2962 512 3013 recto
534 2952 614 3030 fine3
636 2964 706 3013 ante
724 2951 840 3015 dictum
855 2956 938 3018 satis.

180 3036 234 3117 65.
259 3033 606 3121 Miserisqucviatica
623 3035 741 3116 carris]
762 3038 915 3101 Praesidia
927 3041 999 3103 hinc
1020 3042 1230 3127 pctitcadrer-

94 3143 147 3186 sus
164 3144 202 3186 ea
216 3125 314 3201 mala,
336 3124 446 3208 quibus
465 3122 600 3184 obnoxia
619 3120 838 3187 dissolutorum
854 3126 966 3189 misera
980 3142 1140 3194 senectus:
1160 3132 1230 3195 hoec
1262 3122 1265 3129 ¹

94 3208 154 3272 illis
175 3210 326 3295 prioribus
346 3207 544 3295 respondent,

181 3290 252 3355 Sed
268 3314 346 3355 cum
361 3290 522 3378 lapidoso
536 3292 709 3380 cheragra
723 3306 789 3374 etc,

95 3389 130 3440 ut
140 3379 184 3441 ibi
196 3382 410 3442 monebamus.
455 3378 511 3442 Est
522 3391 627 3442 autem
640 3402 703 3443 vox
714 3381 881 3445 Aristotelis
894 3386 962 3460 vel,
977 3396 1020 3447 ·ut
1036 3380 1157 3451 Basilio
1169 3390 1230 3473 pla-

96 3474 153 3542 cet,
174 3464 310 3543 Biantis,
328 3460 511 3529 Ἡπυιδεία
531 3459 709 3529 κάλλιστον
723 3468 771 3551 τῷ
784 3463 871 3551 γήρᾳ
886 3463 1047 3550 ἐφόδιουι
1068 3494 1131 3557 quo
1147 3474 1230 3539 vids-

96 3561 187 3613 tutet
200 3550 333 3613 Lucilius
354 3572 392 3613 eo
412 3571 503 3614 versu
518 3552 671 3614 allusisse:
691 3549 983 3638 Prospicieadum
1001 3554 1050 3619 ιά,
1061 3569 1231 3623 senectam

96 3655 188 3698 nunc
211 3632 248 3699 ἰα
267 3632 507 3699 odolescentia
530 3643 581 3696 est
603 3635 656 3724 [an
681 3640 758 3700 haec
779 3643 952 3719 conjectura
974 3640 1072 3709 cau?
1101 3644 1231 3711 Aliteriu

98 3719 169 3785 edd.
190 3720 352 3799 XXVIII,
373 3724 410 3785 fr.
425 3720 508 3801 40.];
530 3722 590 3783 alio
616 3743 709 3784 sensu
731 3736 832 3808 patres
849 3730 998 3801 monebat
1023 3728 1103 3793 olim
1114 3732 1231 3817 Aristip-

96 3828 164 3891 pus,
185 3820 325 3892 pararent
340 3808 442 3871 liberis
458 3805 610 3887 ejusmodi
625 3808 750 3886 viatica,
772 3832 850 3895 quae
863 3812 955 3874 etiam
969 3834 987 3874 e
1003 3818 1165 3897 naufragio
1178 3837 1231 3879 rma

97 3903 224 3977 possent
248 3905 382 3955 enatare:
408 3892 640 3978 philosophiam
660 3894 850 3973 significans:
874 3899 942 3978 lege
961 3898 1121 3965 Laiirdum
1139 3900 1231 3982 [11,s,

97 3998 123 4039 s.
159 3977 247 4057 92i]
283 3986 316 4041 et
341 3978 519 4042 Vitruvium
549 3979 583 4039 in
611 3981 799 4063 praelatione
830 3983 899 4045 libri
923 3985 1012 4047 sexti.
1068 3986 1231 4052 Menander

25 4102 28 4107 -
99 4061 246 4144 [μονοστ.
269 4064 360 4143 404]:

181 4142 219 4211 ‘0
234 4144 341 4228 σοφὰς
355 4144 391 4223 ἐν
409 4142 500 4232 αὐτῷ
515 4143 685 4229 περιφέρει
707 4145 768 4232 τήν
789 4144 920 4219 ariolus.

185 4236 238 4299 66.
265 4231 351 4299 Cras
365 4228 521 4327 hocflct:
542 4231 638 4295 idem
658 4233 839 4321 massica]
868 4239 1105 4306 Procrastinstiu
1123 4246 1231 4307 malum

98 4322 190 4382 letale
213 4322 397 4398 juventutis,
433 4342 511 4404 quae
534 4341 575 4383 ne
603 4322 714 4401 cogitat
743 4321 886 4407 quidem,
910 4326 943 4387 in
962 4330 1076 4405 jactura
1094 4329 1230 4415 temporis

98 4417 247 4491 quantrun
268 4406 417 4471 darnouru
444 4408 510 4469 liat:
540 4408 629 4487 hujus
649 4409 757 4473 erroris
778 4408 827 4473 sui
849 4410 936 4494 illam
954 4412 1078 4483 Persius
1096 4416 1165 4481 heic
1181 4410 1230 4479 ud-
