2700 4972
58 342 62 348 ’
149 454 152 459 ,
230 314 235 321 “
288 369 535 438 asismat
556 354 773 445 noemi
792 316 1123 447 immotos.
1174 373 1239 435 saa
1293 407 1295 414 ·

186 549 240 612 78.
263 532 356 607 Rem
370 539 533 627 duplica.-
552 537 647 627 feci.-
658 541 741 628 jam
756 539 894 628 triplex,
903 541 988 630 jam
1000 538 1090 605 miti
1103 551 1236 628 quarto,
1269 534 1274 540 ’

99 625 184 692 Jam
204 627 319 698 deciee
341 625 489 693 reditio
510 629 660 714 rugam]
690 628 833 692 Eandem
848 631 1032 693 sententiam
1047 629 1114 693 aliis
1135 629 1243 693 verbis·

98 727 207 779 tractat
223 716 315 780 Musa
327 714 489 781 Venusina
506 716 592 801 epist.
605 715 664 778 VI.
684 717 754 778 libri
772 717 897 800 primis,
919 737 951 780 v.
966 714 1008 781 34
1022 737 1085 800 μεμε

229 801 332 870 Mitte
351 800 487 865 talenta
502 797 741 876 rotundentur,
761 798 905 864 totidem
919 800 1045 878 altera,
1056 802 1160 885 porro
1170 800 1288 883 [et1558
1345 824 1348 832 ·

232 885 355 953 Tertia
373 883 562 951 succedant
578 897 612 950 et
631 906 815 974 quaepars
831 882 977 977 quadret
993 907 1169 951 acervum.

185 1059 271 1121 Haec
295 1061 361 1121 sere
384 1059 453 1121 loca
481 1069 552 1122 sunt
573 1059 608 1120 in
632 1059 692 1121 hac
720 1058 1048 1143 praestantissimorum
1073 1057 1237 1144 poetarum
1322 1134 1325 1139 ,

97 1146 188 1226 biga,
209 1166 287 1231 quae
308 1145 387 1209 inter
400 1166 435 1207 se
457 1143 662 1231 comparanda
681 1145 851 1210 memoriae
867 1146 996 1209 entheca
1013 1147 1103 1209 nobis
1124 1167 1237 1227 sugge-

95 1235 200 1312 rebat3
234 1233 322 1317 plura
347 1230 413 1295 istis
437 1231 566 1294 fortasse
588 1229 679 1311 digna
707 1233 871 1297 observatu
895 1228 1140 1295 antmadvatent
1168 1232 1236 1313 aliie¹

96 1319 190 1382 nobis
206 1317 258 1379 ille
278 1317 381 1403 potius
397 1316 534 1378 animum
551 1317 675 1380 incessit
692 1329 809 1396 metus,
832 1339 872 1379 ne
891 1316 923 1378 in
942 1317 1003 1379 hoc
1021 1317 1145 1398 negotio
1166 1314 1249 1398 dili-

96 1403 250 1485 gentiores
263 1424 356 1488 quam
366 1423 421 1488 par
434 1414 505 1481 erat,
527 1401 694 1466 fastidiosis
708 1414 738 1465 et
754 1397 931 1483 ἆψικόροις
948 1403 1111 1466 lectoribus
1127 1402 1236 1468 videe-

94 1512 167 1552 mur
181 1488 276 1552 fuisse
284 1513 295 1548 s
313 1486 412 1551 solide
425 1485 532 1552 doctos
549 1500 580 1551 et
596 1487 742 1551 candidos
761 1490 970 1552 aestimatores
989 1510 1055 1552 non
1072 1499 1248 1570 negaturos¹

96 1573 297 1654 confidimus,
325 1572 503 1654 hujusmodi
531 1574 610 1647 sive¹
625 1569 823 1659 μιμημάτων
852 1576 919 1640 sive
947 1569 1235 1656 ξυνεμπτωμάτων

70 1732 74 1741 ,
94 1661 345 1726 observationem
366 1671 397 1724 et
418 1657 459 1723 ad
478 1660 709 1742 intelligentiam
733 1661 871 1747 ipsorum
911 1658 1051 1724 ottanum
1069 1661 1235 1746 plurimum

95 1750 253 1824 conferre,
273 1758 306 1810 et
323 1747 385 1809 hoc
404 1746 552 1848 amplius,
574 1744 617 1809 ad
635 1759 718 1810 recte
736 1683 954 1812 instituendam
974 1758 1115 1815 veterum
1132 1747 1235 1811 imita-
1318 1808 1324 1815 .

93 1834 214 1898 tionem
232 1854 298 1898 non
317 1828 512 1923 mediocriter
531 1829 711 1898 conducere.
790 1848 792 1853 ’

277 2170 281 2179 ·
344 2138 406 2236 Τῷ
430 2139 492 2215 ἐπὶ
524 2139 616 2217 πᾶσι
650 2134 740 2227 δόξα,
769 2142 832 2218 καὶ
865 2135 1010 2240 χᾶριςὶ·
