2700 4972
386 306 975 426 connumeruntur(
1131 412 1136 419 .
1187 295 1233 431 es
1317 436 1332 468 ἡ

42 526 44 532 ’
92 530 161 609 jem
181 524 261 591 olim
280 547 332 609 gra
354 526 425 594 hice
445 524 604 615 descripsit
623 526 819 593 Democritus
837 526 922 618 apud
944 529 1180 623 Hippocratem,
1199 520 1252 599 ln¹
1278 562 1281 567 ·

94 612 291 679 nobilissime
371 612 580 696 Damigeum
599 616 729 701 epistola
751 614 801 693 [Τ.
820 613 862 679 ll.
882 621 991 703 puts
1011 639 1047 703 eq
1070 662 1077 678 .
1098 617 1149 681 ed.
1170 640 1234 685 van

101 697 225 779 Lind]:
255 699 310 763 ubi
338 701 496 767 iamiliuris
524 701 584 765 sibi
612 701 691 765 risus
719 723 859 785 neumam
886 702 1016 789 explicat
1043 639 1233 791 iiippocrati.

95 777 245 849 Poterant
267 784 329 851 buc
350 788 475 868 congeri
497 808 537 850 ex
560 784 685 850 Graecis
712 787 887 873 Latinisque
912 789 1108 876 scriptoribus
1126 794 1233 853 'multa

96 871 207 935 similia
228 871 413 934 sententiae:
441 871 498 937 sed
520 873 589 957 quia
609 872 786 952 hujusmodi
814 870 964 956 γνωμικιὶ
985 876 1129 938 omnibus
1147 888 1232 959 nota,
1248 886 1285 941 38

95 978 163 1020 non
182 958 375 1021 committam
395 979 497 1044 neque
515 959 585 1021 heic
606 980 706 1043 neque
727 960 794 1022 aliis
814 960 965 1023 similibus
985 962 1070 1040 locis,
1092 972 1127 1023 ut
1146 961 1180 1024 in
1200 984 1234 1026 re

96 1064 162 1107 non
182 1044 356 1107 cesenam
375 1065 581 1130 supervacuae
601 1043 776 1124 diligentiae
795 1045 920 1108 laudem
939 1043 1047 1111 videar
1062 1048 1236 1119 affectasset
1284 1120 1287 1127 ,

96 1131 194 1193 multa
217 1122 354 1207 ciborium
375 1133 554 1217 complexus
573 1129 808 1197 facundissimus
828 1132 876 1194 vir
895 1130 1031 1196 Joanues
1049 1131 1235 1217 chrysosto-

75 1226 170 1279 ‘mus
192 1214 332 1279 Humilia
352 1214 399 1281 X.
419 1217 451 1279 in
474 1236 544 1291 sam
566 1214 606 1278 ad
623 1217 793 1280 Hebraeos.
827 1215 921 1294 [Pass.
941 1240 973 1302 p.
995 1223 1058 1284 239
1082 1222 1175 1283 refert
1193 1217 1237 1289 ad

96 1300 390 1377 inaniabomiumn
415 1323 482 1365 non
507 1300 548 1365 ad
574 1302 683 1387 poesin
709 1314 853 1365 natorum
880 1303 996 1383 studia,
1025 1305 1136 1390 quibus
1163 1308 1235 1369 eam

95 1389 208 1450 muna
236 1387 389 1450 affectent.
432 1385 498 1451 Sed
549 1387 604 1451 uid
629 1399 697 1449 tum
727 1387 764 1451 in
783 1385 904 1454 rebus?
942 1388 986 1452 Ut
1005 1401 1142 1453 nectatur
1163 1412 1235 1455 cum

95 1472 314 1543 interlocutore
337 1466 496 1555 triturae
524 1409 564 1537 de
584 1472 691 1537 Satiris
708 1473 892 1553 scribendis,
920 1477 1091 1562 auspicatur
1110 1479 1181 1539 loco
1201 1479 1235 1539 in

95 1558 159 1623 boc
180 1568 294 1639 genere
316 1560 490 1638 communi,
522 1557 604 1622 unde
625 1560 817 1639 cognoscitur
837 1560 910 1646 quid
932 1564 972 1624 sit
991 1561 1076 1647 quod
1095 1565 1159 1642 jam
1180 1583 1236 1643 agq

97 1642 266 1725 mediatur:
286 1666 326 1707 ex
345 1646 567 1724 objectionibus
578 1646 706 1708 demum
726 1645 947 1711 interlocutoria
968 1647 1024 1721 (ita
1040 1659 1120 1715 certe
1133 1645 1236 1751 lingit)
1316 1676 1322 1683 ·

96 1730 234 1795 exoritm·
245 1728 362 1794 Salinae
375 1733 466 1811 hujus
479 1733 636 1817 proprium
649 1743 870 1811 argumentum.
908 1731 966 1796 cui
984 1734 1235 1819 interpretationi,

96 1836 191 1901 marn
204 1819 307 1879 solam
323 1838 391 1881 esse
413 1839 453 1880 ex
472 1828 579 1880 mente
591 1816 687 1880 Persii
704 1818 840 1895 arbitror,
861 1819 989 1880 mirifice
1009 1822 1093 1882 savet
1114 1820 1237 1901 egregia

96 1904 273 1983 conjectura
294 1899 333 1966 G.
355 1902 389 1967 Ρ.
410 1902 601 1985 (Pinzgerii)
621 1903 656 1966 in
672 1899 805 1989 prem.
829 1901 899 1967 Jen.
923 1907 1016 1970 1823.
1038 1927 1068 1990 p.
1095 1909 1155 1969 130
1168 1926 1242 1991 sqq.=

95 1988 185 2075 lpus
205 2008 332 2053 versum
353 2008 422 2052 esse
442 1990 551 2052 Lucilii
572 2009 590 2051 e
610 1988 711 2074 primo
733 1987 814 2069 Sat.;
840 2010 914 2051 nam
935 1990 1086 2067 inbono,
1116 2011 1185 2052 non
1200 1991 1237 2054 in

96 2076 229 2139 alterum
250 2078 416 2139 contenire
436 2074 520 2161 quod
549 2075 582 2137 iu
608 2076 706 2137 schol.
736 2076 867 2154 legatur:
897 2073 1000 2139 Hune
1023 2097 1163 2141 versum
1191 2073 1238 2145 do
1296 2061 1302 2084 ’
1339 2080 1341 2087 ’

95 2157 229 2226 Ιιιιοίἰίἱ
238 2160 361 2247 primo
373 2159 562 2225 transtulit.
604 2159 713 2244 Neque
732 2160 888 2245 improbat
901 2160 947 2224 Pl.
969 2183 999 2247 p.
1020 2161 1082 2243 dd]
1228 2162 1231 2167 ’

73 2262 77 2269 “
184 2244 565 2333 2·⁸Qu1islegetlaaeo?]
587 2244 690 2326 Fingit
708 2244 830 2308 Persius
853 2246 956 2309 defixo
977 2248 1037 2311 sibi
1057 2247 1090 2309 in
1110 2246 1160 2311 bis
1181 2267 1237 2310 co-

97 2329 294 2413 gitationibus
321 2352 358 2394 uc
381 2333 482 2419 priore
507 2354 598 2397 versu
625 2336 689 2411 jam
715 2331 827 2417 scripto
860 2334 1074 2417 supervenisse
1093 2334 1236 2419 aliquem,

96 2417 150 2504 qui
170 2438 228 2482 eos
248 2438 356 2481 secum
376 2438 535 2481 sermones
555 2419 709 2496 babuerit,
738 2439 816 2503 quos
843 2416 988 2504 deinceps
1011 2422 1112 2483 refert.
1156 2418 1238 2482 Tota

97 2502 184 2569 enim
204 2501 303 2567 Satira
324 2504 419 2567 instar
437 2503 552 2585 dialogi
570 2503 728 2583 cujusdam
752 2515 799 2566 est
828 2515 983 2583 contexta,
1009 2507 1067 2567 etsi
1086 2524 1237 2590 personae

97 2590 258 2676 appositae
278 2611 343 2653 non
364 2600 450 2661 sunt:
492 2589 557 2652 uod
576 2611 670 2675 saepe
690 2589 829 2652 invenire
850 2601 897 2652 est
915 2589 998 2675 apud
1018 2589 1127 2675 poiitas
1147 2611 1238 2675 prae-
1326 2592 1329 2599 ’

87 2676 204 2741 aarum
223 2676 371 2755 sabricos,
391 2677 455 2741 inte
491 2698 545 2739 um
566 2675 659 2739 etiam
680 2674 762 2761 apud
783 2675 987 2762 philosophos
1008 2687 1039 2738 et
1066 2679 1237 2762 sophistasg

98 2761 152 2825 ubi
166 2780 302 2843 magnae
323 2761 461 2825 oriuntur
479 2760 652 2847 aliquando
679 2763 824 2824 tenebrae
854 2782 895 2823 ex
921 2764 1095 2847 perturbata
1118 2763 1237 2824 ratione

96 2866 315 2933 personarum,
341 2848 420 2911 sicut
443 2848 558 2929 insigni
579 2849 723 2932 exemplo
755 2868 852 2933 nuper
879 2844 919 2909 ad
940 2845 1078 2909 Dionem
1101 2845 1237 2930 Chryso-

96 2944 236 2999 stonm
258 2932 303 3014 [ln
323 2930 500 3013 Distribo,
523 2932 564 3005 Τ.
578 2931 609 2997 ll
629 2933 746 3013 trena]
771 2931 967 2997 docebamus.
1011 2931 1101 2996 Idem
1116 2945 1147 2996 et
1166 2933 1237 2997 heic

98 3017 223 3083 eccidit:
254 3019 413 3105 proximos
439 3020 523 3083 enim
551 3040 658 3084 versus
684 3019 718 3080 in
745 3018 958 3081 vetustissimis
985 3032 1107 3103 quoque
1134 3040 1238 3081 meru
1324 3094 1327 3099 Ι

97 3105 201 3171 breuis
222 3126 385 3193 perperam
405 3104 563 3169 distinctos
582 3103 784 3167 offendimus:
812 3105 895 3188 atqui
915 3105 999 3165 nulla
1019 3115 1084 3165 erat
1104 3102 1238 3167 difficul-

97 3201 157 3255 tn:
176 3210 255 3255 nam
275 3203 394 3276 praeter
410 3193 491 3265 ‚haec
512 3211 626 3276 pauca:
652 3187 736 3273 Quia
752 3187 843 3274 leget
856 3183 965 3253 leaeo?
986 3199 1017 3250 et
1034 3211 1135 3251 nemo
1148 3186 1238 3253 Her·-

97 3275 192 3341 ouler
213 3274 327 3339 deinde
346 3273 389 3340 V
384 3274 418 3340 el
438 3275 506 3340 dno
521 3273 579 3340 vel
592 3296 710 3340 nemo:
729 3272 853 3337 durum
869 3282 902 3336 et
917 3271 1130 3338 miserabile:
1150 3275 1236 3355 item,

96 3357 200 3439 Nolo,
220 3363 328 3425 omnia
347 3374 419 3426 sunt
439 3363 536 3426 Persii
557 3360 597 3424 ad
617 3362 669 3424 illa
690 3381 805 3445 usque:
827 3357 1043 3445 Aipulorum
1059 3370 1110 3423 eat
1125 3357 1238 3446 digito

97 3447 299 3512 monstrari.
341 3432 412 3511 Nob
438 3452 519 3511 mala
549 3458 654 3510 autem
682 3447 807 3509 affertur
825 3446 918 3524 ratio,
951 3466 1004 3508 cur
1032 3467 1049 3507 a
1077 3444 1238 3509 scribenda

96 3530 198 3599 Smer
219 3531 363 3597 deterreri
383 3532 496 3597 debeat
516 3533 651 3599 Persius:
674 3533 776 3595 omnis
798 3530 883 3594 euim
903 3531 1073 3616 scriptionis
1096 3532 1165 3594 linis
1192 3542 1239 3595 est
1317 3578 1320 3583 ,

96 3619 200 3699 lectio,
220 3640 286 3683 non
305 3640 361 3705 per
377 3641 415 3684 se
428 3619 564 3706 quidem,
585 3640 694 3684 vemm
713 3617 797 3696 ideo,
817 3617 888 3702 quia
900 3617 1021 3695 utilitas,
1044 3637 1136 3765 Ἓεω
1148 3638 1239 3703 prae-

97 3705 187 3791 cipue
207 3717 398 3792 spectsmus,
425 3708 508 3769 nulla
529 3717 631 3793 potest
651 3705 719 3769 sine
740 3702 870 3766 lectione
891 3703 1014 3787 percipi.
1085 3714 1238 3767 stantem

97 3792 245 3877 sapientis
263 3802 419 3870 namnam,
440 3813 519 3876 quae
540 3793 617 3854 nihil
636 3795 745 3854 frustra
766 3788 847 3866 lacit,
868 3787 901 3848 in
923 3789 1009 3849 omui
1029 3790 1150 3851 actione
1169 3809 1240 3852 sus-

98 3876 240 3963 cipiendis
259 3877 386 3941 imitari:
419 3880 540 3941 sublato
561 3878 653 3958 igitur
671 3874 844 3963 scriptionis
866 3873 929 3934 line
950 3873 1079 3935 efficitur
1098 3875 1240 3960 scriptio-

97 3984 171 4027 nem
193 3984 263 4027 esse
280 3984 512 4049 supervacuam,
534 3983 625 4048 aqua
640 3963 688 4026 vir
703 3960 826 4046 sapiens
841 3956 950 4021 debeat
971 3960 1136 4023 abstineret
1159 3963 1238 4022 haee
1253 3973 1290 4029 39

98 4048 226 4134 quidem
246 4059 344 4129 secter
369 4049 428 4113 sed
445 4050 507 4112 alio
529 4059 647 4135 spectat
665 4048 716 4110 bic
737 4046 889 4134 monitor,
911 4046 1068 4108 utstatim
1086 4046 1239 4108 indicatu-

98 4156 149 4200 rus
169 4146 219 4199 est
239 4133 369 4199 Persius.
418 4194 424 4207 ,
1284 4140 1287 4147 “

185 4219 273 4285 Mirc'
295 4229 328 4283 tn
348 4217 445 4285 istud
457 4217 550 4303 aial]
571 4218 692 4283 Dicitur
718 4216 780 4280 boc
800 4232 821 4279 e
841 4213 965 4296 Persio,
992 4218 1034 4281 ob
1055 4236 1169 4281 rocem
1189 4237 1240 4279 re
1289 4222 1292 4231 '
1336 4216 1339 4221 ’

99 4306 408 4391 μηίίιιιιιι,αῒῐουίῖο
430 4309 512 4386 ejus,
540 4328 635 4394 quem
654 4303 811 4375 nesciebat
835 4300 944 4366 adesse
963 4313 1101 4371 autnon
1121 4303 1239 4384 eogita-

100 4389 900 4478 bst,ineequanrdiximusmeditatiosetoms.
1128 4424 1133 4433 ι
1335 4397 1338 4401 “

131 4502 136 4508 ·
184 4473 315 4560 Neam,
340 4474 506 4557 Hecale,
527 4474 672 4559 Μηιοῖ]
700 4476 787 4541 Haec
806 4473 850 4537 ita
871 4471 1084 4625 ditingpepds
1102 4483 1140 4538 et
1157 4472 1241 4539 sext,
