2700 4972
210 354 509 421 .lsaac1
556 352 972 428 cnsaUBOttl.
1127 392 1202 435 xvir

58 539 182 617 spectus
188 574 202 605 ‚
232 549 342 594 verum
360 526 454 597 etiarn
476 528 624 610 cogitatus
642 524 791 605 emendes
808 546 845 590 ac
863 548 1022 619 censuram
1042 556 1201 621 exerceam

13 692 16 723 ξ
59 652 163 717 neque
187 630 349 716 qnisquam
367 627 468 693 adbuc
488 641 553 694 tam
574 633 745 695 malevolus
765 639 819 693 aut
840 629 965 719 invidus
986 646 1034 723 ast
1055 654 1200 726 repertus,

12 768 15 805 ;
58 734 112 823 qni
125 732 252 799 Curiam
264 731 520 814 ingredientibus,
545 738 628 814 cujus
642 745 688 798 tot
702 736 765 812 jam
778 751 877 796 annos
893 734 1033 826 princeps
1048 763 1097 823 es,
1117 745 1202 811 aliud

60 836 233 925 optandum
245 837 413 911 existimet,
441 836 503 899 nisi
514 847 548 898 ut
563 835 602 899 ad
615 847 703 898 tuum
713 857 748 900 se
763 832 889 897 ductum
904 840 1070 923 applicent,
1095 855 1127 908 te
1140 848 1202 910 mi-

58 952 163 1005 rentur
174 950 384 1027 praesentem,
394 936 446 1005 ,de
459 949 491 1001 te
505 939 638 1019 cogitent
648 941 784 1005 absente.
826 940 867 1003 Et
881 951 984 1006 tamen
996 948 1202 1015 venerationis

59 1046 159 1125 hujus,
181 1062 276 1128 quam
290 1060 399 1104 ornnes
414 1037 537 1104 ordines
550 1039 662 1104 debere
672 1063 707 1105 se
721 1043 776 1106 tibi
790 1053 821 1106 et
830 1043 963 1108 fatentur
975 1058 1006 1108 et
1016 1050 1134 1133 prolixe
1146 1074 1202 1115 ex-

59 1146 184 1221 hibent,
204 1144 282 1207 nihil
299 1151 400 1230 potest
420 1144 497 1205 haec
518 1143 658 1222 canities,
686 1145 822 1231 alioquin
839 1148 1037 1229 venerabilis,
1064 1152 1121 1215 tibi
1140 1154 1203 1217 im-

60 1260 180 1337 putare:
214 1266 295 1332 quae
306 1246 392 1310 enim
409 1238 560 1308 rarissima
577 1248 644 1308 laus
660 1257 720 1326 est,
749 1248 867 1335 inipso
882 1250 1105 1317 adolescentiae
1124 1256 1202 1321 flore

60 1374 114 1440 pro
127 1349 214 1414 canis
227 1349 273 1412 tui
286 1369 389 1412 mores
400 1348 457 1410 tibi
473 1350 609 1428 fuerunt,
633 1351 697 1428 jam
716 1360 804 1429 tunc,
836 1373 907 1413 cum
929 1353 984 1417 vix
1001 1367 1133 1421 aetatem
1151 1360 1202 1423 in.-

61 1475 178 1536 gressus
199 1452 322 1549 vigilem
332 1450 517 1532 Augustoriti
535 1448 697 1513 Pictonum
719 1450 957 1518 extraordinario
978 1478 1050 1520 cum
1069 1460 1201 1547 imperio

61 1561 105 1637 jus
117 1555 226 1619 dicens
240 1554 403 1633 severitate
420 1551 722 1617 animadversionum
736 1556 768 1617 in
782 1559 1010 1644 potentissimos
1024 1583 1094 1626 reos
1107 1577 1137 1627 et
1151 1566 1202 1629 in-

61 1658 208 1725 exorabili
231 1678 365 1743 vereque
379 1656 516 1721 Achilleo
536 1652 633 1719 animi
650 1659 761 1721 robore
771 1673 883 1724 ‘contra
899 1662 1025 1742 gratiam
1039 1666 1200 1732 autminas

62 1763 202 1843 omnium
215 1762 322 1825 oudos
333 1760 367 1823 in
378 1770 410 1823 te
423 1757 609 1824 convertisti.
651 1754 758 1839 Quare
785 1775 945 1849 cumpost
968 1767 1083 1850 aliquot
1102 1790 1200 1835 annos

61 1865 296 1951 christophorus
307 1860 473 1941 Theanus,
500 1860 607 1923 illustri
620 1858 713 1925 laude
728 1863 776 1927 vir
789 1866 986 1952 conspicuus,
1015 1870 1123 1933 orbam
1138 1870 1200 1935 Gu-

62 1970 134 2033 riam
147 1979 179 2031 et
192 1967 241 2031 sui
256 1962 407 2028 desiderio
422 1956 580 2044 lugentem
600 1962 685 2027 diem
702 1986 881 2052 supremum
900 1970 1008 2033 obiens
1021 1972 1199 2058 reliquisset,

62 2093 121 2135 non
143 2069 264 2158 putavit
279 2068 429 2130 Henricus
448 2066 503 2130 ΠΙ.
525 2088 593 2130 esse
614 2068 823 2152 quaerendum
842 2070 916 2150 sihi,
945 2094 1073 2159 ecquem
1093 2076 1126 2138 in
1144 2078 1199 2142 illo
1286 2138 1289 2143 .

63 2174 184 2241 sublimi
206 2171 359 2254 dignitatis
382 2170 504 2250 fastigio
531 2171 708 2235 collocaret:
747 2194 826 2236 unus
849 2173 934 2237 enim
960 2187 994 2237 tu
1020 2182 1200 2246 occurrebas

63 2277 170 2361 dignus
190 2278 244 2362 qui
263 2275 350 2354 viro,
377 2272 623 2360 incomparabili,
652 2274 768 2359 absque
793 2286 826 2337 te
851 2275 974 2354 fuisset,
1005 2278 1199 2346 succederes:

63 2404 117 2469 qna
129 2383 164 2445 in
176 2380 308 2444 statione
322 2400 400 2463 quae
422 2388 453 2441 et
472 2387 584 2462 quanta
597 2377 780 2463 sapientiae,
807 2376 987 2465 prudentiae
1002 2391 1033 2443 et
1046 2382 1200 2447 fortitudi-

62 2485 107 2550 nis
121 2484 211 2561 (nam
225 2492 256 2545 et
270 2484 329 2544 hac
343 2502 399 2566 per
415 2478 624 2543 conditionem
642 2480 836 2567 superiomm
852 2491 1035 2569 temporum
1045 2506 1124 2571 opus
1143 2488 1200 2550 tibi

62 2585 129 2671 tuit)
143 2588 289 2670 exempla
308 2581 457 2661 edideris,
486 2580 577 2647 unius
595 2582 744 2669 epistolae
764 2586 910 2666 angtmtiis
925 2588 1007 2649 velle
1028 2590 1199 2675 complecti,

62 2713 107 2755 rea
124 2694 237 2769 longae
255 2686 417 2764 historiae,
446 2687 508 2747 hoc
527 2676 663 2751 vero'ait
676 2684 797 2771 regedlq
819 2682 948 2771 acccipe
969 2683 1053 2772 μέγα
1079 2693 1201 2790 λαῖτμος

62 2787 240 2874 θἀλάσσης.
260 2820 263 2829 ·
282 2790 409 2853 Maneat
423 2788 587 2851 Annalium
606 2786 780 2853 conditores
800 2791 877 2853 haec
900 2812 986 2854 cura:
1015 2814 1147 2877 quorum
1166 2808 1201 2859 ut

62 2896 187 2985 quisque
211 2893 267 2957 erit
279 2891 415 2956 veritatis
431 2890 674 2971 amantissimus,
702 2892 819 2979 patriae
843 2893 987 2957 charitate
1011 2896 1201 2961 ferventissi-

38 3064 42 3071 ,
84 3002 88 3009 '
140 2999 209 3076 vel,
231 2995 344 3057 utaliis
359 2992 462 3059 verbis
475 2992 560 3057 idem
572 2993 690 3073 dicam,
721 2994 978 3060 christianissimo
995 2996 1075 3078 Regi
1093 3012 1199 3066 nostro

62 3018 295 3177 idiotismus,
320 3096 354 3158 in
371 3106 492 3158 tuarum
516 3096 643 3159 laudum
663 3098 956 3160 commemoratione
978 3101 1128 3184 plurimus
1154 3114 1201 3167 est
1263 3150 1266 3155 -

63 3208 186 3267 intuma.
219 3198 287 3265 Nos
300 3200 430 3277 interea,
452 3198 536 3284 quod
550 3198 671 3271 assidue
683 3199 828 3278 facimus,
856 3199 962 3264 Deum
975 3201 1071 3268 OPT.
1090 3203 1199 3270 Max.

64 3305 288 3382 venerabimur,
311 3303 500 3390 amplissimo
513 3302 632 3365 senatui
648 3313 680 3365 et
691 3302 833 3367 universo
852 3323 946 3383 regno
961 3304 1149 3373 incolumem
1167 3321 1199 3375 te

9 3441 11 3454 .
64 3432 150 3495 quam
164 3406 336 3469 diutissime
348 3417 501 3492 praestetg
521 3404 748 3468 nobilissimum
762 3406 875 3474 Filium
885 3419 987 3486 tuum,
1012 3431 1069 3495 per
1079 3410 1199 3477 medias

62 3513 163 3577 laudes
176 3512 210 3573 in
223 3511 281 3571 hac
293 3502 452 3595 juventute
464 3530 521 3573 sua
541 3509 628 3593 quasi
646 3506 799 3594 quadrigis
812 3512 996 3591 vehentem,
1023 3535 1063 3576 ex
1074 3514 1199 3595 Anglica

8 3664 10 3671 .
64 3617 214 3698 legatione
226 3613 312 3677 sistat
323 3611 380 3674 tibi
389 3609 551 3691 reducem
572 3623 666 3697 utque
678 3622 712 3673 tu
724 3613 788 3693 illo,
798 3614 849 3676 ille
860 3626 890 3677 te
903 3617 1031 3696 longum
1043 3618 1196 3681 fruarrtini.

8 3774 9 3779 ,
64 3716 153 3798 Vale,
177 3714 273 3781 seculi
288 3714 382 3777 decus
397 3714 581 3779 immortale.
624 3714 762 3783 Lutetiae
775 3700 974 3798 Parisiorum,
993 3716 1091 3803 pridie
1102 3717 1198 3791 Eidus

59 3818 232 3898 ¹Februarii,
254 3816 427 3885 Glolocv.
