2700 4972
291 399 355 469 tn
377 397 549 468 PERSII
572 388 677 468 Str.
695 400 995 472 PROLOGUM.
1169 413 1212 479 to
1283 476 1286 480 .

69 570 154 637 'ctum
174 572 291 655 fiisse,
310 575 391 638 falso
412 595 468 661 pro
489 571 599 637 Pirene
618 572 837 661 Hippocrenen
860 577 931 641 heic
952 578 1127 647 hariolatnr.
1157 579 1210 646 Pi.
1311 646 1314 653 ¹

68 681 158 724 renes
171 661 300 724 fontisa
322 681 360 723 ua
374 654 514 743 διαοχής
526 657 583 724 καὶ
594 652 734 742 πότιμος
744 660 889 727 Straboni
902 662 1019 745 dicitur,
1040 665 1210 732 Pausaniae

68 746 164 817 etiam
180 750 273 813 πιεῖν
331 741 372 821 ῦς
392 757 422 808 et
440 744 523 832 apud
537 746 731 811 Athenaeum
750 744 806 829 [IL
827 770 858 834 p.
873 751 917 816 ts
929 748 969 831 Β]
993 750 1147 816 omnium
1160 751 1208 818 le-

67 830 235 897 vissimo:
256 829 342 917 quod
355 830 446 912 igitur
461 829 639 918 pallidam
652 832 783 896 Pirenen
800 846 893 908 vocat
913 833 1075 917 satiricis,
1094 841 1146 903 vel
1166 837 1208 903 ad

66 920 208 981 fabulam
234 916 432 984 referendum
460 929 492 980 et
518 919 635 992 luctum
656 917 784 982 Pirenae
814 918 921 984 matris
945 919 1129 1003 cenchrim,
1168 946 1208 988 ex

66 1007 154 1083 cujus
168 1004 313 1087 lacrymis
330 1006 451 1065 fontem
469 1003 552 1064 hunc
574 1024 716 1066 manasse
729 1005 903 1068 fabulantur
920 1012 1044 1071 auctore
1056 1009 1208 1073 Pausania
1306 1022 1310 1029 “

67 1087 223 1165 [Corinth.
237 1095 269 1169 2,
282 1093 322 1156 3:
344 1087 428 1175 quod
444 1090 552 1174 prebat
563 1087 745 1169 Donnerus,
770 1091 799 1153 si
817 1091 857 1153 sit
870 1093 948 1157 alius
961 1106 1089 1179 poetae,
1112 1118 1207 1197 quem

63 1174 191 1238 irrideat
205 1174 338 1238 Persius.
377 1174 462 1238 Pasa.
483 1176 576 1236 refert
602 1173 644 1236 ad
666 1196 764 1261 aquae
784 1178 886 1240 colore
914 1181 1042 1243 carentis
1067 1193 1207 1246 nativum
1320 1232 1324 1247 ,

63 1258 234 1409 pallorem}
255 1258 383 1323 doctum
401 1280 470 1325 esse
490 1257 647 1346 epitheton
672 1265 878 1348 cujuscunque
897 1284 1011 1350 aquae,
1032 1267 1071 1330 ab
1092 1288 1207 1353 aequa·
1228 1320 1232 1335 ,

77 1346 147 1433 bus
158 1347 263 1435 poetis
275 1347 369 1411 etiam
377 1344 421 1409 ‘de
434 1345 545 1410 Pirene
562 1358 760 1432 usurpatum,
781 1349 923 1412 firmante
938 1371 1065 1415 censore
1077 1352 1097 1415 J
1098 1353 1206 1421 enensi

65 1436 163 1499 1822.
175 1430 230 1496 Nr.
240 1436 318 1499 Ι198.
363 1428 474 1495 Glossa
487 1442 577 1496 vetus
598 1453 646 1518 ap.
665 1430 771 1497 Barth.
784 1432 862 1498 adv.
886 1437 909 1497 l.
931 1437 971 1501 l.:
994 1436 1205 1520 virantam.]3

61 1520 115 1597 vel
132 1516 175 1580 ad
191 1519 358 1619 pallorem,
386 1538 480 1602 qun
493 1517 553 1580 sibi
570 1518 664 1580 etiam
683 1517 785 1582 studio
802 1530 832 1581 et
847 1532 912 1583 arte
926 1520 1081 1586 interdum
1102 1516 1206 1586 conii·
1324 1534 1327 1541 '

61 1604 183 1668 liabant
192 1604 245 1667 rsti
258 1606 362 1666 famae
376 1602 581 1683 negotiatores
596 1601 722 1688 poe'tae3
743 1616 832 1691 potes
846 1606 930 1669 etad
942 1608 1206 1689 illuviemlreterre
1294 1622 1298 1653 z

62 1712 99 1752 ae
112 1691 300 1775 squallorem
313 1690 426 1752 horum
443 1709 521 1775 quos
536 1689 725 1775 perstringit,
746 1711 805 1776 qua
828 1689 869 1753 de
883 1713 917 1754 re
929 1693 963 1754 in
977 1695 1071 1756 altera
1084 1696 1207 1781 prologi
1225 1698 1229 1728 ¹

21 1872 24 1877 '
60 1778 294 1927 Pmegluillie
312 1856 448 1925 remitto
465 1859 511 1949 q]
544 1858 690 1924 Meliores
711 1859 781 1924 libri
808 1870 844 1924 et.
856 1859 986 1925 Puteeni
1005 1867 1205 1929 membranae
1226 1878 1231 1885 “
1260 1884 1264 1891 ’

63 1946 237 2027 liliam,
259 1945 281 2011 4
302 1945 461 2025 Menace,
482 1946 666 2032 antiquiores
689 1945 793 2029 Ach.]:
814 1947 969 2023 remitto‚·
991 1950 1043 2011 alii
1066 1949 1205 2015 codicesr

61 2030 234 2120 relinquo,
255 2043 290 2093 ut
302 2031 336 2094 in
357 2030 451 2094 adfini
465 2032 616 2095 sententia
630 2030 728 2095 Satira
742 2033 847 2118 quinta
861 2033 902 2110 [v.
925 2037 1007 2115 17.]:
1026 2057 1205 2100 -menaoe-

60 2140 125 2207 que
138 2116 294 2205 relinque
310 2115 478 2203 Mycenist
498 2139 562 2180 non
582 2118 669 2180 aliter
684 2119 879 2204 perantiquae
902 2120 1061 2184 clarissimi
1080 2123 1138 2186 viri
1149 2123 1205 2186 Ja-
1300 2114 1305 2123 ¹

57 2205 135 2268 eobi
148 2201 315 2289 Bqngarsii
334 2206 531 2267 membranae
550 2203 581 2281 [5
596 2204 709 2282 Havn,
731 2204 752 2267 5
772 2203 876 2283 Mem,
898 2206 936 2267 al.
950 2227 999 2291 ap.
1014 2205 1110 2286 Pass,
1132 2206 1204 2272 edd.
1289 2250 1304 2277 -,

32 2368 35 2373 ¹
59 2301 135 2353 ante
152 2288 270 2369 Piera:
290 2290 445 2376 perplacet
463 2287 617 2367 remitto,
639 2290 792 2369 signatum
810 2292 941 2354 verbum
964 2290 1048 2378 apud
1069 2292 1203 2377 optimos

59 2377 226 2463 scriptores
243 2377 303 2437 hae
322 2376 467 2455 notione,
496 2398 567 2439 cum
589 2374 703 2460 aliquid
723 2370 977 2456 παραιτούμεθα
999 2388 1030 2441 et
1050 2380 1203 2458 reJicimus

11 2502 15 2511 ·
58 2464 113 2527 vel
123 2464 273 2527 oblatum.
318 2460 367 2538 [At
383 2459 623 2548 ‹licinonposse
637 2461 697 2523 nisi
714 2459 753 2523 de
767 2461 903 2547 possessi
916 2465 980 2541 jam
1000 2465 1076 2527 boni
1091 2486 1204 2528 renun-
1289 2478 1296 2491 ’

58 2548 190 2611 tiatione
203 2545 423 2610 contendentes
435 2546 520 2611 Pasa.
535 2559 566 2610 et
575 2545 621 2609 Pl.
633 2549 838 2632 praetulerunt
849 2544 938 2612 rolin
961 2571 1023 2611 uo.-
1045 2550 1149 2635 „quod
1164 2549 1205 2615 de

59 2631 295 2714 Oreuiijudicio
309 2654 367 2720 pro
388 2635 481 2713 gloss.
497 2630 676 2697 habendum
697 2644 753 2696 est.
796 2570 972 2698 Commoie
992 2646 1096 2697 autem
1111 2638 1205 2700 utittrr

58 2741 129 2785 roc.
152 2718 306 2797 remitto,
334 2717 417 2804 quod
433 2717 555 2782 Romae
574 2730 647 2783 tunc
664 2720 812 2804 temporis
830 2720 1022 2782 recitantium
1038 2788 1040 2793 ,
1066 2734 1204 2787 oetarum

57 2806 274 2887 jaitatiombm
295 2803 336 2868 de
358 2805 544 2869 commercio
573 2825 645 2866 urm
670 2803 770 2868 Musis
800 2816 831 2869 et
853 2816 979 2893 accepto
998 2742 1072 2869 imie
1096 2806 1201 2872 divino

59 2892 168 3019 afflatp
188 2891 341 3057 rlrrftserp‘urti
365 2888 423 2954 eet
445 2890 524 2953 nihil
544 2910 650 2954 earum
671 2890 705 2952 in
725 2893 885 2979 proprium
906 2912 998 2969 usum
1022 2905 1201 2959 convertere

38 2980 135 3047 ,rult-
241 3000 260 3042 e
282 2999 328 3041 er.
1273 3024 1276 3033 .

59 3056 1016 3239 eaiffliaiffffiiliiiiiiiffliieiii
1027 3065 1201 3232 {teth
1217 3052 1252 3111 ¹⁴

58 3256 118 3298 nae
136 3232 278 3323 poe‘ti'res
300 3235 518 3320 praestantiam
543 3232 729 3313 intelligant,
756 3229 862 3294 illusas
888 3232 1008 3316 colunt3
1037 3254 1146 3296 venam
1166 3247 1202 3298 ut

58 3334 177 3395 nomen
194 3320 257 3384 sibi
268 3321 388 3407 'pariant
400 3330 435 3383 et
448 3317 561 3400 judicio
574 3319 675 3382 insani
684 3317 828 3403 principis
843 3317 1032 3407 aliorumque
1040 3319 1202 3406 imperito-

56 3428 126 3469 rom
136 3406 276 3469 honores
286 3414 459 3469 mereantur
468 3405 612 3485 legitimis
630 3403 730 3490 poetis
744 3402 875 3466 debitos.
910 3404 981 3467 Non
994 3406 1061 3469 sine
1078 3405 1200 3469 safirioo

57 3495 121 3557 sale
133 3490 247 3579 politas
259 3488 471 3570 δοξοκόπους
484 3492 544 3553 bac
559 3490 729 3577 periphrasi
743 3486 887 3553 describit
907 3490 982 3568 [irno
1002 3492 1105 3576 potius
1120 3514 1200 3577 quos

57 3582 190 3666 popolus
206 3577 285 3642 levis
300 3581 408 3644 favore
428 3575 471 3640 ad
488 3578 609 3643 coelum
622 3576 722 3640 effert:
744 3572 844 3638 Pasa.
866 3597 898 3661 p.
912 3581 976 3642 220
993 3578 1068 3662 sq.],
1090 3587 1125 3638 ut
1143 3599 1200 3664 ap-

58 3675 143 3751 paret
165 3684 207 3727 er
224 3666 321 3729 verbo
332 3661 513 3742 lambant,
535 3660 620 3750 quod
637 3664 816 3725 translatum
840 3672 886 3724 est
906 3682 925 3722 a
948 3664 1091 3743 canibus,
1113 3664 1200 3748 queis
1335 3674 1338 3681 ⁴

57 3751 216 3838 proprium
234 3748 400 3813 lambendo
422 3750 542 3814 biberet
561 3748 631 3811 heic
643 3751 731 3813 ¹valet
746 3745 883 3831 undique
897 3747 1032 3828 cingere,
1054 3764 1200 3828 aserere-

58 3838 195 3921 φανοῦο
211 3828 265 3901 ve'l
277 3832 453 3915 πυκάζοινι
476 3834 493 3897 ei
516 3845 547 3896 ta
562 3856 627 3899 vox
634 3832 823 3914 indignanti,
847 3843 882 3893 ut
901 3833 983 3918 apud
1003 3833 1049 3896 Μ.
1061 3833 1200 3899 Tullirun

58 3921 97 3986 de
109 3925 240 3987 cohorte
254 3920 361 3986 Verris
386 3856 564 4013 hostili,
578 3925 634 3984 a1·
649 3918 754 3998 extr.]:
783 3916 902 3980 cohors
921 3918 1042 3982 boram
1060 3920 1198 3998 conum,

58 4028 138 4096 qnos
160 4004 318 4073 tribnrml
335 4028 447 4072 meum
470 4004 572 4069 vides-
587 4003 747 4068 lonibere.
789 4002 861 4065 Fuit
880 4002 957 4065 illud
976 4009 1130 4085 majorum
1147 4007 1199 4068 in'-

56 4095 195 4158 stitutum
207 4096 407 4197 praeclarum
432 4090 596 4156 dedicandi
617 4092 652 4155 in
678 4090 883 4154 bibliothecis.
897 4111 958 4174 qua
968 4102 977 4118 ¹·
984 4092 1115 4177 publicis
1137 4112 1199 4176 qua

101 4182 183 4246 ratis
204 4178 357 4261 imagines
373 4191 410 4244 et
435 4190 548 4243 stamas
571 4178 733 4240 doctorum
747 4194 864 4261 easque
889 4178 1121 4262 sempervirenti
1137 4179 1198 4239 h'e-

56 4183 129 4331 ilia
144 4264 317 4330 coronandi
334 4264 377 4344 [a.
391 4263 496 4333 laudd.
506 4264 534 4326 'a
547 4263 622 4344 Pl.]:
641 4260 701 4326 aed
717 4264 801 4325 hune
820 4262 976 4325 honorem
987 4260 1127 4340 Persius,
1147 4263 1197 4326 vir

58 4353 216 4443 cordatasq
234 4352 446 4441 nonfaciebat
457 4350 563 4430 nauci,
605 4346 1196 4444 rimbetaetetesuaidipieindignis,

56 4430 210 4505 iino³hlb⁵
245 4439 316 4519 ora,
337 4434 544 4503 emerant.
612 4430 1196 4529 enee·enirn·ptmtpsrbr;demrun

57 4454 980 4671 rrffloiiufttetnumaxpuftnteuirnnprqrffl
1198 4540 1211 4619 J
