2700 4972
327 280 925 411 aornasrrsar1asarv1.
1134 338 1202 405 aas

49 502 243 571 scn‘bunturr
263 503 401 571 virorum
417 504 547 571 furtiano
560 507 712 588 encomia,
730 508 881 587 turmam
895 520 1020 572 amores
1030 512 1064 573 e't
1076 505 1200 573 honesti

52 591 290 658 convivantium
306 614 417 657 senum
437 595 499 672 joci
525 596 578 659 vel
597 594 765 658 honestum
784 592 891 657 otium.
918 592 969 659 cf.
988 594 1096 657 Horat.
1117 596 1137 660 Ι.
1157 592 1200 657 ad

53 678 129 745 rad
150 679 290 741 relatam.
332 678 465 743 Hernica
486 691 591 743 tamen
610 680 744 745 carmina
762 698 828 741 non
850 688 916 743 tam
938 681 1022 742 clare
1040 700 1135 779 quarn
1150 696 1201 743 re·

54 763 142 850 liqna
163 763 384 845 insigniuntur:
413 763 569 847 adhibuit,
596 766 638 829 ait
656 764 795 843 Persius,
826 772 983 829 vetanus
998 762 1203 853 primordia

53 849 236 913 vocum'i.
262 870 306 930 a,
333 861 369 912 ut
391 850 518 936 quidam
548 852 795 940 interpretantur,
829 852 989 937 „eutiquas
1014 848 1202 917 Sabinorum
1288 882 1297 901 x

54 956 238 1019 conumque,
257 937 311 1022 qui
324 936 446 1025 Latium
458 939 624 1017 coluerunt,
645 936 772 1012 voces‚“
790 956 870 1021 quae
884 958 956 1001 urm
966 958 1084 1019 graves,
1096 936 1204 1001 vdurae

57 1034 90 1085 et
110 1040 237 1106 asperae
257 1033 377 1099 essent,
399 1025 554 1104 augebant
574 1021 698 1108 pondus
718 1034 749 1085 et
769 1022 983 1087 fortimdinem
1004 1024 1202 1089 hemicorum

55 1128 268 1170 nurnerorum.
310 1106 415 1187 Quare
427 1108 514 1171 addit
535 1121 628 1197 poeta
643 1118 747 1194 atque
762 1108 1116 1197 maremstrepr‘tam,
1136 1110 1201 1175 ie

54 1193 231 1256 masculum
241 1204 272 1255 et
285 1194 408 1258 virilem
421 1206 559 1274 cantum,
580 1214 641 1282 quo
655 1196 793 1259 virorum
806 1196 934 1271 fortium
948 1198 1030 1259 ncta
1070 1198 1204 1261 raeclara

57 1280 298 1343 celebrabantur.
349 1278 430 1344 Voc.
460 1289 566 1367 atque
594 1278 769 1367 explicandi
799 1280 995 1346 rim'ltabet·
1047 1216 1205 1347 dimisum

24 1424 30 1439 ,
57 1362 95 1431 ὓ
110 1362 150 1427 Β.
162 1386 227 1427 uon
241 1366 344 1429 solum
356 1367 494 1447 egregius
508 1377 599 1452 poeta
615 1378 692 1446 erat,
714 1365 898 1447 sedetiam,
919 1378 1068 1453 quantum
1086 1388 1127 1431 ax
1144 1387 1204 1432 re-

55 1450 176 1515 taribus
199 1450 309 1533 ¹conjici
325 1451 412 1532 licet,
440 1453 562 1534 linguae
586 1453 714 1515 Latinae
740 1453 890 1534 literator3
918 1453 1128 1535 cognitionem
1145 1455 1204 1516 ha-

55 1536 155 1603 bebat
173 1536 254 1607 Latii
278 1534 491 1618 dialectorurn,
520 1558 634 1624 easque
660 1539 796 1619 singulas
825 1539 1010 1604 carminibus
1038 1541 1103 1605 sus
1128 1541 1206 1603 scite

56 1624 193 1725 aptabat
237 1620 327 1686 Certe
348 1644 386 1687 ea
406 1614 558 1688 de'causa
571 1624 767 1711 potissimum
788 1621 898 1688 miras
919 1620 1078 1711 opiferae
1097 1621 1206 1690 Persio

44 1706 159 1775 'dactus
169 1705 300 1786 videtur,
320 1720 352 1772 et
368 1709 576 1789 cumVossi03
590 1721 689 1829 poeta
704 1706 879 1798 eodemque
892 1706 1017 1793 lingum
1030 1708 1206 1777 Germanae
1289 1710 1293 1717 ’

44 1792 261 1883 'peritissimo,
286 1796 458 1882 comparari
476 1806 589 1882 potest.
639 1790 699 1860 W
694 1791 758 1876 eh]
898 1815 901 1819 ·
997 1824 1000 1829 ·

117 1908 122 1917 ·
146 1879 179 1947 4.
205 1877 322 1964 Atque
342 1888 478 1945 morem
498 1878 687 1968 adrapinam
703 1874 793 1967 fidia
817 1871 1006 1945 iterandi-sas
1022 1876 1206 1965 Latinus.)

56 1963 211 2030 Bifariam
221 1966 300 2029 haec
390 1979 447 2031 unt
456 1968 571 2071 accipis
592 1988 668 2030 nam
678 1967 707 2030 si
717 1970 827 2048 jungas
845 1986 916 2030 eum
930 1969 1090 2055 superiora
1103 1988 1208 2049 versu,

56 2049 256 2117 referendum
283 1988 442 2135 affinis
467 2052 601 2140 poeseos
623 2072 753 2118 severae
776 2052 880 2139 potius
906 2074 1000 2139 quarn
1022 2055 1144 2135 mollis,
1171 2064 1207 2119 ut

56 2135 158 2203 modo
173 2135 367 2239 dicebamus,
389 2162 450 2225 quo
469 2160 543 2240 usus
556 2140 608 2203 lric
619 2137 751 2233 Bassus:
771 2136 830 2203 sed
846 2138 940 2201 etiam
952 2140 1118 2227 separatim
1131 2162 1207 2226 pos-
1286 2226 1290 2241 ί

57 2221 1210 2397 tttttttthhtbthbhtttthdmhffiitt

58 2393 197 2545 ppe'seos
218 2408 381 2459 consuetae
401 2398 592 2483 hypotheses
615 2407 701 2477 sunt,
726 2394 857 2481 deorum
907 2395 999 2476 udes,
1021 2397 1155 2460 heroum
1176 2407 1208 2462 et

95 2479 287 2545 cronicarum
304 2503 339 2545 ac
366 2494 555 2545 caeterorum
574 2483 712 2547 viromm
730 2481 856 2545 toruum
875 2485 1033 2561 encornia;
1061 2484 1138 2547 item
1156 2486 1211 2563 jus·
1321 2514 1322 2521 ¹

59 2587 179 2632 renum
199 2567 341 2647 lascivia,
366 2568 400 2631 id
429 2581 476 2632 est
495 2563 651 2649 ἐρωτικὰ,
681 2579 716 2632 et
738 2568 971 2633 convivantirun
994 2571 1119 2634 honesti
1136 2568 1211 2650 joci.

59 2654 209 2720 Horatius
232 2652 279 2735 [A.
295 2653 330 2718 P.
348 2657 389 2718 83
405 2655 502 2741 sqq.]:
1230 2712 1232 2717 .

149 2736 253 2802 Maso
264 2735 363 2803 docet
377 2739 470 2820 [edda
485 2735 594 2821 dedit]
606 2733 738 2822 fidibus
753 2734 852 2803 divos
860 2754 1049 2826 puerosque
1060 2736 1210 2804 deorum

149 2822 198 2888 Er
206 2824 370 2912 pugilem
383 2825 554 2889 victorem
570 2832 606 2887 et
620 2844 746 2911 equum
761 2822 952 2888 certamine
960 2823 1121 2911 primum
1206 2831 1260 2890 478

149 2908 200 2975 Et
223 2908 379 2975 ‘noenum
403 2930 508 2974 curas
528 2919 563 2973 el
578 2908 691 2975 libero
711 2908 794 2974 vina
809 2903 953 2993 referre.

64 2993 194 3061 Caesius
204 2932 329 3079 dassus,
350 3008 384 3059 ut
398 3019 438 3061 ex
453 2997 559 3061 Persio
576 2998 799 3077 cognoscimus,
821 2996 862 3060 de
872 2998 923 3061 his
935 2997 1081 3060 omnibus
1092 2996 1211 3083 aliquid

62 3082 240 3168 scripserat:
269 3083 310 3147 de
333 3082 510 3147 laudatione
534 3082 663 3146 deorum
689 3085 754 3163 jam
774 3080 923 3148 diximus:
950 3084 1020 3145 heic
1041 3103 1117 3147 vero
1140 3094 1212 3145 tun-
1303 3120 1306 3127 «

54 3180 175 3249 gantur
191 3169 273 3234 illius
292 3168 374 3233 odae
392 3170 427 3233 in
447 3168 555 3233 laudes
574 3170 712 3235 virorum
734 3169 872 3232 tortium.
915 3163 1076 3251 Ἐρωτικὰ
1091 3169 1212 3251 attingit

62 3252 195 3333 Persius,
216 3276 289 3319 curn
304 3257 348 3319 ait
695 3262 701 3270 '

152 3338 396 3429 Moxjuvenes
413 3339 553 3431 agitare
561 3337 688 3428 jocose

16 3496 22 3509 ,
63 3438 97 3491 at
110 3440 349 3513 quaevocantur
362 3430 492 3503 Horatio
507 3424 621 3491 libero
632 3423 733 3505 vino,
754 3427 817 3487 hoe
836 3436 883 3489 est
902 3418 1092 3507 συμποτικὰ
1105 3418 1210 3489 docet
1251 3448 1254 3453 ·

59 3528 191 3596 ,operm
212 3524 244 3576 et
256 3514 365 3579 laudas
383 3516 466 3580 vitae
481 3515 587 3579 senilis
602 3513 667 3575 otio
690 3524 722 3574 et
745 3511 839 3599 quieti
861 3512 945 3590 [cum
958 3511 1116 3594 dignitate]
1135 3509 1211 3575 red-
1316 3514 1319 3518 ’

45 3598 152 3663 ditae
166 3598 372 3686 pulcherrime
390 3600 532 3688 exprimit
550 3599 610 3663 illis
630 3597 749 3663 verbis:

46 3706 54 3726 ·-
111 3692 117 3743 ’.
158 3702 162 3709 ·
612 3692 648 3747 et
661 3680 794 3771 pollice
815 3678 957 3746 honesto

152 3766 329 3857 Egregios
346 3767 469 3837 lusisse
489 3788 599 3833 senes.
1042 3800 1046 3807 ·

64 3856 140 3923 Νοιι
156 3857 255 3918 multo
276 3857 380 3937 aliter,
401 3860 429 3922 si
450 3862 532 3921 bene
551 3854 700 3934 memini,
721 3851 895 3917 Hadrianus
909 3851 1073 3917 Turnebus
1094 3848 1128 3914 in
1147 3850 1214 3915 suis

36 3950 42 3964 “
65 3942 255 4008 adversariis
272 3943 384 4009 alicubi
404 3946 483 4023 haec
501 3943 724 4029 interpretatur.
768 3939 883 4020 [Reiz.,
904 3939 1009 4005 Pasa:
1031 3935 1213 4027 Egregius

65 4031 200 4107 sconia
222 4026 262 4091 de
277 4049 339 4113 quo
358 4042 441 4096 recte
458 4028 594 4111 judicant
607 4026 664 4091 Or.
679 4038 710 4089 et
722 4026 833 4105 wan]

156 4119 187 4179 6.
211 4111 304 4181 Mihi
321 4134 409 4181 nunc
426 4112 540 4203 Ligus
562 4132 628 4176 ora
639 4107 802 4198 intepet]
828 4104 1035 4193 Ὑπαλλαγήε
1056 4128 1115 4189 ego
1132 4129 1213 4171 nunc

65 4207 155 4266 uuor
176 4212 284 4287 tepore
304 4204 399 4268 maris
416 4199 564 4284 Ligustici
585 4201 733 4262 commoti
753 4196 985 4276 vehementius,
1014 4208 1049 4257 at
1067 4216 1124 4280 per
1147 4192 1215 4256 hie-

67 4308 156 4353 rnem
179 4286 276 4352 solet:
305 4300 370 4353 enat
390 4300 493 4353 autern
512 4282 596 4371 apud
615 4296 746 4349 matrem
766 4283 907 4349 Fulviam
925 4280 1116 4357 Sisenniam,
1139 4298 1217 4365 quae
1234 4354 1251 4361 ..
1293 4332 1296 4339 .

67 4373 177 4456 Liguri
204 4372 327 4437 ceddam
348 4387 400 4439 aut
415 4372 551 4438 hamensi
568 4380 721 4458 nupserat.
752 4370 816 4451 [Sic
836 4368 946 4448 schol]
983 4366 1093 4430 Lunae
1110 4376 1218 4452 portus

68 4483 134 4527 non
152 4473 216 4524 erat
230 4461 262 4524 in
277 4461 399 4543 Liguria
422 4484 461 4526 ex
478 4459 684 4546 descriptione
699 4458 824 4538 Italiae,
846 4476 940 4543 quarn
950 4463 1119 4538 sequuntur
1134 4451 1219 4516 Stra-
