2700 4972
372 306 433 413 ao
461 346 634 415 rursu
663 344 887 416 sacratu
914 306 1030 419 111)
1194 360 1255 422 rar
1283 433 1286 441 ³
1321 358 1325 365 ·

117 519 222 606 phuae
238 519 320 584 illius
347 521 524 582 excellentia
549 531 639 605 atque
665 519 792 599 utilitas,
821 522 873 584 vel
897 521 998 605 potius
1026 523 1189 586 necessitas
1216 520 1256 585 ad

117 607 215 670 sitam
233 608 314 669 bene
339 605 557 668 instituendam
580 627 615 668 ac
636 608 725 668 beate
744 606 961 692 tranquilleque
982 607 1134 687 agendam
1152 619 1257 693 posset

116 690 254 770 intelligi.
297 690 456 755 Postremo
478 691 531 769 [77
538 691 657 770 —87],
684 692 753 776 quia
771 692 893 777 plurimi
909 713 1033 779 semper
1051 692 1171 755 Romae
1188 697 1257 755 fue-

116 788 203 854 runt,
229 776 281 861 qui
296 777 526 862 philosophiam
545 788 774 862 aspernarentur
793 788 824 839 et
836 773 1002 840 Graeculos
1021 789 1165 841 vocarent
1176 779 1257 842 illius

115 861 287 939 studiosos,
309 863 466 925 stultitiam
480 863 610 926 istorum
632 863 762 942 exagitat
778 863 829 923 hic
851 862 974 942 doctor,
997 863 1187 948 ostenditque
1204 865 1256 941 [88
1345 914 1349 931 .

116 944 155 1010 ad
173 948 242 1026 fin]
257 968 320 1009 non
330 949 433 1034 ¹magis
446 970 555 1011 eorum
568 949 718 1037 rationem
733 969 801 1010 esse
822 947 997 1011 habendam
1021 970 1112 1034 quarn
1132 951 1257 1028 alicujus

115 1033 243 1117 aegroti,
265 1032 318 1117 qui
335 1033 529 1101 anunttiuo
550 1033 706 1095 medicum
729 1053 834 1107 curare¹
854 1032 1021 1097 tentantem
1036 1034 1207 1096 extruderet
1221 1055 1257 1095 ac

114 1118 209 1181 minis
229 1114 616 1203 convitiisque'exciperet:
647 1121 758 1204 quippe
778 1116 963 1180 medicinam
986 1122 1119 1206 corporis
1136 1110 1257 1182 ¹sanita·
1292 1176 1293 1180 ,

114 1215 180 1267 tem
204 1203 360 1289 polliceri,
387 1225 480 1290 quarn
503 1203 657 1289 interdtnn
687 1205 803 1284 aegroti
834 1216 992 1288 respuant:
1028 1205 1259 1291 philosophiam

114 1289 339 1352 animimorbis
356 1288 491 1369 mederi,
533 1312 573 1351 no
589 1291 665 1351 nihil
678 1291 776 1369 magis
787 1291 1001 1352 abominentur
1017 1291 1129 1354 vitiosi.
1173 1290 1259 1352 Haec

96 1370 100 1417 ἶ
116 1385 164 1437 est
175 1374 378 1461 pulcerrimae
396 1377 486 1453 hujus
510 1312 654 1438 diatribae
676 1376 734 1454 (sic
749 1373 831 1437 enim
847 1378 913 1453 jure
927 1375 1157 1461 appellaverim)
1171 1396 1259 1438 sum-

112 1474 188 1539 'ma;
216 1480 310 1544 quam
328 1482 394 1521 non
422 1462 503 1524 bene
523 1462 627 1522 animo
648 1470 865 1548 conceperant,
894 1462 948 1546 qui‘
969 1462 1090 1525 titulum
1110 1460 1154 1522 illi
1176 1463 1258 1522 hunc

114 1544 388 1632 praescripserant,
410 1567 504 1631 quem
518 1547 607 1627 multi
630 1546 723 1608 etiam
743 1557 863 1608 veteres
879 1545 1000 1609 codices
1020 1558 1161 1610 servant:
1185 1544 1257 1607 Iu-

117 1628 331 1715 ernpatio
355 1628 494 1693 Desid
502 1629 516 1692 i
523 1651 592 1702 oe:
614 1652 671 1692 nec
691 1631 954 1693 metus‘vetusrae
970 1630 1131 1712 Bongarsii
1152 1652 1255 1709 mem-

116 1719 244 1794 branae,
256 1716 467 1801 quaetitulum
481 1718 564 1779 hune
574 1718 738 1779 exhibent:
753 1711 800 1776 In
814 1712 1055 1778 Luxuriam
1070 1725 1109 1778 et
1130 1711 1184 1778 Vi
1192 1714 1257 1778 tia

116 1798 339 1876 Divitum3
361 1823 438 1887 quae
451 1805 545 1864 rerba
559 1823 577 1862 e
591 1801 715 1863 scholiis
724 1800 853 1884 antiquis
866 1802 958 1886 petita
971 1813 1049 1880 sunt,
1064 1802 1117 1864 ubi
1128 1802 1258 1880 legimus

116 1887 211 1951 laune
229 1882 389 1949 Satiram
404 1907 423 1946 a
439 1882 577 1949 Lucilii
592 1881 681 1949 libro
704 1894 826 1971 quarto
847 1905 919 1948 esse
943 1886 1168 1962 translatam,
1193 1906 1259 1947 ao-

114 1966 493 2061 'stigaatieiunurinm
526 1967 677 2034 divitum
706 1978 741 2032 et
766 1967 873 2035 vitia:
899 1992 1009 2035 verum
1035 1983 1082 2034 est
1108 1972 1260 2033 Lucilium

79 2058 82 2067 '
115 2060 197 2133 libro
205 2057 371 2121 Satirarum
385 2078 508 2121 suarum
519 2069 624 2143 quarto
641 2059 673 2119 in
684 2058 834 2118 luxuriam
849 2056 978 2121 divitum
1000 2069 1030 2120 et
1041 2057 1116 2122 vitia
1130 2078 1197 2120 esse
1210 2057 1259 2118 in-

97 2156 259 2209 ·vecturn:
279 2154 403 2229 apparet
416 2145 499 2205 enim
516 2144 680 2206 manifesto
697 2142 852 2227 hodieque
872 2164 890 2205 e
911 2144 1046 2229 pauculis
1067 2143 1327 2232 fragmentisqno)

114 2251 197 2316 quae
210 2240 386 2316 supersunt:
406 2228 460 2290 sed
481 2229 565 2292 viros
581 2240 612 2291 et
628 2229 840 2292 connvatores
854 2229 1088 2314 intempestivos
1107 2249 1142 2289 ac
1158 2241 1260 2290 ternu-

111 2318 219 2379 lentos
233 2325 284 2377 aut
297 2316 367 2390 alio·
379 2315 525 2376 luxuriae‘
538 2335 649 2395 genere
669 2324 829 2398 peccantes
845 2315 942 2377 secuit
964 2336 1002 2377 eo
1021 2315 1098 2376 libro
1115 2314 1258 2392 Lucilius,

113 2422 181 2465 non
193 2403 391 2479 ¹juventutem
406 2399 565 2462 illusarum
589 2412 619 2462 et
634 2399 770 2484 Sophiae
796 2401 888 2462 sacris
909 2411 1082 2484 operatam,
1107 2399 1147 2462 ad
1161 2408 1311 2485 quarntbo

135 2488 240 2572 roprie
265 2484 364 2547 Satira
386 2486 463 2547 haec
485 2497 615 2571 spectat:
644 2484 719 2546 illud
741 2506 759 2546 e
779 2485 857 2547 libro
880 2486 968 2548 tertio
986 2484 1129 2565 ejusdem
1149 2485 1260 2570 poe'tae
1327 2546 1330 2553 ,

112 2508 168 2651 iit.
185 2574 237 2651 19]
251 2592 316 2633 non
329 2571 464 2633 alienum
482 2592 500 2631 a
518 2571 665 2657 principio
678 2569 794 2633 Satirae
812 2571 918 2650 hujus:
940 2569 976 2636 E
998 2562 1116 2635 sonmo
1134 2590 1260 2655 pueros

114 2676 199 2721 cum
223 2676 326 2719 marre
344 2653 542 2742 expergitn’
564 2655 689 2719 clamo.
1026 2702 1029 2706 -

171 2786 174 2791 -
206 2739 346 2826 Nem‘pe
359 2741 444 2805 taen
465 2740 553 2823 [leg.:
577 2739 641 2805 hoc
657 2765 675 2805 e
689 2740 787 2806 Codd.
803 2754 837 2804 ut
851 2740 973 2806 videtur
984 2741 1093 2828 plurib.
1109 2751 1140 2803 et
1151 2740 1258 2821 Prisc]

118 2826 283 2908 assidue]
309 2826 473 2890 Familiare
491 2839 538 2911 est
562 2828 689 2892 satiricis
706 2828 821 2914 poiitis,
845 2840 879 2894 ut
900 2849 939 2889 ex
959 2829 1087 2913 abrupto
1107 2825 1261 2889 ordiantur
1308 2902 1311 2907 Ι

117 2929 150 2980 et
168 2918 281 2979 molles
305 2913 404 2976 aditus
426 2911 466 2975 ad
484 2910 573 2976 susce
592 2925 658 2975 tum
687 2924 899 2994 argumentum
923 2924 1081 2997 spernant,
1106 2911 1261 3057 quosalii

1127 2997 1261 3076 iligentia

130 3086 242 3151 ectoris
261 3086 389 3150 veniunt
409 3085 594 3170 supplenda,
615 3084 764 3170 imprimis
787 3096 907 3164 autem,
929 3083 996 3168 quis
1015 3086 1167 3166 loquatur:
1189 3084 1260 3143 'fere

119 3174 206 3237 enim
224 3170 441 3234 dramatica
456 3182 527 3234 sunt
542 3192 650 3232 eorum
664 3171 782 3255 scripta.
819 3171 897 3232 Heic
911 3189 984 3248 ergo
996 3167 1261 3251 induciturphilo-

118 3261 238 3345 sophus
251 3260 379 3336 juvenes
399 3256 458 3318 sibi
479 3257 511 3317 in
532 3255 723 3342 disciplinam
737 3255 824 3318 datos
844 3255 978 3317 excitans
999 3265 1030 3315 et
1047 3264 1117 3338 post
1135 3255 1259 3341 longam

141 3342 300 3409 utendam
319 3342 450 3404 irascens
473 3341 549 3418 illis,
576 3339 659 3426 quod
687 3342 783 3405 serius
811 3364 866 3428 pro
894 3362 951 3404 suo
980 3361 1069 3402 more
1093 3348 1258 3418 surgerent.

152 3430 281 3494 Philoso
302 3429 361 3490 hus
379 3425 564 3490 domesticus
582 3428 705 3489 illorum
728 3449 768 3490 ex
793 3449 920 3508 genere,
951 3425 990 3488 de
1010 3426 1126 3511 quibus
1140 3423 1260 3486 Taurus

119 3536 170 3602 ap.
187 3511 267 3578 Gell.
356 3518 412 3578 10:
434 3512 595 3589 Alauna,
614 3514 646 3574 in
667 3513 721 3591 uit,
742 3510 860 3576 videre
874 3522 925 3574 est
936 3507 1154 3596 philosophos
1168 3508 1259 3570 ultro

119 3618 282 3675 currere,
305 3606 346 3661 nt
370 3595 537 3669 doceant,
568 3596 618 3660 nd
658 3618 734 3661 ores
751 3597 919 3682 juvenum
941 3594 1104 3675 divitum,
1136 3615 1258 3679 eosque

119 3684 171 3751 ibi
185 3682 307 3748 sedere
322 3681 579 3770 atque-operiri
595 3703 703 3771 prope
724 3680 773 3747 od
794 3682 990 3759 meridiem,
1015 3679 1123 3744 donec
1146 3678 1258 3740 disci-

89 3774 93 3785 '
117 3769 199 3861 puli
212 3778 427 3834 nocturnum
450 3786 549 3832 omne
573 3768 692 3833 vinnm
718 3767 944 3832 edormiunt.“
973 3766 1047 3833 Or.
1080 3767 1135 3828 Est
1156 3778 1258 3827 autern

117 3880 201 3922 unus
215 3879 233 3919 e
246 3856 400 3943 pluribus,
418 3856 471 3941 qui
490 3874 508 3918 a
525 3854 670 3919 divitibus
686 3855 772 3918 d'omi
792 3858 971 3941 plerumque
993 3856 1164 3931 alebantur3
1185 3851 1257 3914 Plu-

119 3946 186 4008 mio
201 3964 277 4008 vero
294 3941 395 4022 judice
411 3962 451 4003 ex
466 3942 504 4004 iis
519 3943 623 4020 servis,
645 3943 696 4025 qui
708 3943 809 4027 pueris
824 3939 964 4003 comites
979 3939 1135 4016 dabantur,
1158 3960 1257 4015 „non-

119 4048 225 4106 nemo,
248 4027 301 4114 qui
313 4048 404 4112 supra
415 4028 558 4090 servilem
573 4026 779 4089 conditionem
793 4038 926 4112 saperet,
947 4025 1141 4111 philosophia
1157 4024 1257 4084 omni-

118 4120 239 4201 busque
266 4115 380 4175 artibus
404 4113 577 4176 liberalibus
600 4112 802 4192 instructus.“]
847 4111 993 4174 Errarunt
1017 4122 1134 4175 veteres
1163 4108 1257 4168 inter·-

118 4214 220 4289 pretes
233 4200 294 4279 illi,
316 4198 368 4283 qui
383 4197 555 4284 paedagogi
568 4202 661 4262 rerba
680 4200 756 4260 haec
776 4219 844 4261 esse
858 4201 1020 4285 putabant:¹
1041 4217 1104 4257 non
1120 4194 1202 4255 enim
1217 4191 1256 4253 de

116 4291 156 4352 iis
176 4289 211 4349 in
225 4289 284 4365 hac
300 4283 397 4347 Satira
411 4285 522 4365 agitur,
544 4286 596 4369 qui
613 4286 646 4346 in
661 4284 788 4370 pueritia
803 4285 915 4367 primas
936 4284 1036 4345 literas
1049 4284 1106 4344 sub
1128 4276 1256 4362 praeda·
1291 4308 1294 4321 ι

118 4395 202 4457 gogo
222 4371 388 4448 discerent,
410 4368 466 4433 sed
491 4369 530 4431 de
550 4370 626 4448 illis,
649 4372 700 4456 qui
720 4391 812 4455 opera
830 4370 1007 4456 philosophi
1026 4365 1132 4430 studiis
1153 4363 1255 4447 philo-

90 4524 96 4530 ,
116 4458 250 4545 sophiae
269 4457 492 4519 imbuebantur.
534 4456 576 4519 Ac
593 4454 715 4521 Rornae
735 4455 860 4542 quidem
881 4465 1038 4536 magnates
1055 4450 1137 4514 soliti
1154 4449 1256 4535 philo-

164 4539 526 4613 woutermanno.
761 4540 779 4553 ”
803 4570 829 4631 ’ἱ
925 4594 928 4599 ,
1039 4542 1085 4602 u
1199 4586 1206 4600 ,

117 3005 301 3150 plerumque
327 3000 486 3084 scriptores
509 3011 557 3062 stu
579 3000 645 3062 lose
670 3011 838 3062 sectantur:
867 3000 963 3060 multa
988 2999 1080 3077 igitur
