2700 4972
91 320 140 383 ss
222 258 224 263 '
467 251 908 379 cou'uauuaaws
943 338 947 355 ι

78 478 483 575 ,εηερίοοὴαῐιιιΗεᾶἡηηυε
496 480 675 561 Turnebus,
694 482 748 545 tux
761 490 793 544 et
805 478 900 546 decus
914 500 990 547 suae
1003 480 1121 547 aetatis.
1136 480 1232 560 [biv.
1273 472 1282 507 ²

63 576 66 581 ’
92 569 260 650 XXVMI,
282 568 348 651 26.]
740 623 743 629 .
1227 592 1230 597 -

60 665 62 671 “
179 659 230 722 78.
251 648 438 718 ¹aerumnis
459 669 518 717 cor
539 643 766 735 luctificabile
774 643 900 736 ficita]
924 649 1031 714 Verba
1040 650 1185 732 l'amvi,
1203 653 1236 716 in

34 759 36 764 ·
93 741 204 831 quibus
219 739 281 803 duo
306 738 405 803 notari
419 737 519 802 voluit
538 759 574 800 ac
594 736 687 799 rideri
707 736 844 800 Persiusa
866 738 1080 822 metaphoram
1101 737 1236 823 primum

93 826 311 916 impropriam,
332 823 440 888 duram
454 834 485 886 et
497 823 653 909 ineptam:
675 843 749 885 nam
762 817 898 907 fulcire
913 819 1039 902 κυρίως
1050 823 1179 909 quidem
1191 835 1236 888 est

91 910 295 997 daopbaaiv,
325 921 361 972 ut
382 920 504 974 vertunt
527 909 642 994 antiqui
656 908 809 988 magistri,
831 918 863 971 et
879 906 1057 990 στηρίζειν,
1080 904 1237 989 ipelrlrrrr

43 1020 47 1039 ·
96 1022 169 1064 cum
191 1010 295 1061 autem
307 998 497 1074 transierim,
527 995 631 1057 auxilii
650 1015 773 1079 semper
791 994 1044 1074 significationem
1060 997 1174 1059 habete
1193 996 1236 1059 sic

96 1083 181 1172 apud
196 1083 369 1146 Lucretium
386 1078 439 1162 [ll.
458 1077 571 1162 1147]:
586 1076 720 1165 fulcire
737 1076 823 1142 cibis
839 1086 944 1166 atque
961 1078 1079 1144 omnia
1100 1088 1237 1144 austerr-

47 1172 199 1249 itotare3
221 1169 300 1232 sicut
319 1166 428 1229 dicium
441 1163 590 1247 Gregorio
610 1159 792 1249 Nyssenori
814 1161 926 1248 τροφή
947 1160 1182 1251 ὑποστηρίζων
1199 1161 1236 1231 r'd

97 1261 156 1341 τῆς
175 1249 310 1340 φύσεως
331 1246 428 1336 ἡμῶν
450 1246 575 1328 iudeis:
605 1263 636 1314 et
653 1245 786 1332 fulcire
806 1249 1058 1336 rempublicam
1077 1274 1175 1340 saepe
1194 1252 1238 1317 M.
1263 1326 1268 1340 Ι

48 1334 53 1343 ’
97 1343 234 1415 Tullius3
256 1337 373 1403 animo
386 1333 520 1417 fulcire
542 1357 666 1422 corpus
680 1335 797 1411 Seneca
813 1335 853 1400 de
867 1338 958 1400 beata
972 1338 1045 1402 vita.
1088 1338 1239 1403 Pacuvius

46 1449 184 1529 (agqvero
197 1422 374 1490 aerumnis
379 1421 516 1509 fulcire
531 1445 588 1509 pro
599 1422 679 1503 cingi
691 1421 826 1507 undique
840 1433 871 1486 et
883 1422 1016 1509 opprimi
1026 1425 1146 1510 posuit,
1166 1444 1241 1488 sane

39 1570 41 1574 ,
95 1533 196 1601 quam
213 1503 365 1591 ἆκύρωςε
390 1508 503 1590 [audax
514 1506 648 1594 quidem,
667 1507 722 1570 sed
732 1529 880 1593 perquam
893 1508 1055 1589 tragicum:
1080 1510 1130 1571 cui
1140 1510 1175 1572 in
1188 1530 1240 1573 sa-

97 1603 136 1663 lis
154 1597 323 1676 aerumnis,
345 1615 422 1680 quae
436 1615 470 1658 se
487 1594 614 1657 tandem
629 1594 806 1672 conficiant,
827 1594 867 1658 sit
887 1594 1046 1674 solatium,
1066 1586 1102 1657 it
1117 1594 1153 1659 in
1167 1596 1238 1660 illo:

104 1679 184 1748 Una
197 1680 295 1745 salas
310 1678 419 1743 victis.
430 1691 498 1744 cett.
515 1678 615 1744 cf.Pl.
630 1676 800 1765 Bispeccat
814 1680 847 1743 in
859 1701 923 1741 uno
937 1681 999 1741 hoc
1012 1682 1099 1756 loco,
1112 1679 1164 1744 de
1179 1702 1239 1767 quo

98 1768 275 1858 speciminis
290 1765 385 1851 gratia
399 1766 479 1847 agit,
502 1763 537 1831 C.
553 1760 589 1829 E.
605 1763 773 1844 Krausius,
795 1761 877 1827 diss.
897 1759 939 1825 de
962 1761 1091 1828 Satiris
1112 1762 1154 1830 P.
1174 1786 1245 1849 ρας

99 1876 179 1920 rum
202 1874 244 1917 ue
270 1850 489 1936 interpretat.
513 1848 672 1930 (Gotting.
694 1850 798 1932 1830)
819 1855 883 1939 P·9.
904 1849 982 1939 sq.]:
1006 1849 1120 1916 deinde
1140 1863 1243 1917 autem

98 1962 164 2007 vox
180 1876 411 2021 luctificabile
427 1936 596 2001 sententiae
608 1958 672 1999 non
687 1933 869 2023 quadrabat;
892 1948 997 2022 estque
1011 1936 1044 2000 in
1058 1959 1096 1999 ea
1111 1939 1245 2001 manife-

97 2039 144 2091 sta
161 2025 313 2088 affectatio
328 2023 471 2088 vocabuli
486 2021 556 2085 soni
569 2019 753 2103 grandioris,
776 2020 948 2100 cujusmodi
963 2034 1034 2085 sunt
1047 2026 1112 2102 ejus
1126 2026 1246 2087 formae

99 2112 222 2193 omnia3
245 2111 354 2196 quibus
371 2110 451 2171 solet
467 2106 556 2171 Maro
575 2110 770 2187 majestatem
785 2127 842 2170 suo
860 2107 985 2170 carmini
1006 2108 1188 2174 conciliare:
1214 2120 1247 2171 nt

99 2192 356 2283 lachrymabile
373 2190 519 2270 bellum,
543 2188 766 2256 ineluctabile
781 2188 927 2278 satum,
943 2190 1141 2259 illaetabile
1157 2214 1248 2258 mur·

99 2301 198 2347 murt
221 2281 354 2369 alioquin
369 2278 573 2359 religiosiores
585 2279 681 2341 fuisse
692 2288 817 2363 veteres
832 2279 958 2343 Latinos
971 2280 1004 2341 in
1020 2280 1175 2359 ejusmodi
1190 2284 1266 2353 vo-,'

100 2370 203 2445 cibus,
226 2365 317 2431 docet
328 2364 375 2428 M.
389 2363 527 2443 Tullius,
547 2365 600 2450 qui
614 2358 824 2446 καταληπτὸν
841 2387 910 2427 cum
929 2364 1070 2429 vertisset
1086 2386 1250 2453 campre-

102 2449 286 2531 herraibile‚
316 2450 403 2536 quasi
427 2470 576 2530 magnum
600 2448 724 2536 aliquod
743 2470 851 2529 ausus,
882 2447 1002 2531 feretis
1018 2448 1131 2515 baec?
1153 2450 1251 2539 inquit

102 2538 208 2621 [acad.
227 2535 253 2618 l,
273 2541 321 2611 11,
336 2534 362 2619 b.
380 2533 451 2616 41];
474 2546 505 2599 et
521 2535 638 2599 Seneca
659 2547 777 2597 notata
799 2534 842 2596 ud
864 2522 1079 2600 Maecenatem
1103 2537 1250 2602 irreme-

102 2619 237 2689 diabile
257 2643 313 2709 pro
338 2615 538 2703 ἀνήκεστον,
569 2621 698 2708 epistola
720 2619 744 2684 G
837 2646 846 2702 3
873 2623 973 2685 simile
996 2620 1078 2709 apud
1098 2624 1252 2687 Lucilium

102 2709 144 2797 [p.
166 2710 240 2788 387]
281 2699 589 2789 monstrificabile3
620 2700 703 2793 apud
727 2704 961 2771 disertissimum
982 2698 1165 2794 scriptorem
1190 2710 1251 2772 La-

103 2795 250 2859 ciantium
269 2788 541 2856 insustentabilia
568 2788 760 2854 donzinatio
780 2793 858 2855 libro
873 2792 947 2858 VH.
966 2795 1064 2881 capite
1083 2794 1177 2859 ΧΠ.
1194 2816 1250 2881 pro

102 2902 141 2944 eo
157 2879 241 2967 quod
256 2876 380 2943 Graecis
395 2871 627 2954 derelicturos
646 2873 743 2960 ἀρχή,
767 2876 806 2941 de
826 2900 886 2964 quo
903 2878 943 2942 ad
957 2879 1151 2945 Athenaeum
1170 2882 1250 2944 libro

100 2964 157 3029 111.
175 2986 240 3053 cap.
253 2964 342 3046 XX3
364 2975 395 3027 et
408 2956 678 3054 incogitabilisd
697 2958 854 3046 ἀνόητος,
877 2964 979 3028 eidem
992 2966 1151 3047 Lactantio
1170 2967 1251 3029 libro

102 3050 128 3115 Ι.
153 3049 193 3132 [c.
211 3050 261 3130 8.]
306 3046 497 3138 [Antiopa,
528 3072 625 3136 aeque
651 3052 739 3112 clara
754 3049 1056 3133 Pacuviiltragoedia
1079 3073 1114 3115 ac
1136 3051 1252 3116 Medea

102 3136 197 3200 Ennii
213 3135 292 3215 (cic.
307 3135 347 3198 de
360 3135 427 3200 Fin.
445 3136 470 3217 1,
486 3139 532 3215 2),
555 3155 742 3200 verrucosa
756 3148 912 3213 vocatur,
923 3140 1045 3215 scabra,
1068 3158 1178 3224 aspera
1194 3159 1252 3202 ve.-

102 3233 255 3289 tustorum
273 3225 441 3287 verborum
460 3223 600 3303 rubigine
623 3228 666 3296 (v.
682 3222 767 3286 Pass.
782 3243 815 3308 p.
840 3223 933 3302 297);
962 3224 1150 3309 vituperium
1170 3234 1253 3287 recte

104 3307 144 3370 ad
157 3308 296 3371 sublirrtis
310 3320 420 3393 poetae
437 3328 678 3386 sermonem,
700 3328 792 3393 quem
809 3308 860 3369 illa
877 3319 976 3371 aetate
993 3309 1097 3394 inepte
1114 3310 1254 3389 aemula·

103 3394 228 3472 bantur,
255 3395 348 3456 refert
370 3393 473 3474 Pass.;
502 3405 533 3455 at
552 3395 746 3480 antiquorum
757 3394 994 3479 'philologorum
1020 3417 1109 3458 more
1134 3395 1254 3459 Pluma

104 3479 197 3560 „Jam
220 3479 452 3542 observavimus
469 3478 608 3542 Persium
629 3480 782 3541 imitatum
797 3499 864 3542 esse
887 3480 1054 3562 Lucilium3
1076 3484 1161 3542 hunc
1179 3500 1256 3545 vero

106 3562 142 3627 ire
156 3561 330 3649 poematis
338 3561 439 3627 Accii
452 3561 648 3627 etPacurii
663 3561 900 3628 obtrectandis
917 3565 1054 3629 clarum
1070 3569 1147 3630 olim
1161 3568 1258 3632 titisse

106 3649 252 3713 discimus
266 3671 306 3712 ex
324 3648 423 3714 Gellio
439 3647 548 3729 xvtl,
570 3656 621 3716 21.
639 3650 745 3730 extr.“]
931 3698 934 3703 .
1178 3700 1182 3715 .

191 3740 242 3802 79.
264 3730 339 3797 Hos
357 3734 477 3821 pueris
505 3732 658 3799 monitus
676 3743 798 3822 patres
820 3731 1005 3823 infundere
1027 3734 1142 3825 lippos
1169 3734 1260 3802 Crem

105 3815 250 3900 videas]
273 3820 299 3884 A
320 3820 497 3887 doctoribus
513 3822 706 3909 eloquentiae
721 3823 753 3885 in
769 3833 870 3908 patres
884 3826 1005 3909 culpam
1020 3828 1172 3887 transfert.
1196 3824 1259 3887 Pe-

105 3905 223 3979 tronius
243 3906 282 3988 [c.
306 3907 357 3988 41:
381 3905 478 3988 Quid
500 3928 584 3996 ergo
611 3906 690 3970 est?
706 3917 873 3993 parentes
896 3907 1140 3996 objurgatione
1158 3904 1260 3997 digai

104 3998 197 4071 sunt,
219 3988 406 4079 quinolunt
423 3990 552 4057 liberos
567 4015 646 4057 suos
661 4014 781 4058 severa
796 3994 873 4081 lege
883 3989 1066 4143 propit-ere.
1092 3994 1260 4067 Primum

105 4074 217 4149 enim,
246 4073 336 4140 sicut
359 4077 496 4159 omnia,
518 4101 598 4168 spes
622 4101 753 4166 quoque
778 4101 858 4144 suas
887 4078 1074 4145 amitinae
1107 4078 1258 4153 donanis

106 4159 252 4240 deinde,
282 4185 364 4226 cum
391 4161 440 4226 ad
461 4173 543 4229 vota
562 4174 769 4252 properant,
800 4162 911 4229 cruda
937 4162 1052 4231 adbuc
1077 4166 1197 4231 studia
1222 4167 1258 4230 ia

100 4243 229 4336 sorum
240 4248 444 4335 propellant
460 4248 556 4332 [edda
579 4249 775 4338 impellant]
798 4259 832 4314 et
841 4249 1100 4339 eloquentiam,
1124 4275 1193 4339 qua
1208 4250 1258 4317 ai·

108 4333 162 4399 bil
184 4333 302 4419 majus
317 4329 545 4420 confitentur,
567 4335 686 4423 pueris
708 4333 856 4402 induunt
879 4337 993 4402 adbuc
1017 4337 1258 4404 nascentibus:

1 4410 12 4515 .'
58 4422 194 4488 tathaee
208 4420 344 4487 Petronii
361 4423 539 4489 verberum
556 4423 595 4489 iis
616 4425 747 4489 conferri
770 4423 900 4507 debent,
923 4447 1001 4511 quae
1021 4427 1162 4514 superius
1178 4425 1257 4490 dieta
