2700 4972
56 284 121 346 rn
380 302 382 307 ,
424 256 837 345 corrnrnnrrmos
908 247 916 266 ⁸

53 462 100 517 est
119 449 280 514 aedilitatis
300 450 416 512 functio
443 473 509 513 non
527 450 560 512 in
576 452 669 528 urbe,
697 445 754 513 sed
771 448 803 511 in
818 445 925 512 Italico
939 446 1112 534 municipio
1122 466 1196 533 quo-¹

52 537 136 618 dam,
157 546 231 623 puta
245 536 358 600 Arreti:
379 535 546 622 municipia
558 537 654 597 multa
670 556 705 596 ac
722 535 859 598 colonias
875 556 958 599 suos.
969 533 1088 619 aediles
1103 535 1199 599 batn.

52 623 113 686 is'se
129 625 192 703 jam
205 619 308 707 pueris
323 631 432 683 notum
445 643 514 684 esse
528 619 621 684 debet
635 642 674 683 ex
694 619 740 683 ill.
756 618 876 698 Tullio,
907 619 1080 707 spartiano,
1090 619 1198 696 iulia-¹

51 707 159 771 dnano
175 705 217 788 [c.
237 704 305 785 19],
325 705 478 791 lapidibus
492 706 623 791 antiquis
638 717 669 768 et
684 706 750 768 aliis
767 705 959 783 testimoniis.
1005 704 1114 767 Etiam
1130 701 1197 766 illud
1238 702 1243 713 “

52 816 92 857 ex
114 793 199 856 libris
220 789 300 854 Juris
323 792 536 865 notissimum.
572 789 612 853 ad
636 812 740 853 curam
769 803 834 854 tam
860 790 1009 854 aedilium
1033 791 1200 853 urbiconm

52 899 146 965 quam
171 876 413 962 municipalium¹
428 879 522 940 totius
542 876 692 941 Maniliae
718 878 935 939 frumentariae
962 876 1158 961 disciplinam
1175 885 1201 936 et

54 963 273 1026 coercitionem
294 973 462 1047 spectasse3
488 962 528 1024 de
549 963 701 1024 mensuris
723 962 816 1042 igitur
834 961 947 1047 iniquis
971 962 1201 1042 cognoscebant
1252 1034 1254 1041 Ι

54 1060 100 1128 et,
120 1059 157 1110 ut
168 1047 211 1110 ait
225 1046 383 1110 iuvenalis
395 1048 428 1110 in
444 1047 479 1111 X
493 1048 578 1127 [101.
592 1050 662 1110 loco
678 1068 748 1109 cum
762 1058 868 1110 nostro
887 1044 1102 1125 conferendo]‚
1126 1064 1203 1110 vasa
1248 1068 1254 1079 ’-

48 1133 194 1198 πέπονα
210 1127 438 1218 frangebant.
481 1132 582 1196 lidem
597 1155 637 1194 ne
652 1133 718 1217 quis
730 1135 827 1195 malas
843 1154 961 1197 merces
970 1131 1131 1212 venderet,
1151 1132 1205 1193 im-

55 1218 233 1308 pedieb‘ant.
277 1217 403 1282 Plautus
416 1216 635 1297 Rudente'ssl,
658 1224 688 1296 3,
711 1221 752 1283 42
770 1217 844 1303 sq.]:
970 1290 973 1309 Ι

149 1378 152 1385 Δ
199 1326 201 1331 ·
233 1332 236 1337 ·
264 1322 269 1339 ·
480 1301 641 1390 quamvis
656 1298 869 1388 fastidiosus
946 1382 949 1387 Ι

143 1382 282 1456 Aedilis
305 1385 429 1451 estrei
451 1409 540 1474 quae
566 1385 745 1481 improbae
767 1397 848 1451 runt
869 1408 1020 1468 merces,
1036 1376 1163 1480 jactat
1252 1474 1254 1479 Ι

509 1496 635 1538 carnes.

60 1560 177 1645 [Paulo
194 1560 288 1645 plura
306 1576 354 1654 ap.
380 1558 464 1636 Pasa.
484 1573 513 1623 et
533 1561 712 1648 praesertim
733 1582 784 1646 ap.
808 1583 878 1640 eos,
899 1582 977 1647 quos
994 1560 1102 1625 laudat
1119 1561 1155 1626 1³.
1171 1558 1206 1625 G.

60 1644 222 1712 Schindler
242 1640 416 1707 meditati.
440 1654 473 1708 et
496 1644 581 1710 obss.
600 1643 715 1734 jurid.
731 1643 766 1709 in
782 1644 885 1710 Pers.
908 1670 932 1710 c.
957 1653 987 1711 6.
1008 1671 1040 1733 p.
1065 1650 1128 1713 51:
1155 1644 1206 1712 sed

67 1729 249 1813 rejiciendus
284 1751 356 1791 uem
370 1731 421 1792 hic
437 1743 531 1795 tentat
545 1726 718 1818 explicandi
733 1733 794 1794 loci
807 1731 919 1795 modus
932 1754 963 1818 p.
978 1737 1021 1799 52
1035 1731 1096 1818 sq.]

68 1880 71 1885 ,
149 1821 223 1884 131.
287 1835 325 1878 ec
347 1813 540 1899 quiriliaco
563 1837 725 1880 nanterus
747 1826 781 1880 et
802 1825 896 1880 secto
920 1816 956 1880 in
976 1816 1123 1901 pulvere
1139 1839 1207 1883 me·

64 1911 119 1967 tas
146 1898 220 1964 Scit
243 1897 360 1963 risisse
382 1898 510 1989 vasen]
536 1904 595 1965 Hic
619 1906 748 1966 alterum
770 1924 865 1983 genus
890 1903 1057 1967 hominurn
1075 1903 1209 1967 declara-

62 2001 127 2066 tur,
150 1986 362 2073 quod-spernit
384 2008 402 2048 a
425 1986 466 2052 se'
478 1989 600 2052 Persius
625 2000 656 2051 et
680 1987 785 2051 Satiris
806 1990 888 2052 suis:
910 1989 934 2050 ii
955 2000 1027 2051 sunt
1040 1989 1097 2075 qui
1115 1986 1211 2053 stridis

63 2073 280 2161 philosophiae
293 2070 406 2133 rident:
425 2073 509 2159 quod
523 2078 660 2136 fecerunt
672 2076 738 2135 fere
751 2094 875 2175 sqnper
888 2072 1107 2152 Romanorum
1121 2075 1213 2161 plesi-

65 2176 139 2243 que3
155 2158 331 2220 universam
339 2178 413 2220 vero
429 2160 658 2247 philosophiam
673 2157 768 2221 debes
779 2160 947 2239 intelligere
961 2160 1214 2243 owendoxrmir,

67 2244 124 2307 etsi
136 2243 256 2306 Persius
279 2241 354 2305 duas
376 2245 478 2306 solum
499 2246 580 2308 illius
599 2255 699 2331 partes
719 2245 850 2324 attingit:
873 2246 1112 2326 arithmeticam,
1136 2250 1215 2327 cujus

65 2329 186 2391 numeri
204 2328 236 2390 in
250 2328 352 2391 abacis
365 2327 559 2393 discebantur
581 2329 630 2408 [et
647 2330 766 2392 ratione
787 2333 1002 2415 putabantur-l,
1032 2344 1064 2394 et
1090 2352 1216 2413 geome-

68 2415 191 2492 tricam,
216 2414 337 2491 cujusfi
392 2434 429 2478 ae
445 2417 476 2478 in
489 2418 616 2502 pulvere
631 2415 714 2478 soliti
734 2413 866 2479 describi
888 2415 1018 2501 [probat
1036 2416 1084 2482 Pl.
1099 2430 1219 2483 auctore

69 2497 274 2578 Grotelend03
305 2434 580 2581 etssythagoricos
599 2502 649 2562 hic
672 2501 799 2582 intelligi
825 2502 946 2580 conjicit
966 2496 1083 2582 Pass.]:
1106 2505 1221 2568 hicest

71 2584 127 2670 qui
140 2583 263 2670 proprie
276 2581 506 2653 scholasticus
521 2607 568 2669 pu
584 2585 634 2649 via
652 2585 777 2665 dicitur,
799 2585 843 2650 M.
862 2586 964 2649 Tullio
979 2585 1138 2651 eruditus
1148 2588 1220 2676 pul·

32 2680 34 2689 ’
70 2666 141 2748 vis,
163 2680 193 2732 et
206 2671 266 2731 hae
281 2667 431 2750 γραμμαὶ
442 2665 607 2754 batvin,
631 2693 759 2756 quarum
772 2675 869 2734 multa
886 2674 999 2758 ubique
1013 2675 1147 2739 mentio.

160 2759 231 2819 133.
256 2752 410 2819 Multum
420 2756 580 2907 §audere
593 2765 761 2842 paratus,
783 2754 825 2819 'Si
848 2755 977 2843 Cynico
991 2756 1142 2822 barbam
1159 2782 1221 2848 pe·

21 2838 197 2915 rastaldus
211 2838 362 2903 nonaria
377 2863 416 2907 ve
450 2843 513 2925 aa]
537 2841 601 2922 Qui
620 2846 824 2907 abhorrebant
842 2865 860 2905 a
878 2840 1067 2907 Graecorum
1087 2845 1223 2935 discipli-

72 2928 137 3002 nis,
157 2925 180 2988 ii
194 2927 416 3012 philosophos,
439 2931 491 3015 qui
505 2952 523 2992 e
537 2926 663 2992 Graecia
679 2927 815 2992 Romam
833 2929 1066 3010 immigrabant,
1088 2932 1220 2996 ludibrio

32 3044 35 3049 ¹
72 3012 245 3091 habebant3
274 3011 357 3096 (ruod
376 3016 424 3078 bis
443 3016 583 3078 versibus
603 3014 724 3078 Persius
747 3014 894 3079 ostendit:
922 3016 974 3078 illa
997 3020 1102 3080 autem
1124 3030 1222 3082 aetate

73 3099 210 3185 plerique
223 3099 409 3187 philosophi
429 3103 481 3166 vel
502 3100 599 3163 Stoici
619 3111 704 3162 eraut
721 3103 775 3164 vel
795 3099 919 3182 Cynici3
946 3123 1001 3164 eae
1021 3101 1102 3165 duae
1120 3116 1221 3167 sectae

74 3196 141 3247 tum
154 3184 301 3264 vigebant
315 3188 439 3250 caeteris
452 3187 637 3265 jacentibus,
659 3185 843 3271 quibusdam
852 3187 945 3248 etiam
956 3209 1052 3274 prope
1065 3191 1221 3269 extinctis3

75 3271 189 3354 ubique
199 3270 293 3344 tero,
316 3294 381 3334 non
393 3275 495 3336 solum
515 3271 654 3351 Romae,
685 3269 873 3353 Cynicorum
892 3294 1004 3353 magna
1029 3274 1145 3338 vilitas:
1173 3275 1221 3339 his

75 3356 170 3433 vulgo
188 3375 295 3417 omnes
309 3356 492 3436 illudebant,
515 3380 570 3421 eos
584 3357 793 3443 percutiebant
805 3368 835 3420 et
848 3359 940 3421 variis
962 3362 1156 3424 contumeliis
1168 3383 1224 3426 va-

77 3442 206 3517 stabant,
227 3439 312 3524 quod
333 3464 372 3505 na
394 3442 470 3539 ipsis
492 3443 618 3527 quidem
637 3444 812 3505 nolentibus
830 3444 993 3523 faciebant,
1012 3467 1083 3508 cum
1096 3448 1164 3509 nati
1185 3444 1225 3510 ad

79 3525 208 3606 gloriam
229 3527 373 3591 homines
394 3539 572 3609 argumento
597 3550 675 3613 opus
694 3531 859 3607 haberent,
890 3530 923 3591 in
946 3552 1008 3616 quo
1028 3552 1119 3595 suam
1141 3535 1227 3596 illam

79 3611 253 3673 mirabilem
265 3615 445 3696 patientiam
463 3625 553 3699 atque
571 3606 738 3677 ἀπάθειαν
759 3625 953 3679 ostentarent
997 3614 1061 3679 Sed
1080 3630 1147 3680 erat
1167 3620 1227 3681 im-

80 3696 187 3782 primis
210 3695 355 3762 odiosmn
367 3698 443 3762 illud
464 3700 628 3787 patientiae
650 3698 838 3781 Cynicorum
859 3701 1118 3786 experimentum,
1143 3708 1228 3785 cujus

81 3781 150 3844 heic
166 3783 308 3846 meminit
322 3785 452 3850 Persius.
496 3786 628 3872 Apparet
641 3786 724 3846 enim
738 3786 842 3865 solitas
859 3808 877 3848 a
897 3789 1102 3872 petulantibus
1121 3791 1229 3853 horni-

82 3867 173 3929 nibus
189 3873 362 3934 meretrices
378 3894 449 3934 cum
461 3871 520 3934 illis
537 3871 702 3933 committi:
722 3870 814 3934 unde*
824 3895 950 3936 necesse
965 3885 1028 3935 erat
1042 3876 1130 3960 sequi
1147 3879 1228 3940 πλα-

84 3946 146 4016 rri‘v
159 3947 285 4032 iiiluna
300 3969 331 4019 et
344 3958 465 4021 irrisum
478 3979 585 4020 eorum
606 3959 763 4036 omnium,
786 3958 837 4042 qui
857 3960 1028 4022 certaminis
1040 3961 1122 4024 illius
1143 3973 1230 4024 erant

83 4049 276 4124 spectatores.
328 4041 527 4105 Sitnillimum
546 4043 694 4127 estquod
712 4044 744 4105 in
766 4045 871 4106 schola
891 4045 1094 4108 Alexandrina
1112 4050 1230 4110 factum

82 4122 245 4219 aliqpando
270 4129 417 4210 legimus,
448 4129 708 4215 nequissimorum
730 4129 923 4214 quorundam
943 4133 1135 4195 nebulonum
1156 4157 1232 4196 con-

83 4210 248 4296 spiratione
268 4214 301 4275 in
320 4213 522 4277 Theodorum
542 4218 704 4294 juvenem,
727 4215 812 4276 omni
832 4218 896 4294 jam
919 4229 985 4279 turn
1006 4217 1097 4280 laude
1113 4220 1233 4283 virtrrtis

85 4298 283 4383 conspicuum
295 4312 385 4385 atque
403 4301 567 4387 illustrem:
590 4301 789 4363 smnmissum
810 4314 857 4365 est
872 4303 956 4365 enim
974 4315 1110 4367 scortum
1129 4306 1236 4391 impu-

82 4372 279 4468 t'ttnisiqudd
288 4387 320 4449 in'
334 4389 404 4451 foro
418 4386 521 4473 ipsum
536 4384 763 4469 aggressum
784 4385 835 4450 bic
851 4400 898 4453 est
919 4388 971 4476 qui
990 4401 1099 4476 postea
1114 4388 1237 4474 Grego-
