2700 4972
93 218 191 365 rar¹
304 240 370 343 ζΔ
453 210 862 323 courrrdrsruus

94 426 184 508 alto,
206 428 238 491 id
257 438 316 503 est,
337 437 372 490 ut
386 425 438 489 ille
457 417 609 507 adorans
628 416 909 508 ἕκκαιδεκάπηχυς
930 422 1015 511 apud
1035 422 1241 491 Tbeocritur'n'

71 554 73 562 =
96 514 206 594 [Adon.
224 517 260 594 83
283 514 347 591 „sic
368 510 463 576 altus
489 531 538 596 ap.
559 508 678 573 Colum.
698 509 724 591 I,
742 511 842 590 9‚·4‚·“
863 507 944 587 PL,
969 511 1026 596 qui
1042 533 1108 575 non
1121 523 1223 575 temere

94 599 234 662 additum
258 597 409 662 ostendit:
436 617 510 659 nam
531 591 719 674 Graecorum
744 596 907 682 proverbio
932 589 1040 676 ἄνους
1070 592 1222 680 iprum

93 685 293 764 habebatur]:
320 706 375 769 pro
399 684 544 746 sambuca
570 681 663 743 etiam
685 677 831 766 ζαμβύκη
850 681 1009 763 dixerunt,
1038 683 1134 746 etita
1152 682 1222 769 apud

94 772 286 854 Hesychium
301 782 331 835 et
344 768 384 832 B.
403 767 668 848 chrysostomum.
1219 768 1231 797 ·

1 855 2 862 '
174 862 233 921 96.
254 858 333 921 Stat
358 861 479 916 eontra
501 849 622 931 ratim]
655 851 767 916 Contra
784 851 935 914 rationem
955 862 1020 930 est,
1043 861 1078 913 ut
1097 849 1222 914 mediae

93 941 212 1005 fabrilia
233 951 339 1003 mactet
360 948 413 1001 aul
431 940 518 1023 faber
534 931 575 1000 roi
599 932 748 1021 iuraturi.-
773 935 859 999 idem
878 939 912 999 in
933 938 1080 1001 omnibus
1103 938 1222 1000 artibus:

93 1031 219 1090 stultum
237 1038 283 1090 est
300 1025 421 1105 exigere
436 1045 455 1086 a
469 1043 621 1108 quoquam
641 1023 694 1098 id,
717 1022 801 1106 quod
818 1044 882 1085 nnn
897 1021 1053 1100 didicerit,
1074 1044 1140 1084 non
1161 1044 1224 1107 pro·

53 1146 56 1150 .
93 1112 228 1177 fiteaturr
250 1132 304 1175 cur
320 1111 410 1191 igitur
425 1129 529 1196 speres
548 1109 699 1172 rationem
717 1100 799 1172 vilae
820 1107 1132 1190 beatedegendaea
1144 1107 1225 1172 Pras-

95 1208 162 1263 tore
176 1207 208 1261 te
222 1194 439 1282 accepturum?
715 1210 719 1221 ’

45 1292 99 1351 tte
181 1284 229 1347 Et
247 1289 420 1345 secretam
434 1275 555 1366 garrit
575 1277 611 1343 in
634 1276 780 1357 aurem]
808 1277 882 1341 Pars
903 1277 1070 1341 librorum:
1088 1274 1225 1366 garsaii,⁸

96 1368 233 1455 plerique
242 1364 382 1455 garrit:
406 1386 457 1426 cur
472 1375 575 1427 autem
589 1360 789 1426 secretam?
811 1364 880 1449 quia
896 1364 974 1426 haec
989 1362 1098 1426 Stoica
1110 1363 1228 1444 dogma-

65 1474 69 1483 ·
96 1466 129 1517 ta
143 1474 208 1529 uon
220 1455 323 1517 solum
342 1450 459 1531 ingrata
479 1452 588 1530 vulgo,
611 1449 666 1512 sed
687 1451 780 1512 etiam
797 1449 966 1533 periculosa
987 1448 1071 1535 apud
1086 1470 1226 1536 proceres,

97 1548 132 1601 ut
142 1536 240 1603 modo
254 1540 294 1603 e'x
308 1536 433 1601 Arriano
455 1535 710 1614 ostendebanus3
730 1535 773 1596 sic
793 1535 826 1595 in
840 1531 888 1596 VI
901 1533 982 1613 [42lr

413 1617 596 1705 'patellam
620 1642 642 1681 a
659 1615 761 1681 turba
780 1615 954 1682 seductior
972 1614 1071 1680 audi.
1271 1662 1273 1689 ,

92 1706 175 1789 [Sed
188 1704 331 1797 garrire
349 1704 475 1786 indigua
489 1707 606 1768 ratione
621 1728 697 1769 vox:
708 1725 813 1852 'pum
825 1726 902 1766 recc.
918 1704 1011 1766 critici
1026 1725 1139 1769 omues
1151 1724 1228 1790 prae-
1270 1696 1273 1809 l

78 1788 229 1873 'tdlemnt
240 1794 406 1855 lectionem
428 1798 467 1857 10
481 1790 581 1855 Codd.
594 1792 687 1870 Aca,
735 1790 794 1869 ig,
815 1789 933 1868 Wrm.,
955 1789 1118 1853 5Harnn.
1138 1790 1228 1875 (prae-

98 1870 145 1942 te'r
161 1878 193 1957 1)
221 1890 252 1940 et
278 1877 325 1941 ed.
342 1877 498 1940 Britann.:
525 1874 670 1964 gannit,
699 1874 783 1960 quod
803 1868 925 1962 proprie
945 1895 1060 1937 canum
1082 1886 1131 1939 est
1149 1886 1179 1938 et
1195 1872 1228 1937 ad

56 2008 59 2015 ,
98 1965 191 2028 iratos
206 1966 395 2027 transfertur:
416 1983 446 2026 v.
469 1961 577 2026 Catull.
592 1946 780 2038 LXXXIII,
794 1958 839 2040 4.]

69 2098 73 2109 ,
186 2052 237 2114 97.
267 2045 327 2113 Ne
348 2045 457 2111 liceat
469 2042 597 2133 facere
623 2043 678 2123 id,
702 2040 794 2133 quod
815 2040 891 2131 qais
915 2041 1055 2109 vitiabit
1078 2040 1228 2131 agenda]
1271 2052 1273 2109 ἔ

98 2134 147 2199 Ne
161 2133 308 2217 liceatilli
321 2135 377 2196 arti
395 2145 427 2195 te
445 2132 618 2205 immiscere
641 2153 732 2219 quam
754 2131 881 2193 nescias.
924 2130 1040 2193 alludit
1060 2128 1101 2193 ad
1118 2150 1229 2217 proret-

98 2221 187 2284 bium
205 2218 303 2296 [Arist.
326 2219 422 2304 Vesp.
442 2220 553 2298 142212
567 2214 684 2298 Ἕρδοι
704 2238 753 2290 τις
773 2208 816 2298 ἢν
841 2211 978 2290 ἕκαστος
997 2214 1101 2297 εἰδείη
1119 2213 1227 2299 τέχνην.

48 2312 50 2321 ’
101 2302 209 2386 [Quod
226 2306 316 2369 vertit
330 2304 452 2380 Cicero,
475 2301 683 2379 Tusc.l,18:
707 2300 822 2384 Quam
840 2299 983 2387 quisque
1003 2300 1101 2365 aorit
1121 2309 1228 2381 artent,

102 2388 138 2454 in
153 2388 221 2453 hac
234 2408 269 2451 se
285 2386 470 2468 exerceat]
1261 2440 1264 2445 .

33 2481 107 2553 (lat)
193 2478 245 2540 98.
269 2470 420 2549 Publica
436 2471 494 2535 lea
511 2469 690 2535 bominum
710 2482 904 2559 naturaque
918 2470 1071 2535 continet
1088 2462 1227 2557 insessa]
1263 2482 1266 2487 '

106 2559 263 2625 Sancitum
280 2570 311 2622 et
324 2568 481 2644 receptum
492 2570 536 2622 est
553 2570 585 2620 et
602 2570 728 2621 naturae
746 2562 814 2639 lege
831 2571 861 2632 et
877 2559 1018 2621 omnium
1038 2559 1188 2639 gentium,
1203 2566 1229 2617 ut

102 2644 143 2710 rie
167 2667 203 2709 ea
224 2644 384 2730 quisquam
407 2642 610 2724 aggrediatur,
636 2665 713 2728 quae
731 2646 844 2708 nescit:
866 2646 927 2706 hoc
949 2655 980 2706 et
994 2645 1229 2729 sequentiaerst

102 2734 205 2820 paullo
225 2731 310 2792 aliter
331 2729 447 2817 repetit,
471 2728 554 2814 quod
571 2727 692 2792 duobus
705 2728 954 2815 praecedentibus
971 2728 1101 2791 dixerat.
1138 2725 1229 2809 [Quod
1265 2796 1268 2801 ,

103 2818 174 2902 quia
187 2816 408 2879 alienissimum
422 2825 468 2877 est
487 2817 525 2877 ab
546 2814 669 2895 ingenio
686 2814 800 2894 Persii,
825 2815 1020 2900 probabiliter
1032 2813 1229 2879 Passuriuaiu

104 2902 245 2983 Prolegg.
266 2923 296 2986 p.
318 2905 379 2967 186
402 2910 527 2987 poetam
551 2920 589 2961 ex
609 2901 658 2963 his
679 2898 757 2985 quae
777 2900 931 2985 aptissima
951 2903 1055 2962 forent
1080 2903 1229 2963 electurum
1270 2942 1273 2967 t

103 2988 199 3051 fuisse
212 2986 349 3067 conjicit,
371 2984 399 3049 si
418 2988 481 3048 fata
503 2985 643 3048 ultimam
661 2988 766 3049 limem
785 2987 897 3049 horum
916 3006 1064 3050 versuum
1085 2986 1149 3072 ipsi
1168 2998 1229 3049 con2

105 3075 274 3138 cessissent.

192 3163 244 3223 99.
276 3073 325 3220 ist
346 3164 462 3221 teneat
484 3155 603 3222 vetitos
627 3154 768 3221 inscitia
794 3153 1076 3236 debilis‘actus.]
1100 3153 1147 3219 Ita
1163 3136 1230 3221 odr-
1270 3174 1273 3213 ε

106 3264 220 3307 euers.-
241 3254 272 3305 et
288 3254 412 3307 naturae
426 3245 561 3325 gentium
570 3246 635 3322 jure
644 3245 839 3308 constitutum
847 3256 901 3322 est,
910 3254 943 3304 ut
959 3238 1230 3316 debilisiascitia,
1271 3244 1273 3249 ’

108 3333 311 3412 cujuscunque
321 3330 391 3392 artis
405 3330 561 3415 imperitus
579 3340 609 3390 et
621 3341 780 3415 propterea
788 3330 939 3415 impotens
953 3327 993 3390 ad
1006 3327 1092 3390 illam
1104 3348 1232 3391 exercen-

109 3413 281 3491 damluar‘rr
288 3414 438 3501 imperitia
451 3409 620 3498 ἀδυναμία
635 3414 786 3499 quaedam
800 3416 858 3496 est)
868 3422 982 3477 teneat
998 3411 1142 3493 vetitos,
1162 3413 1235 3475 idest

108 3501 222 3563 habeat
237 3521 294 3585 pro
316 3500 417 3562 vetitis
439 3519 474 3561 ac
489 3500 548 3562 sibi
569 3499 734 3563 interdictis
754 3502 828 3578 [imo
849 3502 1003 3563 contineat
1019 3500 1088 3563 sive
1109 3501 1235 3562 cohibeat

110 3607 165 3648 eos
182 3596 283 3663 actus,
305 3587 344 3669 ab
360 3585 447 3649 iisse
463 3585 628 3648 abstineat:
651 3608 724 3670 uam
743 3587 836 3649 etiam
851 3584 936 3672 quod
955 3584 1001 3649 Pl.
1015 3586 1097 3647 vult:
1119 3632 1140 3666 ‚,
1147 3597 1181 3648 ut
1196 3585 1236 3646 in-

109 3670 194 3734 scitia
216 3668 326 3734 debilis
349 3670 451 3733 saltim
474 3692 508 3733 se
528 3669 662 3732 debilem
681 3694 749 3734 esse
776 3673 852 3734 sciat
868 3684 898 3734 et
918 3671 1136 3757 impotentiam
1159 3688 1236 3735 suem

110 3757 296 3835 agnoscat,“
317 3753 351 3818 id
370 3758 439 3837 lege
452 3756 586 3845 praecipi
600 3778 664 3817 non
684 3757 812 3844 potest];
835 3766 934 3820 aetus
954 3778 1070 3853 nempe
1091 3778 1170 3842 quos
1192 3776 1238 3819 ue-

109 3842 180 3920 scit‚
203 3839 286 3927 quod
299 3840 503 3927 supplendum
517 3864 556 3903 ex
569 3842 601 3903 ri
614 3843 700 3905 vocis
716 3840 856 3905 inscitia
880 3843 954 3920 [imo
969 3850 1102 3921 vetitos,
1118 3843 1187 3928 ¹ipsa
1198 3843 1238 3904 ir·

112 3927 197 3991 scitia
211 3928 270 3990 sibi
281 3928 437 4007 negatos]:
459 3927 597 4007 intelligit
613 3927 768 4008 ignoratae
781 3930 924 3993 scientiae
939 3921 999 4009 τὴν
1015 3928 1146 4008 πρᾶξιν.

199 4018 270 4077 100.
293 4008 642 4076 Hileia-helleborum
660 4017 699 4094 r.]
722 4013 816 4077 Redit
829 4015 869 4077 ad
885 4016 1041 4098 exempla:
1065 4036 1160 4076 nemo
1174 4016 1238 4074 serat

113 4094 190 4185 qu'ue
204 4110 275 4161 sunt
288 4097 401 4161 medici
415 4119 505 4179 agere
522 4120 609 4177 eum,
632 4101 683 4184 qui
698 4123 761 4162 non
776 4101 814 4163 sit
826 4100 973 4163 medicus.
1072 4111 1078 4117 '

199 4181 298 4246 Certo
312 4184 466 4270 peraeto]
497 4183 556 4247 Pro
575 4206 686 4265 genere
708 4187 834 4263 veratri,
857 4207 917 4272 quo
935 4183 1043 4264 utaris,
1064 4207 1121 4270 pro
1140 4201 1239 4266 genere

111 4272 227 4349 morbi,
255 4292 310 4357 pro
331 4269 404 4333 anni
424 4281 579 4355 tempore,
602 4293 658 4356 pro
677 4271 793 4335 viribus
815 4271 947 4357 denique
970 4271 1096 4350 aegroti.
1130 4269 1237 4349 [Com-

110 4377 250 4441 pescere
261 4374 406 4419 examen
420 4377 438 4417 a
453 4354 528 4419 libra
542 4358 737 4437 ¹translatum:
758 4378 789 4421 v.
805 4354 846 4421 ad
861 4354 887 4437 I,
906 4359 950 4439 6.]
