2700 4972
127 362 227 447 ‚114
526 366 933 473 contrementes
982 431 986 443 ,

81 586 84 591 ·
162 538 325 604 Conclusio
342 540 419 601 haec
431 550 478 603 est
493 540 598 621 ultima
607 540 706 604 totius
719 538 961 618 deliberationis,
983 537 1062 623 quae
1083 538 1232 601 hactenus
1248 550 1285 603 st

126 618 129 623 ⁴
161 626 287 705 agitata3
309 626 413 697 referri
424 636 526 688 sutem
540 628 616 688 haec
629 629 724 692 verba
739 625 852 688 debent
867 624 907 688 ad
930 625 983 686 illa
1000 622 1243 709 praecedentiae

153 750 159 757 .
245 706 303 773 Ne
319 708 409 774 miti
420 709 639 798 Polydamas
653 721 688 774 et
704 707 872 774 Troiades
888 705 1089 772 Labeonem

148 799 153 815 ‘
251 792 508 868 Praetuleriat;
1077 856 1080 861 .

159 882 204 944 ibi
222 882 342 944 dicebat
363 880 436 946 ideo
458 881 595 945 damnari
615 883 776 944 consilium
795 904 887 945 suum
904 879 944 943 de
959 879 1057 944 Satira
1077 878 1238 945 scribenda
1253 883 1284 943 ab

112 968 296 1033 tssitto'suo
315 971 484 1041 monitore,
506 969 576 1052 quia
596 990 738 1055 proceres
752 968 887 1030 Romani
916 969 968 1030 vel
991 966 1148 1030 Labeonls
1170 962 1286 1029 Iliadem

157 1053 254 1138 ipsius
272 1052 377 1116 Satiris
391 1065 492 1117 essent
503 1055 715 1139 anteposituri:
737 1076 827 1131 nunc,
848 1064 1011 1138 postquam
1025 1071 1149 1117 caussas
1161 1051 1212 1113 sui
1223 1073 1285 1115 con-

157 1140 218 1201 silii
231 1143 299 1202 fuse
312 1140 488 1225 explicavit,
509 1151 601 1220 negat
614 1161 648 1203 se
661 1143 741 1202 velle
756 1161 826 1200 cum
837 1160 990 1223 quoquam
1005 1137 1290 1223 eorumpoe'tamrn,

158 1225 218 1313 qui
231 1227 326 1305 vulgo
346 1225 462 1373 accepti
484 1237 601 1304 essent,
629 1227 685 1288 has
699 1247 769 1288 suas
786 1223 899 1286 Satiras
918 1235 1123 1287 commutare:
1153 1223 1289 1285 nimium

39 1328 42 1333 ·
157 1311 251 1394 pluris
269 1309 401 1374 faciebat
445 1311 540 1373 ersius
553 1332 750 1390 generosam,
774 1332 833 1395 qua
848 1311 940 1371 utitm
955 1310 990 1371 in
1007 1311 1068 1371 hoc
1080 1310 1162 1372 libro
1181 1307 1215 1371 in
1234 1330 1289 1371 cas

156 1395 266 1480 pendis
281 1397 376 1474 vitiis,
398 1397 582 1474 libertatem,
607 1417 699 1481 quam
716 1399 893 1481 cujusquam
909 1395 1036 1474 gratiam
1049 1405 1103 1456 aut
1116 1415 1209 1479 spem
1221 1396 1289 1457 ullo-
1313 1430 1323 1503 1

156 1502 226 1542 rum
240 1481 489 1544 commodorum:
509 1483 567 1544 viri
579 1484 768 1561 magnanimi
787 1484 862 1544 haec
883 1480 1065 1542 certanota!
1111 1478 1178 1541 Dio
1202 1476 1289 1563 ctrry.
1321 1518 1323 1527 =

156 1578 313 1643 sostomus
324 1569 356 1629 in
370 1589 405 1629 ea
419 1565 536 1646 [altera]
559 1565 598 1628 de
612 1566 727 1630 invidia
744 1568 800 1645 [or.
814 1564 997 1642 LXXVIII,
1011 1587 1041 1650 p.
1057 1568 1130 1644 660,
1147 1568 1192 1629 36
1204 1566 1288 1669 ⁸¹I¹I⁶I²
1321 1630 1323 1635 .

155 1643 1289 1821 aaaattractatastastatuta?lustaus
1321 1676 1323 1711 ²

885 1783 893 1812 i
1293 1802 1299 1813 ι

13 1876 17 1893 .·
155 1818 245 1904 ρινῆ
259 1821 431 1904 δυνάμεως
446 1819 660 1907 ἢχρημάτων.
683 1826 787 1888 Labeo
802 1825 870 1886 heic
885 1825 1109 1907 inexemplum
1118 1820 1288 1885 nominatur

81 1982 84 1987 ⁸
154 1928 263 1970 eorum
277 1910 446 1994 poetarum,
459 1913 510 1994 qui
525 1923 595 1972 tunc
609 1911 761 1973 florebant
776 1923 807 1972 et
817 1910 911 1990 gloria
924 1920 955 1971 et
967 1908 1070 1989 gratia,
1086 1904 1145 1970 sed
1159 1910 1288 1999 ejusm-

154 1994 292 2055 minatim
310 1997 344 2055 fit
368 1997 484 2057 mentio
503 2008 625 2081 propter
644 1998 831 2081 superiorem
845 2004 1132 2058 versumz'strenue
1149 1994 1235 2057 enim
1246 2014 1289 2057 m·

154 2090 236 2157 rant,
262 2080 313 2164 qui
329 2079 368 2141 ad
390 2080 521 2143 Neronis
540 2080 668 2143 Iliadem
693 2084 773 2141 hunc
795 2084 899 2142 locum
917 2083 1061 2142 referunt.
1105 2077 1286 2143 Satiraseb-

155 2176 260 2244 ganter
273 2156 466 2246 πέριφρόἱζει
480 2165 599 2229 duabus
615 2165 758 2228 adhibitis
774 2168 872 2229 notis:
896 2165 980 2251 quod
1002 2166 1042 2227 sit
1058 2185 1185 2228 carmen
1205 2184 1285 2251 oper-
1311 2172 1316 2193 '

111 2300 114 2307 .
153 2261 220 2312 tum
233 2261 263 2312 et
279 2249 319 2313 ad
336 2250 527 2314 movendum
539 2253 636 2335 risum
651 2252 839 2337 appositum:
861 2273 953 2336 quam
967 2252 1047 2313 belle
1061 2248 1285 2313 haec'naturam

153 2337 219 2415 ejus
235 2336 352 2415 generis
371 2338 539 2399 canninum
554 2339 714 2423 aperiunt?
738 2359 796 2422 qua
818 2336 856 2398 de
875 2359 908 2399 re
928 2335 1043 2397 dictum
1064 2347 1111 2398 est
1129 2358 1189 2401 suo
1208 2338 1284 2417 loom

153 2428 311 2502 opertum
326 2425 468 2485 translata
480 2444 545 2486 vox
559 2444 577 2485 a
591 2423 682 2486 sacris
700 2424 887 2508 opertaneis,
911 2443 989 2506 quae
1010 2414 1182 2504 μυστήρια
1199 2418 1284 2485 Gne·

73 2536 77 2543 ·
151 2505 212 2583 cis,
235 2506 288 2568 ubi
306 2509 434 2570 obscure
448 2519 479 2569 et
492 2503 539 2571 δι’
557 2508 723 2590 ἀἰνιγμῶν
769 2531 784 2571 s
802 2508 924 2571 divinae
938 2508 1146 2587 significantur
1159 2503 1284 2587 [imottl

151 2589 257 2653 Midae
270 2592 501 2655 similitudinem
514 2530 846 2681 pararentquddnodo
860 2615 932 2664 usus
945 2588 1018 2673 est]3
1037 2589 1154 2655 ridere
1169 2610 1283 2671 meum

151 2672 214 2758 τὴν
231 2672 314 2760 ἐμήν
327 2675 513 2761 παρῤησίαν
526 2678 582 2763 uui
597 2677 783 2762 lpsutypdv
796 2679 895 2761 [Bene
908 2674 971 2742 Pl:
992 2677 1161 2758 „Similiter
1171 2677 1282 2743 Patron
1314 2760 1317 2765 Ι

151 2759 216 2824 Sat.
238 2763 299 2829 52:
329 2761 446 2833 Meum
471 2763 565 2827 enim
585 2764 781 2850 intelligere
797 2763 893 2828 nulla
911 2762 1064 2850 pecunia
1092 2760 1283 2844 veesdo.“·];

151 2853 226 2908 tom
238 2845 303 2926 nil,
325 2849 408 2933 quo'd
421 2850 509 2913 initio
527 2855 618 2932 hujus
635 2852 865 2935 deliberationis
874 2862 1034 2936 tantopere
1047 2852 1195 2914 elevabas
1208 2848 1283 2929 vulgi

149 2933 298 2994 iudicium
312 2947 442 2999 secutus.

236 3014 354 3082 Nulla
379 3018 444 3084 tibi
463 3018 574 3085 vendo
594 3018 742 3103 Iliade]
768 3016 861 3102 Πρὸς
880 3014 1040 3101 οὐδεμίαν
1059 3032 1116 3083 σοι
1135 3012 1283 3098 diluist-

152 3096 370 3187 prpv'lltcidur
391 3119 512 3170 montes
530 3109 594 3170 auri
606 3131 669 3171 non
684 3120 837 3186 meream,
859 3118 892 3168 ut
906 3117 1022 3167 mutato
1041 3107 1171 3185 ingenio
1185 3107 1283 3169 lieren

149 3190 254 3253 Labeo
269 3193 322 3255 vel
337 3193 462 3276 quilibet
477 3195 553 3257 alius
571 3215 610 3256 ex
628 3196 693 3257 istis
716 3194 826 3279 ineptis
845 3192 964 3278 politis,
986 3192 1038 3275 qui
1055 3191 1283 3259 assentandoel

150 3275 262 3338 misere
277 3279 479 3341 versificando
491 3277 623 3342 Neronis
638 3279 801 3342 amicitiam
821 3279 902 3339 nacti
915 3279 1009 3357 vulgo
1026 3298 1082 3338 ceu
1104 3277 1190 3340 beuti
1203 3281 1283 3364 prus·

100 3377 152 3433 155
159 3359 304 3423 dicantur.
345 3360 448 3443 Digna
467 3384 531 3426 vox
551 3386 700 3444 generoso
720 3365 839 3427 animo!
870 3364 966 3448 qualis
987 3364 1038 3424 illa
1054 3360 1236 3427 Promethei
1247 3358 1282 3425 ud

154 3444 341 3509 Mercurium
353 3448 435 3534 apud
450 3449 636 3531 Aeschylum
657 3451 735 3600 {965
786 3450 826 3530 .]=

241 3533 306 3615 illle
325 3535 385 3615 σῆς
405 3533 556 3612 λατρείας
579 3534 640 3616 τὴν
676 3531 743 3619 μήν
808 3532 982 3613 aspeliam

166 3698 208 3764 cf
236 3619 366 3766 ξαφώς
385 3613 545 3768 ἐπέστασζ
569 3615 631 3685 οὐκ
652 3616 697 3685 ἄν
717 3613 892 3703 ἀλλάξαιμ’
914 3614 987 3703 ἐγώ.

205 3724 217 3765 .·
262 3724 320 3766 ass.
364 3750 372 3766 .
516 3754 522 3768 .
778 3746 788 3763 -.
1198 3724 1203 3729 ·
1309 3764 1313 3769 .

151 3701 165 3781 [
239 3794 309 3854 123.
332 3708 687 3878 Ludadisddicunque
709 3774 830 3878 afflicte
854 3786 1025 3869 Gracina]
1048 3786 1086 3850 In
1102 3790 1164 3851 hac
1184 3787 1281 3851 ultim
1320 3798 1323 3861 ζ

152 3870 269 3936 Satirae
290 3875 376 3938 istius
395 3888 479 3961 parte
502 3879 704 3963 philosophos
725 3880 860 3939 imitatur
873 3876 1009 3953 Persius,
1023 3894 1118 3959 ¹quos
1142 3892 1282 3959 persstpo

149 3970 196 4022 est
205 3957 328 4037 videre,
354 3964 479 4046 qualem·
495 3966 641 4026 lectorem
655 3963 844 4040 desiderent,
869 3963 979 4048 quibus
991 3960 1172 4045 scripserint
1185 3966 1235 4039 et,
1249 3966 1282 4019 ut
1321 4006 1323 4017 .

147 4045 353 4130 philosophus
367 4049 398 4109 lo
421 4048 513 4127 uitur,
536 4050 602 4132 quis
624 4052 740 4112 futinus
755 4051 794 4113 sit
810 4049 932 4123 οἰκεῖος
950 4039 1133 4128 ἀκροατὴς,
1158 4045 1283 4125 diligen-

119 4196 124 4206 ,
147 4141 195 4192 ter
210 4132 369 4215 explicare.
438 4134 496 4195 acit
515 4136 577 4195 hoc
592 4134 767 4198 Aristoteles
783 4137 816 4197 in
836 4136 935 4220 primo
951 4131 1235 4197 Nicomacheorum
1249 4128 1283 4193 li-

148 4217 215 4278 bro.
258 4214 367 4279 Strabo
380 4219 472 4280 etiam
485 4230 623 4282 accurate
643 4221 675 4282 in
690 4221 789 4304 primo
808 4225 878 4284 τῶν
890 4214 1224 4301 γεωγραφυυμένωνε
1243 4213 1282 4278 sic

150 4312 182 4364 et
200 4298 336 4365 Galenus
358 4324 423 4365 non
443 4326 505 4367 uno
527 4307 615 4382 loco,
639 4303 815 4391 Simplicius
835 4307 869 4368 in
890 4304 1080 4391 Epictetum,
1109 4324 1181 4365 cum
1202 4300 1283 4364 initio

149 4397 215 4449 tum
228 4388 318 4469 alibi3
340 4400 430 4474 atque
446 4390 497 4451 alii
509 4391 614 4470 magni
625 4392 682 4454 scri
703 4402 802 4457 tores:
824 4393 916 4455 simul
936 4411 1011 4455 vero
1032 4388 1156 4453 Persius
1175 4386 1218 4450 ad
1237 4387 1284 4449 ille

136 4473 310 4557 ¹monitoris
320 4474 368 4537 sui
380 4475 535 4574 asperiora
545 4479 649 4556 verba,
665 4413 753 4558 §uis
768 4475 862 4566 leget
877 4474 994 4541 baec?
1013 4475 1095 4540 serio
1109 4471 1285 4560 respondet:
