2700 4972
47 328 55 341 ’
146 299 206 366 28
271 228 276 249 ¹
530 292 938 405 corrumpamus

251 473 301 534 12.
326 463 427 551 Quod
445 465 477 531 ai
491 465 603 532 dolosi
618 487 695 556 opes
712 446 885 555 ‘refici-serit
900 465 1053 548 aramme]
1080 465 1121 531 Si'
1136 453 1296 533 mendice-

162 555 237 618 bula
263 555 341 616 haec
359 553 522 640 politarum
541 555 757 618 Mecoenatem
776 555 1001 632 nanciscantur,
1033 552 1111 616 adeo
1139 555 1201 618 sibi
1221 555 1296 618 boni

162 639 305 704 ridentur
325 640 437 727 potitae
463 639 602 726 adeoque
631 640 833 717 insolescunt,
862 650 915 715 ut,
946 660 1016 700 cum
1036 638 1128 704 Barii
1155 641 1217 703 sint
1245 652 1298 703 aut
1339 695 1342 705 ,

163 724 290 803 Maeuii,
310 746 367 810 pro
389 726 540 806 germanis
552 737 657 787 tamen
669 725 805 804 Virgiliis
818 725 924 787 haberi
944 727 1100 810 postulent
1121 726 1201 806 [sive
1216 738 1296 790 certe

164 822 230 872 tam
251 811 420 891 magnificis
440 822 472 873 et
492 810 697 896 grandiloquis
717 821 843 871 utuntur
862 811 981 891 verbis,
1008 822 1042 871 ut
1062 812 1141 874 nihil
1162 833 1217 875 eos
1238 812 1297 876 nisi

163 897 310 959 altissima
331 917 469 982 quaeque
483 896 690 982 expromenda
711 897 826 958 habere
847 895 975 976 credas].
1013 893 1184 960 Dolosum
1198 919 1296 960 ntroi-

163 1002 259 1045 mum
279 984 411 1068 appellat
436 983 488 1044 vel
509 984 665 1044 communi
685 1003 759 1044 usus
780 982 933 1066 epitheto,
962 979 1003 1042 ad
1023 984 1208 1045 sententiam
1227 986 1297 1063 nul-

161 1069 228 1129 lum
248 1069 382 1130 habente
401 1079 611 1149 momentum3
640 1068 696 1130 vix
716 1079 820 1131 autem
840 1088 876 1128 ac
896 1088 938 1128 ne
957 1067 1012 1130 vix
1039 1067 1166 1153 quidem
1183 1090 1297 1150 magna

160 1153 290 1238 pecunia
311 1154 379 1216 siue
403 1152 482 1216 dolis
504 1175 539 1215 ac
552 1152 716 1227 ,fraudibus
739 1153 870 1233 cogitur:
899 1154 951 1215 vel
980 1150 1114 1216 dolosus
1138 1175 1296 1217 nummus

162 1238 271 1301 dicitur
290 1260 353 1300 non
375 1239 486 1302 virtute
506 1251 618 1324 partus,
640 1238 697 1302 sed
717 1260 772 1323 per
791 1236 919 1299 foedam
945 1236 1154 1301 adulationem
1175 1251 1210 1302 et
1228 1243 1298 1327 upi-

75 1390 78 1395 ,
160 1323 255 1387 nione
269 1326 346 1386 falsa
363 1323 520 1404 cujusdam
532 1325 567 1385 in'
586 1323 676 1410 poiisi
696 1323 906 1408 praestantiae.
933 1322 1090 1400 [Similiter
1102 1323 1209 1389 Barth.
1222 1328 1245 1389 l.
1258 1329 1296 1391 l.:

56 1442 60 1453 ι
161 1407 236 1472 dolo
256 1408 424 1494 petendus-3
444 1431 509 1472 non
530 1410 614 1474 enim
638 1409 751 1494 decipit
769 1409 807 1483 is,
830 1407 886 1472 sed
907 1430 946 1470 eo
969 1422 1172 1490 emunguntur
1187 1411 1297 1476 divites

32 1488 34 1495 ’
108 1504 115 1524 ’
161 1496 301 1580 apoetis
323 1496 382 1558 illis
402 1496 514 1582 ineptis
527 1507 559 1557 et
578 1499 729 1558 bonarum
749 1516 851 1556 rerum
870 1495 1021 1559 inanibus.
1051 1495 1179 1581 Optime
1194 1497 1296 1575 Bassa

159 1577 450 1665 versiilrrerisch‘
477 1577 550 1645 Non
571 1583 670 1643 multo
691 1581 777 1643 aliter
792 1580 978 1644 δολοῦοδοιι
992 1576 1121 1658 κέρδεσι
1134 1581 1212 1645 dixit
1224 1582 1299 1646 Pin-

160 1664 250 1729 darus
277 1667 469 1753 prosecari
496 1679 655 1752 quaestum
676 1667 889 1745 inhonestum,
917 1667 950 1728 in
972 1665 1045 1729 Oda
1062 1660 1109 1730 ‘ad
1127 1669 1298 1731 Hieronem

63 1792 90 1810 ..
161 1751 377 1833 Pythionieam
399 1750 436 1833 ll,
459 1756 500 1817 92
525 1774 550 1816 s.
575 1752 664 1832 179]:
693 1746 737 1834 μή
761 1751 925 1836 δολωθῇς,
946 1752 1053 1836 inquit,
1076 1752 1163 1833 φίλε,
1185 1749 1297 1833 sicda-

160 1849 215 1901 σου
244 1829 471 1918 micantiores
494 1839 563 1909 ,hoc
590 1849 650 1917 est,
683 1858 724 1899 ne
754 1836 913 1923 decipiaris
937 1839 1043 1901 lucris,
1059 1838 1297 1919 blandientibus,

71 1926 74 1935 '
159 1944 261 2009 neque
282 1923 397 1987 ‘siveris
422 1921 599 2010 persuaderi
624 1923 680 1986 tibi
709 1924 857 2008 pecuniae
884 1923 1105 2005 parcimoniam
1121 1926 1166 1987 in
1194 1927 1298 2012 specie
1328 1958 1331 1965 ’

160 2009 340 2091 honestam,
361 2030 395 2072 re
415 2020 551 2094 turpem:
581 2030 655 2071 usus
673 2010 771 2093 verbo
793 2007 994 2085 δολοῦοθοιι,
1024 2021 1058 2071 ut
1080 2031 1134 2074 eos
1150 2012 1299 2098 perstrin-

161 2104 269 2175 geret,¹
288 2094 340 2179 qui
361 2106 499 2157 auctores
520 2105 606 2156 erant
626 2093 771 2170 Hieroni,
799 2115 840 2156 ne
860 2087 1112 2178 ὑστεροφημίαν
1139 2098 1298 2162 beneficiis

79 2246 85 2271 Ι
159 2180 192 2240 iu
211 2176 321 2265 poitas
340 2191 370 2242 et
389 2179 551 2243 historicos
572 2177 748 2241 redimeret:
769 2201 833 2242 non
852 2182 986 2265 probum
1007 2203 1075 2244 esse
1087 2181 1121 2244 id
1135 2184 1299 2247 consilium

102 2277 104 2281 ’
159 2276 191 2328 et
210 2262 361 2414 -ripiculos
389 2265 442 2352 qui
471 2263 592 2340 darent,
619 2265 753 2329 ‘vocibus
784 2265 844 2328 illis
874 2266 972 2328 innuit
1003 2266 1156 2353 δολωθῇς
1185 2281 1216 2333 et
1246 2263 1298 2335 eri·

158 2370 247 2417 run
264 2353 342 2425 λοις.
1310 2378 1315 2389 “

179 2371 199 2433 ρ
245 2431 454 2523 Resulserit]
481 2437 574 2499 Liber
593 2436 736 2500 Puteani:
765 2431 948 2526 refulgeat.
991 2438 1128 2503 Joannes
1149 2437 1298 2504 Saresbe-

109 2576 112 2588 ,
159 2519 267 2585 niensis
293 2523 371 2584 libro
395 2521 461 2584 Vll.
489 2543 514 2587 c.
536 2521 637 2586 XVI:
667 2518 809 2587 Nullum
830 2544 947 2608 grave
959 2524 1153 2610 periculum
1174 2535 1239 2603 est,
1266 2525 1299 2592 ai

110 2623 147 2678 28
163 2628 240 2693 spes
261 2604 372 2669 dolosi
390 2606 524 2670 nummi
541 2602 720 2693 refulgeat.
750 2607 810 2671 ·Ita
831 2610 964 2694 loquitur
984 2610 1120 2689 Persius,
1149 2615 1236 2675 velut
1256 2612 1316 2675 de'

159 2714 202 2773 re,
227 2714 305 2778 quae
330 2704 457 2777 repente
478 2693 587 2755 existat
617 2704 648 2755 et
676 2714 747 2755 casu
769 2693 914 2778 quodam.
960 2693 1042 2775 Quia
1066 2698 1149 2759 enim
1170 2719 1237 2760 non
1250 2720 1297 2771 ex

141 2779 267 2841 merito
288 2778 442 2863 ipsorum,
463 2777 519 2842 sed
544 2800 583 2840 ex
603 2778 734 2841 aliorum
754 2781 878 2842 stultitia
898 2782 987 2844 malis
1008 2781 1109 2868 poetis
1130 2783 1297 2847 commoda

156 2865 235 2927 haec
254 2864 407 2944 eveniunt,
430 2875 535 2950 optare
556 2862 682 2950 quidem
705 2865 758 2927 illa
779 2887 901 2953 semper
921 2879 1101 2955 potuerunt,
1123 2879 1155 2931 at
1171 2890 1297 2957 sperare

155 2971 221 3012 non
241 2950 325 3013 item.
380 2948 384 2959 '
462 2964 471 2979 ³
757 2996 759 3001 -
1184 3010 1189 3023 ,

213 3084 215 3089 -
244 3041 292 3101 13.
319 3031 447 3101 Cervos
461 3036 586 3122 potitae
608 3044 641 3098 et
661 3035 814 3121 poetriae
828 3037 957 3124 piena]
985 3040 1123 3104 Hoc'est
1143 3028 1297 3105 malos'et

87 3134 90 3141 '
157 3119 300 3185 indoctos
326 3121 451 3207 poiitas:
486 3120 527 3183 ad
554 3123 722 3184 naturalem
749 3143 856 3185 earum
891 3126 996 3188 avium
1023 3148 1135 3207 vocem
1164 3127 1297 3214 respicit,

152 3229 218 3271 non
240 3228 310 3271 eam
330 3229 424 3292 quam
444 3205 554 3283 edunt,
577 3228 648 3268 cum
668 3209 838 3271 humanam
858 3213 1024 3295 loquellam
1044 3212 1216 3275 imitantur:
1240 3235 1297 3277 ex-

51 3296 57 3308 “
154 3295 266 3383 cellunt
288 3294 371 3355 enim
393 3304 424 3355 et
442 3314 551 3357 corvus
574 3304 605 3371 et
624 3293 691 3378 pica
710 3294 744 3355 in
760 3316 798 3356 eo
821 3317 948 3375 genere:
971 3309 1002 3359 at
1020 3298 1164 3361 naturalis
1186 3320 1297 3364 eomm

152 3399 217 3442 vox
245 3399 309 3439 non
332 3379 442 3439 solum
468 3378 603 3458 ingrata,
638 3400 748 3442 verum
777 3392 808 3442 et
834 3382 967 3444 inlausta
997 3385 1150 3447 veteribus
1180 3386 1296 3464 habita,

152 3463 332 3549 praesertim
351 3462 437 3526 corvi
454 3473 485 3525 et
498 3460 692 3543 κλοὰζοντος,
713 3462 929 3550 gloeitontis,
952 3480 982 3530 et
993 3465 1190 3551 κοοὶζοντος,
1208 3492 1297 3557 gro-

111 3548 115 3557 '
154 3547 305 3621 citantis,
334 3559 365 3611 et
387 3564 458 3610 cum
479 3549 566 3628 glutit
585 3570 698 3611 vocem
717 3553 804 3615 velut
824 3556 1021 3634 strangulati:
1051 3554 1189 3621 diversos
1212 3555 1297 3619 enim

152 3655 248 3697 sonos
271 3633 335 3696 edit
356 3656 481 3714 corvus,
508 3636 612 3719 plures
631 3634 718 3720 pica,
749 3634 788 3699 de
816 3639 925 3723 quibus
948 3641 1029 3704 abbi.
1073 3640 1113 3704 ln
1141 3643 1296 3740 plerisque

152 3720 251 3807 libris,
288 3720 381 3782 etiam
407 3720 639 3804 antiquissimis,
674 3742 836 3808 perperam
862 3726 1008 3811 scriptum
1030 3726 1214 3812 podtridas
1245 3740 1296 3791 aut

26 3840 29 3845 ·
144 3803 330 3891 pauidas.-
363 3806 515 3892 posterius
543 3807 648 3892 palam
675 3807 843 3891 vitiosum3
876 3814 1003 3874 alterum
1030 3813 1110 3875 miro
1142 3836 1295 3877 consensu

151 3901 274 3954 tuentur
292 3892 406 3955 vetusti
428 3890 563 3955 codices:
591 3914 649 3955 nec
669 3894 764 3980 plane
786 3897 927 3977 analogia
950 3911 1043 3962 caret:
1072 3921 1147 3962 nam
1171 3912 1205 3961 ut
1236 3892 1296 3964 αδ-

31 4010 55 4024 κ·
151 3974 265 4059 incole
294 3979 332 4040 ab
363 3970 521 4060 αὐλητὴς,
552 3978 595 4040 ita
624 3976 776 4062 ποιητρὶς
804 4003 821 4043 a
853 3979 994 4067 ποιητής
1021 3996 1124 4071 potest
1153 3986 1294 4048 formari:

150 4065 261 4126 melius
286 4073 390 4127 tamen
405 4062 571 4150 petimina,
593 4075 627 4126 ut
645 4086 768 4152 semper
791 4065 900 4131 Graeci
921 4065 1091 4153 ποιήορὶοιε
1124 4072 1183 4135 cuia
1194 4072 1295 4135 simile

150 4161 197 4212 est
224 4142 369 4230 ψάλτριοι
399 4161 430 4212 et
458 4148 703 4233 σαμβυκίστριοι
724 4151 805 4238 apud
829 4153 1054 4236 Menandrum,
1084 4167 1116 4219 et
1144 4155 1295 4240 ovlloyl·

150 4247 247 4313 οτρια
277 4232 359 4320 apud
382 4234 544 4314 Originem
575 4247 662 4298 tomo
684 4236 725 4299 V.
750 4250 853 4301 contra
877 4239 1017 4320 Celsum,
1046 4254 1077 4305 et
1100 4243 1160 4306 alia
1187 4247 1292 4308 multa.

92 4336 95 4344 ·
150 4321 199 4399 [At
219 4344 252 4386 v.
274 4318 358 4383 Pass.
380 4342 411 4406 p.
434 4325 498 4402 230
519 4343 581 4406 sq.,
611 4321 664 4407 qui
691 4324 763 4384 huic
791 4327 949 4407 analogiae
978 4328 1171 4394 difficultates
1193 4353 1294 4417 oppo-

129 4406 211 4488 .nit;
234 4416 391 4494 praeterea
405 4416 566 4492 poetarum
581 4409 667 4471 locos
686 4407 811 4485 indicat,
832 4413 884 4474 ubi
903 4414 980 4479 meli
1000 4426 1111 4501 poetae
1133 4438 1206 4480 cum
1227 4417 1293 4480 avi-
