2700 4972
214 302 217 311 ’
327 330 915 439 rnraasrr-srrrarrrrrr
1050 328 1053 332 ’
1129 336 1193 421 rra
1282 276 1287 287 ¹

67 530 141 575 ιατο
160 559 169 589 ,
190 511 319 596 loquens
334 507 375 572 (le
390 507 527 572 Isaacoa
543 520 633 595 patre
645 505 857 572 sacrificando:
880 495 979 584 οὗτος
999 509 1058 592 τῆς
1079 506 1192 576 διαδο-

67 599 111 680 ῇς
132 530 161 660 ti
170 595 302 671 κλάδος.
322 624 325 631 ·
353 592 540 658 Mille-sime
561 607 592 656 et
612 605 759 680 sequente
778 614 867 657 versu
881 590 1037 658 trabeate
1059 595 1192 659 vocandi

67 703 141 744 asus
160 704 219 768 pro
241 680 450 760 nominativo,
480 680 565 766 quod
583 681 684 766 politis
704 680 854 742 familiare
873 677 997 744 Graecis
1017 701 1052 742 ac
1066 681 1190 760 Latinis,

67 780 83 829 t
93 760 217 853 pridem
229 771 425 830 observatum
441 766 574 829 eruditis.
619 766 760 851 [Vaeqaos
778 764 858 828 laud.
877 765 933 845 Pl.,
953 767 1191 830 Wuestemanrr.

68 853 89 914 d
108 852 243 916 Theocr.
263 851 370 930 XVII,
392 857 450 933 663
470 853 546 932 Aug.
568 849 685 915 Grotef.
705 870 761 938 gr.
777 847 811 912 l..
825 850 864 914 Τ.
881 850 921 914 ll.
944 872 974 938 p.
991 856 1053 916 319
1073 854 1130 937 su]
1287 858 1291 871 '

138 943 190 1006 29.
213 936 439 1016 Censoremve
455 947 553 1000 tuum
569 936 624 1000 vel
635 935 728 1022 quod
744 932 900 999 trabeate·
911 934 1086 1017 solutos?]
1108 936 1191 1021 seris

70 1024 207 1086 endum:
239 1021 465 1087 Cerrsoremue
487 1031 602 1085 tuum:
643 1023 704 1108 quo
731 1022 814 1084 enim
844 1020 959 1110 duplex
986 1021 1188 1102 disjunctiva?

67 1109 184 1171 Eadem
212 1109 252 1173 de
283 1130 372 1172 causa
395 1120 519 1174 recentt.
547 1108 640 1170 critici
668 1109 873 1194 praetulerunt
896 1110 1062 1170 multorum
1090 1106 1189 1173 code
1246 1154 1248 1159 ·

67 1197 230 1258 actionem:
260 1191 399 1257 Censor(
409 1214 506 1281 mque
513 1219 525 1268 ‚·
554 1215 683 1279 eamque
703 1194 863 1255 confirmat
883 1188 975 1276 Ey'bii
999 1212 1096 1274 marg.
1118 1193 1187 1257 MS.

67 1304 80 1342 r
94 1282 171 1344 bibl.
188 1277 296 1361 Goth]
319 1273 454 1356 tuoe-9:
473 1283 525 1344 vel
540 1300 619 1342 eone
631 1280 688 1342 tibi
700 1281 811 1364 places,
833 1279 918 1364 quod
930 1290 1014 1343 ortus
1026 1300 1059 1343 es
1077 1300 1189 1359 genere

67 1366 208 1453 questri?
220 1388 224 1393 ·
237 1367 353 1452 equites
369 1367 407 1428 in·
421 1366 644 1429 transvectione
661 1365 788 1437 trabeati
808 1382 966 1428 censorum
987 1367 1190 1451 praeteribant
1280 1410 1296 1423 ι

68 1454 286 1532 osalutabant3
308 1450 348 1514 de
364 1472 402 1514 eo
417 1472 506 1525 more
521 1452 665 1513 omnibus
686 1462 717 1512 et
729 1450 831 1536 pueris
845 1462 929 1529 noto,
943 1472 1005 1521 cur
1015 1452 1100 1537 plura
1119 1451 1189 1513 heic

69 1539 314 1600 icamuscaussa
337 1548 483 1601 nonest:
513 1557 614 1622 neque
641 1536 724 1598 enim
745 1535 954 1599 Romanarum
978 1556 1080 1599 rerum
1101 1556 1189 1598 com-

67 1623 218 1703 nentarios
241 1622 416 1701 scribimus,
445 1621 503 1700 sed
524 1621 664 1685 Persium
689 1621 936 1706 interpretamur,
957 1621 1084 1707 poetam
1105 1621 1189 1685 haud

67 1724 206 1793 paqrram
224 1707 303 1770 adeo
328 1709 468 1786 facilem,
495 1719 529 1767 ut
546 1708 743 1791 interpretem
770 1725 861 1768 suum
883 1726 1032 1792 occupare
1051 1704 1190 1794 nequeat

67 1793 105 1857 V.
118 1796 227 1857 locua
276 1793 318 1857 Pl.
692 1820 694 1825 ·
970 1816 973 1821 ·
1062 1814 1065 1819 ·
1110 1820 1114 1833 ·

137 1884 190 1945 30.
217 1816 279 1942 ild
300 1793 475 1963 piopulum
503 1873 690 1971 phaleras:
718 1895 782 1964 ego
809 1883 845 1938 tc
868 1873 959 1939 intus
989 1884 1023 1940 et
1050 1874 1088 1940 in
1112 1885 1190 1940 cute

67 1962 154 2043 tovi]
176 1965 355 2026 Atbrtunae
373 1974 425 2024 aut
443 1965 578 2048 corporis
596 1963 687 2026 bonis
702 1974 826 2027 revocat
845 1965 991 2043 juvenem
1010 1976 1190 2047 φροιημα·
1212 2021 1215 2030 ,

67 2049 126 2113 ίαν
146 2048 187 2110 ad
210 2070 282 2112 vera
305 2051 405 2112 bona:
433 2048 528 2110 animi
549 2070 679 2135 nempe,
709 2069 787 2134 quae
810 2049 891 2110 intus
913 2050 1014 2110 latent.
1059 2048 1190 2112 sinitur

67 2134 149 2212 liud,
172 2135 287 2220 inquit,
309 2136 422 2212 habes,
452 2155 513 2218 quo
537 2135 687 2214 glorieris,
715 2145 834 2220 praeter
851 2131 1032 2218 phaleras,
1060 2137 1121 2197 hoc
1143 2146 1191 2198 est

67 2241 132 2282 ona
147 2231 201 2281 aut
214 2221 347 2306 corporis
362 2230 413 2280 aut
428 2231 560 2298 externa,
582 2239 660 2305 quae
674 2223 814 2282 fortunae
826 2231 947 2298 vocant,
964 2220 1015 2282 abi
1029 2231 1061 2282 et
1070 2223 1189 2307 populo
1286 2254 1292 2269 ·

67 2327 100 2368 ua
115 2307 171 2368 illa
192 2308 272 2368 bona
294 2308 422 2384 jactato:
443 2305 496 2369 ille
513 2306 638 2390 plaudet
658 2306 715 2368 tibi
734 2317 765 2368 et
782 2317 814 2367 te
828 2305 1000 2369 mirabitur:
1022 2326 1080 2386 ego
1094 2307 1190 2369 mise-

67 2394 140 2454 abor
161 2392 263 2476 potius
283 2402 314 2452 et
329 2391 484 2452 infelicem
503 2393 636 2476 putabo:
660 2413 713 2452 cur
733 2391 860 2456 autern?
882 2392 953 2478 quia
970 2411 1043 2454 vera
1060 2392 1188 2454 felicitas

67 2477 194 2539 nanimi
216 2476 305 2538 bonis
327 2487 373 2538 est
392 2477 509 2561 posita,
539 2497 601 2560 quo
626 2498 737 2557 genere
757 2479 911 2540 bonorum
932 2474 1043 2563 pamm
1062 2487 1099 2539 te
1121 2495 1190 2540 esse

67 2572 227 2625 muretum
241 2560 358 2646 liquido
380 2573 496 2624 constat
513 2563 606 2624 rnihi:
627 2564 702 2626 novi
720 2563 804 2624 enim
826 2582 918 2647 quam
930 2556 978 2626 sis
996 2554 1189 2625 introrsum

67 2643 171 2732 arpis,
195 2645 426 2732 nequicquam
439 2644 533 2732 pelle
557 2647 712 2710 clecorua.
757 2646 841 2711 Inter
858 2646 1036 2711 ornamenta
1052 2649 1189 2712 virorum
1224 2660 1226 2665 '

67 2734 176 2795 ortium
190 2736 312 2794 fuerunt
331 2735 492 2818 phalerae,
514 2744 547 2794 ut
567 2756 676 2797 ornnes
698 2734 813 2797 sciunt:
834 2736 912 2796 haec
934 2734 987 2818 qu'i
1008 2745 1094 2796 erant
1113 2754 1189 2797 con-

67 2819 160 2897 senti,
182 2839 253 2880 cum
270 2819 449 2880 insolentius
468 2820 626 2898 jactarent,
647 2819 831 2905 proverbiali
850 2819 996 2881 locutioni
1015 2821 1119 2881 locum
1139 2824 1190 2883 fe-

67 2916 171 2982 erunt,
195 2924 255 2988 qua
272 2926 321 2967 res
335 2905 442 2966 inanes
462 2915 492 2965 et
508 2907 662 2968 fastuosae
676 2907 865 2991 appellantur
872 2901 1064 2991 phalerare
1085 2907 1129 2968 sic
1151 2917 1181 2968 et
1188 2911 1241 2971 248

67 2987 161 3053 iraeci
176 2992 347 3073 loquuntur.
388 2987 566 3052 Plutarchus
586 2990 626 3053 de
643 3010 748 3053 amore
767 2989 947 3053 divitiarum·
965 2989 1009 3076 [p.
1028 2990 1100 3054 628.
1116 2990 1187 3071 A.·]:

67 3074 114 3139 ’δια
128 3075 198 3138 τῶν
210 3077 322 3138 καλῶν
335 3075 392 3156 τῆς
404 3068 524 3158 ἀρετῆς
540 3070 581 3139 ταὶ
596 3077 659 3139 τοῦ
680 3071 829 3140 πλούτου
851 3072 987 3158 φάλαρα
1004 3073 1188 3140 ταῦτακαὶ

67 3155 244 3242 ιεριδέραια
263 3159 320 3224 καὶ
333 3152 484 3242 θεάματα
503 3157 692 3245 κορασιώδη
715 3160 920 3243 παραβαλεῖν
932 3155 1119 3239 ἄξιοαςαδὶ
1137 3163 1187 3226 vi-

67 3246 108 3309 les
121 3247 155 3307 in
171 3248 292 3326 gemina
304 3247 453 3309 sententia
474 3245 559 3308 idem
571 3250 701 3310 verbum
714 3249 851 3335 positum
859 3271 875 3326 ς,
893 3246 975 3310 unde
991 3247 1084 3309 etiam
1096 3247 1187 3310 intel-

67 3333 192 3412 igimus,
215 3344 362 3417 quantum
375 3332 419 3393 illi
435 3334 642 3396 observationi
655 3334 745 3396 tribui
760 3331 879 3412 debeat,
902 3354 979 3419 quae
994 3334 1186 3418 phalerarum

67 3419 122 3481 reic
142 3416 234 3480 docet
252 3418 324 3480 ideo
342 3418 408 3478 lieri
427 3419 629 3498 mentionem,
652 3419 721 3502 quia
738 3440 839 3481 sermo
863 3420 902 3482 sit
917 3418 956 3482 de
976 3419 1094 3504 equiter
1114 3440 1188 3482 nam

67 3506 224 3566 rrofectoa
248 3503 288 3565 ud
301 3502 497 3566 Plutarchum
518 3515 614 3566 cessat
633 3505 685 3566 illa
705 3505 791 3568 ratio.
1014 3548 1019 3554 -
1101 3532 1103 3536 ·

77 3598 81 3603 ’
139 3593 192 3653 81.
254 3610 297 3650 οη
310 3584 418 3674 pectet
430 3587 479 3650 acl
492 3608 625 3651 morem
638 3587 802 3653 discincti
812 3586 926 3654 vivere
939 3589 1084 3670 noctua]
1105 3589 1188 3655 Novi

67 3696 92 3754 e,
113 3675 258 3758 inquam,
280 3685 311 3737 et
327 3676 458 3759 quaesit
480 3686 532 3737 tua
548 3677 627 3755 vita,
649 3676 702 3761 qui
714 3696 833 3739 mores:
854 3696 966 3762 nempe
988 3675 1070 3740 viriis
1087 3678 1189 3741 obno-

67 3758 120 3824 ius
135 3760 224 3838 vivis,
246 3783 310 3821 non
321 3781 410 3822 secus
420 3781 454 3821 ac
468 3773 550 3823 natta
564 3762 670 3846 aliquis
684 3772 716 3824 et
726 3762 897 3825 bambali0:
920 3762 1036 3824 nihilne
1051 3773 1081 3823 te
1094 3761 1190 3847 pudet

67 3846 172 3924 generis
191 3847 382 3907 nobilitatem
400 3867 509 3930 parum
530 3849 659 3910 honesta
674 3847 738 3910 vita
756 3846 938 3932 inquinare?
965 3855 1088 3910 nullae
1105 3869 1189 3910 sem-

67 3954 106 3995 rer
132 3933 164 3993 in
187 3932 373 3993 membranis
395 3931 468 4008 [imo
491 3933 524 3992 in
542 3935 645 3995 multis
668 3933 824 4012 noctuel3
847 3935 935 3995 etita
953 3933 1210 3997 inl‘inariorum‘

67 4017 206 4093 rummis,
236 4016 286 4101 qui
305 4019 365 4077 hoc
386 4038 558 4096 cognomen
580 4021 727 4080 tulerunt:
753 4019 875 4103 proprie
895 4019 939 4081 sic
960 4021 1113 4083 vocabant
1136 4018 1188 4103 qui

68 4102 192 4165 ordidas
206 4114 283 4165 artes
298 4104 486 4181 exercebant,
508 4114 543 4164 ut
554 4106 686 4167 fullones
701 4114 732 4166 et
749 4099 978 4188 {ivpoorl‘e'rbucr
1002 4106 1087 4184 origo
1101 4104 1188 4167 vocis

67 4186 186 4265 irasca,
215 4198 250 4255 ut
281 4188 379 4251 sciunt
405 4188 528 4249 eruditi:
562 4189 604 4269 [v.
638 4188 799 4252 doctorum
822 4188 1039 4275 explicationes
1063 4209 1110 4273 ap.
1141 4187 1187 4251 Pl.

67 4275 212 4357 *roprium
226 4295 341 4335 nornen
357 4275 389 4334 h.
406 4276 426 4335 l.
443 4285 478 4334 ut
492 4275 573 4360 apud
587 4276 692 4336 Horat.
708 4296 778 4338 esse
790 4274 885 4337 hodie
898 4276 977 4338 inter
992 4294 1100 4336 omnes
1112 4286 1189 4334 conss

67 4359 157 4438 enit]
180 4370 286 4444 postea
305 4357 345 4420 ad
361 4359 497 4421 animum
516 4365 692 4424 transtulere
712 4372 742 4423 et
756 4361 848 4424 vitae·
859 4357 1022 4424 dissolutae
1045 4359 1188 4422 homines

67 4457 141 4532 tque
155 4445 334 4508 inhonestae
352 4445 395 4506 ita
416 4442 570 4525 dixerunt,
593 4449 689 4533 qualis
704 4450 769 4511 fere
792 4457 839 4510 est
852 4446 920 4511 rita
936 4448 1068 4532 pullatae
1082 4438 1187 4510 turbas
1289 4478 1292 4497 ·
