2700 4972
398 277 460 349 AD
496 274 665 345 Punstt
700 274 926 349 sanarat
955 278 998 344 V.
1200 284 1265 349 ⁸11

120 451 252 531 bamus,
295 472 331 517 ro
342 451 517 539 expiatione
527 452 652 515 illot'vm
666 451 700 513 in
718 450 785 515 dies
807 461 905 514 certos
919 461 972 513 aut
989 452 1145 515 abstentos
1162 450 1265 538 aliquo

120 556 239 618 genere
287 540 416 619 borum3
445 550 497 601 aut
515 541 616 618 jussos
636 548 718 599 certo
739 533 859 599 dierum
882 556 1013 598 numero
1034 558 1128 601 mane
1150 538 1265 623 aliquid

120 622 251 704 esitare,
272 635 347 711 puta
362 635 452 712 caput
466 626 539 688 allii.
580 624 646 687 Nos
664 623 736 687 alibi
754 621 794 685 de
814 623 887 685 allio
902 624 978 685 nibil
993 624 1095 703 legere
1107 624 1313 689 memini-471

119 728 211 858 ξας,
229 709 324 858 dudd
335 712 520 861 heiiiiiiit'
563 708 679 859 [Dgevi
702 704 785 858 alisii
804 706 978 857 depuffirila
1001 718 1032 771 et
1050 708 1212 857 expiatrffie
1231 730 1262 776 v,

118 816 391 947 1132...me
415 802 857 969 nteriffimsiiid-viddz
883 814 1263 945 miutoidipiniiss

119 956 148 1045 I,
167 971 210 1032 69
229 967 335 1029 ellium
351 978 381 1031 et
397 988 525 1053 caepam
536 968 651 1032 habere
666 971 799 1047 bonum,
820 978 853 1028 at
864 965 1027 1029 comedere
1043 968 1161 1029 malurn
1175 987 1262 1048 esse;

117 1052 193 1115 hinc
211 1053 307 1118 moris
321 1054 418 1119 fuisse
439 1053 659 1119 averruncsndi
677 1055 752 1116 mali
772 1072 861 1115 causa
883 1048 1064 1134 στέφεσθαι
1086 1045 1261 1137 σαορόδῳε

117 1158 149 1202 v.
168 1136 348 1203 Schneider.
364 1138 404 1203 ad
416 1138 576 1227 Theophr.
597 1160 668 1237 opp.
679 1138 776 1223 ¹'Tom
797 1136 852 1201 lv.
874 1158 905 1224 p.
919 1138 999 1218 843,
1021 1138 1073 1223 qui
1096 1136 1136 1200 de
1155 1149 1260 1201 nostro

115 1224 208 1287 loco:
237 1224 443 1312 „scripturam
462 1234 657 1313 gestaverze
686 1224 755 1311 (pro
809 1224 935 1303 octav.)
965 1244 983 1285 e
1009 1222 1086 1286 Cod.
1109 1220 1260 1286 Bernensi

116 1306 245 1373 ductum
265 1310 405 1375 defendit
422 1308 564 1375 Schmidt
587 1323 617 1375 et
629 1312 736 1392 Zoega
750 1244 897 1374 nicmm.
919 1307 1088 1396 Aegypta
1107 1330 1139 1394 p.
1155 1310 1257 1389 120.“]

116 1390 238 1481 Cnepas
258 1417 334 1461 vero
351 1396 456 1461 Isiacis
474 1399 570 1461 fuisse
591 1418 701 1461 exosas
722 1408 752 1461 et
770 1397 808 1458 iis
825 1395 1007 1458 abstinuisse
1025 1392 1259 1457 auctorPlutar-

113 1482 194 1631 &Rs
206 1479 258 1545 De
273 1481 358 1546 Iside
374 1495 464 1569 atque
482 1482 607 1548 Osiride
622 1484 662 1570 [p.
677 1483 774 1564 3531:
796 1483 843 1543 cui
859 1479 976 1543 accedit
990 1478 1142 1562 Origenes
1155 1491 1258 1543 contra

186 1589 250 1633 um.

204 1658 275 1721 189.
297 1648 446 1718 Dixeris
466 1649 554 1717 naec
573 1652 664 1717 inter
680 1650 859 1716 varicosos
880 1646 1118 1731 centuriones]
1148 1648 1258 1736 Epilo-

111 1757 172 1819 gus
190 1739 283 1827 partis
300 1740 382 1803 illius
395 1736 513 1803 Satires
531 1742 639 1821 hujus,
660 1760 721 1825 qua
737 1736 934 1801 Stoicorum*
957 1735 1126 1798 aradoxum
1146 1747 1256 1799 tracta-

111 1833 183 1887 tum
195 1834 258 1889 est:
280 1823 414 1891 ostendit
425 1824 547 1890 Persius
568 1846 632 1889 non
650 1822 768 1887 nescire
779 1843 816 1887 se
831 1840 909 1909 quae
925 1756 1090 1908 disputarit
1103 1820 1144 1885 de
1157 1822 1256 1887 servi·

110 1920 178 1972 tute
190 1909 337 1975 vitiomm
359 1920 390 1975 et
411 1909 550 1975 libertate
568 1910 659 1974 unius
683 1910 847 1997 sapientis,
868 1928 977 1994 pamm
996 1908 1140 1994 irnperito
1157 1908 1254 1987 vulgo

133 1995 255 2063 robori:
276 1995 332 2060 sed
354 1995 501 2076 judicium
521 1999 661 2077 illorum,
686 1998 739 2082 qui
757 1998 834 2058 haec
857 2017 920 2056 non
947 1994 1127 2079 probarent,
1148 1994 1255 2079 quenti

143 2080 204 2144 ciat
226 2093 280 2145 eut
295 2084 440 2163 juventus
463 2084 565 2147 iacere
588 2082 714 2163 debeat,
746 2103 785 2145 eo
809 2080 976 2161 significat,
998 2076 1087 2225 guod
1106 2081 1145 2143 ab
1165 2078 1255 2141 omni

108 2166 291 2233 eruditionis
305 2173 386 2232 cultu
399 2169 460 2232 sint
472 2170 666 2245 alienissimi:
687 2179 722 2229 ut
742 2167 804 2229 hoc
826 2175 945 2229 tantum
962 2164 996 2226 in
1018 2165 1130 2243 icasse‚
1152 2164 1205 2249 qni
1221 2174 1254 2228 et
1274 2176 1288 2195 ’·

108 2256 217 2340 quales
230 2254 291 2318 sint
301 2254 392 2335 hujus
405 2256 575 2319 sententiae
591 2266 739 2332 auctores,
760 2255 822 2315 hoc
837 2272 912 2315 vero
935 2250 1008 2313 satis
1031 2250 1180 2313 refellisse
1194 2248 1252 2315 sit:

106 2338 327 2411 centuriones
340 2352 432 2407 vocat
447 2340 591 2404 homines
605 2350 738 2421 agrestes
754 2350 786 2402 et
804 2337 897 2400 totius
912 2336 1031 2399 virtutis
1044 2346 1135 2420 atque
1150 2336 1251 2399 hone·

105 2426 195 2491 stetis
206 2425 380 2514 imperitosr
403 2426 577 2507 cujusmodi
586 2434 659 2491 sunt
666 2425 812 2489 militares
830 2434 864 2485 ut
883 2422 1064 2509 plurimum,
1087 2421 1251 2506 dequibus

105 2513 212 2599 specie
227 2514 384 2598 proverbii
405 2511 506 2576 dicere
524 2516 625 2577 solent
640 2508 751 2577 Graeci
769 2499 988 2592 στρατιωτική
1009 2504 1099 2571 ἐστιν
1120 2500 1249 2589 ἀλογία,

106 2597 284 2663 rationem
307 2598 383 2663 non¹
395 2598 584 2687 intelligit,
615 2604 655 2661 ut
675 2594 776 2661 milcs'
800 2597 850 2675 [cf.
869 2592 910 2658 ed
929 2592 954 2674 Ι,
978 2593 1067 2674 127]:
1094 2594 1137 2656 ita
1159 2594 1251 2675 igitur

105 2686 214 2772 accipe
226 2680 265 2749 cd
279 2682 473 2764 eoricosos,
493 2698 528 2749 ut
545 2686 577 2748 in
592 2682 641 2748 111
654 2682 740 2763 [77]:
1067 2690 1069 2699 '

193 2770 289 2839 Heio
304 2768 432 2859 aliquia
447 2768 492 2833 de
507 2779 615 2857 gente
639 2766 778 2833 hircosa
799 2762 1057 2840 cereturionnm,

126 2876 187 2921 use
205 2858 339 2943 epitheta
358 2857 400 2921 ad
420 2859 559 2921 animum
578 2878 598 2918 a
615 2877 651 2919 co
690 2875 744 2918 ore
764 2865 836 2918 sunt
851 2853 993 2915 translata
1012 2862 1043 2912 et
1064 2846 1104 2911 de
1118 2847 1248 2932 turpitu-

102 2878 180 3007 dine
201 2944 347 3007 vitiorum
371 2944 485 3031 exponi
502 2943 625 3007 debent.
651 2876 754 3023 rilion
770 2939 923 3027 pertinere
942 2934 982 2999 ad
1002 2935 1140 2998 animum
1158 2931 1247 2995 ride-

102 3027 372 3109 servarimus,
406 3029 490 3115 quod
508 3029 644 3116 corporis
669 3026 781 3091 vitium
803 3022 989 3087 contraxisse
1018 3021 1078 3085 sibi
1105 3017 1248 3082 videntur

92 3116 297 3181 -centuriones
323 3118 416 3197 longa
439 3128 511 3179 ante
529 3115 703 3201 manipulos
726 3110 828 3176 standi
855 3129 944 3172 mora
964 3106 1089 3186 (Veget.
1106 3102 1147 3182 ll,
1172 3100 1246 3185 12)=

100 3200 147 3265 ita
166 3202 251 3265 enim
272 3202 441 3283 oriebatur,
468 3223 499 3267 v.
522 3201 665 3264 Juvenal.
683 3196 740 3278 Vl,
765 3200 829 3263 897
847 3218 873 3260 c.
894 3194 989 3257 schol.
1011 3203 1044 3254 et
1062 3188 1185 3253 Dacier.
1204 3187 1247 3251 erl

101 3284 188 3351 Fest-
200 3309 233 3374 Ρ.
245 3287 320 3355 248.
363 3286 450 3351 Haec
463 3288 530 3351 iere
543 3286 681 3350 Meister.
694 3280 818 3345 Letzte
832 3276 931 3347 stud.
955 3300 986 3366 p.
1001 3278 1063 3342 105
1078 3274 1136 3361 οφ]

191 3376 265 3439 190.
284 3368 454 3439 Continuo
478 3392 637 3439 croscum
657 3366 750 3432 ridet
769 3360 982 3447 Pulsennius
1000 3358 1149 3451 ingena]
1176 3358 1245 3423 Ve-

99 3458 183 3523 niant
198 3452 318 3609 scriztt,
342 3450 558 3545 Pulfcnnine
578 3470 609 3521 et
628 3450 670 3523 V
665 3452 851 3541 alpennius
874 3452 985 3534 [multo
1004 3447 1119 3529 magist
1141 3450 1180 3509 cf.
1198 3444 1243 3511 Pl.

87 3540 134 3633 '1¹-
147 3542 244 3625 teet:
289 3566 337 3609 esc
350 3566 466 3609 nomen
485 3539 702 3610 est'dscsndvr
722 3540 779 3606 sed
796 3542 838 3603 ita
858 3538 980 3603 videtur
995 3534 1092 3597 iubae
1107 3534 1245 3619 appelle-

99 3642 151 3695 tus
164 3630 206 3693 flii
247 3630 257 3647 ⁹
289 3630 382 3697 miles
395 3642 512 3695 astutus
525 3622 840 3735 nnsodnlsdoom:
863 3640 1020 3687 crossum
1035 3614 1142 3689 ridet,
1163 3619 1242 3683 nlo·

97 3710 165 3781 cciv
185 3738 207 3803 γ
242 3738 311 3783 orn
330 3714 479 3801 ααταχέει
499 3720 569 3783 τῶν
588 3736 631 3781 τα
644 3716 792 3781 τοιαῦτα
816 3702 1101 3810 φιλοσοφούνταα
1118 3714 1187 3805 aut,
1208 3715 1244 3765 ut

97 3802 168 3889 ipse
196 3802 325 3885 diceret,
352 3798 568 3889 ληρούντων
602 3802 647 3868 sic
671 3802 765 3865 etiam
785 3798 942 3875 dixemnt,
971 3795 1102 3857 sclawo
1129 3792 1295 3873 latonam

96 3894 210 3955 storeis
229 3910 277 3971 sn,
299 3888 340 3953 de
358 3912 406 3971 re,
428 3912 522 3976 quem
543 3888 797 3965 contemnebant,
821 3894 855 3946 ut
874 3879 959 3969 apud
975 3876 1160 3959 Gregorium
1176 3874 1241 3940 Na-

95 3976 281 4040 zianzenmn
295 3975 551 4065 inApologetico.
798 3980 804 3995 “
995 4046 1002 4061 .
1217 4046 1225 4060 υ

185 4067 258 4129 191.
280 4058 332 4127 Et
345 4071 483 4127 centnm
499 4058 654 4125 Graecos
673 4062 772 4121 curto
795 4061 953 4118 centusse
973 4045 1123 4126 hoctun]
1146 4047 1186 4109 Et
1200 4068 1242 4147 rr-

94 4147 177 4212 dens
194 4149 288 4213 simul
302 4148 478 4234 pronuntiet
492 4170 527 4212 se
537 4144 768 4235 philosophum,
782 4162 878 4229 (ntem
888 4136 1090 4223 disserentem
1104 4131 1242 4209 audient,

94 4256 163 4299 non
177 4234 254 4299 assis
272 4237 374 4299 facere
390 4234 496 4308 unius,
517 4253 559 4295 ne
575 4231 649 4295 nuti
670 4228 806 4316 quidem.
849 4222 915 4289 Sed
932 4232 1122 4285 contemtum
1141 4228 1241 4297 auget,

94 4342 169 4387 ctun
187 4322 230 4384 ait
243 4332 365 4384 eentum
380 4320 585 4407 philosophus
604 4314 735 4380 totidem
752 4314 871 4379 assibus
889 4331 954 4373 non
976 4318 1145 4370 ernturums
1167 4322 1241 4364 narn

91 4428 176 4496 quae
197 4409 301 4494 paullo
325 4419 397 4473 sunt
419 4406 544 4488 majoris
561 4405 669 4491 pretii,
696 4404 815 4484 singuta
844 4397 992 4473 emimus3
1020 4412 1099 4476 quae
1124 4389 1241 4466 viliore,
