2700 4972
352 366 414 434 ΔΙ)
448 366 617 437 PERSll
653 366 877 445 stTlttattt
914 372 956 436 V.
1164 380 1226 445 241

89 548 119 604 et
129 534 281 626 ,γραφὴν
292 536 378 624 πρὸς
392 534 628 625 Ἀθηνόδωρον
635 539 773 608 Stoicum
789 552 896 607 sudor
907 554 963 608 est.
1005 543 1057 609 De
1073 546 1135 611 hoc
1151 569 1229 634 quo-

84 634 164 713 q'ue,
186 628 255 713 quis
268 628 320 690 ille
336 628 442 705 fuerit,
465 628 643 709 cogitemus.
1097 668 1121 687 .›

175 747 215 817 V
213 750 328 817 atibus
341 749 398 817 hie
415 776 489 817 moa
506 761 572 832 est,
595 762 732 819 centum
750 751 819 818 sibi
838 776 981 841 poscere
1001 761 1123 840 crocea]
1145 759 1228 825 Effi-
1275 801 1278 806 -
1326 784 1330 799 ·

81 839 247 905 cacissima
260 840 336 903 ratio
352 851 398 904 est
412 839 610 904 declarandae
623 839 980 922 magnitudinis-alicujus
993 843 1056 923 rei,
1078 864 1149 907 cum
1163 867 1228 909 non

79 946 177 1011 posse
197 947 268 989 earn
287 925 432 989 declarari
456 926 584 989 anobis
606 927 738 1007 ingenue
757 929 906 993 fatemur:
956 948 996 990 ua
1018 930 1114 1011 figura
1134 932 1228 995 etiam

79 1011 260 1075 mortalium
273 1011 509 1075 facundissimus
522 1011 566 1074 M.
581 1010 716 1090 Tullius,
738 1033 779 1073 ne
792 1011 831 1074 de
847 1013 915 1077 aliis
960 1014 1053 1093 'cam,
1074 1014 1229 1080 interdum

78 1118 156 1161 usus
166 1108 230 1175 est,
254 1096 335 1159 utin
349 1098 573 1177 elegantissima
588 1096 628 1159 ad
643 1094 796 1176 Quintum
805 1097 966 1162 Valerium
984 1101 1128 1186 epistola,
1149 1122 1228 1186 quae

78 1182 152 1245 libri
172 1178 268 1245 XIlI.
289 1197 376 1245 sexta
397 1194 460 1263 est,
481 1194 513 1247 et
529 1180 764 1261 facundissimus
784 1182 905 1260 Lirim,
933 1206 1004 1248 cum
1025 1184 1226 1251 describenda

78 1268 167 1331 urbis
182 1266 262 1331 facie
282 1277 354 1354 post
368 1266 462 1330 cladis
485 1266 525 1331 ad
540 1266 778 1331 Thrasimenum
798 1281 945 1354 exceptae
966 1271 1108 1335 nuntium
1127 1270 1225 1337 divini

78 1353 129 1417 sui
149 1353 267 1435 ingenii
295 1374 372 1439 opes
397 1352 597 1432 ostendisset,
624 1352 678 1416 ubi
703 1352 742 1415 ad
766 1353 935 1419 Cannensis
964 1354 1058 1420 cladis
1082 1358 1233 1421 nuntium.
1265 1394 1268 1399 ·

78 1438 186 1505 venitr
208 1436 455 1519 succumbam,
476 1438 574 1524 inquit
593 1436 717 1519 [xxti
737 1436 812 1521 55],
841 1438 941 1503 oneri
964 1438 1073 1538 neque
1092 1463 1141 1531 og
1185 1464 1225 1507 e-

78 1520 170 1591 ἅίατ
181 1542 345 1601 narrare,
367 1544 455 1610 quoe
472 1520 672 1587 disserendo
688 1520 824 1587 minora
836 1546 920 1591 vero
931 1520 1084 1612 Jacrona
1126 1463 1226 1593 igoran-

78 1630 142 1675 nes
160 1606 255 1697 Papp-
268 1608 379 1675 Gurolo
401 1608 584 1695 Imperatori
600 1607 641 1673 de
663 1609 768 1687 mdis,
796 1632 875 1695 quae
896 1610 1041 1676 Saraceni
1062 1614 1226 1678 intulerant

78 1692 205 1775 lutiae,
225 1696 395 1777 eleganter:
418 1716 507 1783 quae
529 1690 681 1760 seribere
698 1691 842 1781 quilibet
857 1696 970 1783 stylus
990 1718 1056 1761 noo
1079 1694 1227 1799 sufficit,

78 1800 169 1861 em
183 1778 304 1847 onmia
316 1776 419 1929 Ιίἵια
432 1778 627 1869 sylvarum,
648 1776 681 1842 si
698 1786 881 1843 vertantur
905 1780 943 1846 in
963 1780 980 1847 l
987 1780 994 1793 ’
1041 1803 1122 1865 uos,
1144 1808 1228 1848 rtur·-

79 1876 171 1933 rdre
187 1884 268 1931 mn
295 1886 341 1931 να
378 1856 457 1944 aiat,
486 1888 503 1928 a
526 1864 569 1929 ud
590 1863 770 1929 Ennodium
788 1863 815 1928 E
837 1867 979 1953 iphanius
1033 1869 1109 1957 pise.
1128 1870 1229 1935 Ticini

78 1952 153 2035 ‚agit
163 1952 228 2018 hoc
240 1950 339 2017 modo
353 1952 462 2033 gratias
479 1888 675 2015 Tieodorico
692 1946 790 2033 Regi:
849 1948 971 2016 roinde
996 1951 1153 2043 intellige
1179 1954 1231 2020 od

81 2030 295 2125 referendos
315 2037 446 2124 optimo
472 2036 551 2125 regi
580 2044 656 2099 tam
672 2056 739 2123 pro
758 2033 857 2101 uobr’a
884 2059 992 2125 quam
1012 2060 1077 2123 pro
1110 2038 1224 2129 serpso

77 2118 228 2213 gratias
243 2120 325 2207 plus
347 2143 402 2185 me
420 2122 548 2186 sentire
561 2142 663 2207 posse
682 2142 791 2207 quam
811 2120 935 2208 eloqui.
978 2123 1131 2191 Omnium
1152 2150 1228 2193 vero

104 2210 204 2273 rimus
227 2211 299 2273 fons
320 2210 372 2272 ille
394 2210 589 2289 ingeniorum
605 2208 760 2271 Homerus
783 2209 876 2288 hujus
894 2210 939 2273 rei
964 2213 1142 2298 exemplum
1162 2213 1230 2277 aliis

81 2232 180 2373 istit,
201 2315 267 2356 non
283 2317 347 2356 uno
370 2296 440 2356 loco
461 2294 652 2379 [praesertim
664 2291 701 2358 Il.
717 2287 757 2377 β’,
771 2296 834 2359 489
846 2297 914 2380 sq.].
954 2295 1085 2359 Homeri
1099 2298 1229 2379 vestigia

81 2392 114 2445 et
128 2380 278 2461 Virgilius
292 2379 379 2461 [Aen.
393 2378 450 2458 VI,
467 2378 552 2459 025]
575 2378 669 2442 etalii
683 2379 799 2466 passim
818 2392 889 2443 sunt
908 2381 1022 2460 secuti',
1043 2383 1123 2448 adeo
1136 2385 1230 2447 fami-

78 2464 212 2545 liariter,
234 2477 267 2527 ut
280 2476 426 2550 tanquam
439 2486 637 2529 communem
652 2462 815 2566 politanum
828 2486 950 2529 morem
961 2468 1044 2529 hunc
1058 2480 1145 2533 notet
1158 2470 1229 2533 lteic

82 2549 219 2616 Persius.
268 2548 349 2614 Nam
373 2552 459 2635 quia,
489 2572 560 2612 cum
578 2548 693 2636 atiqurd
720 2571 760 2633 ex
780 2571 868 2613 more
889 2552 1037 2632 facimus,
1062 2575 1126 2617 non
1145 2567 1227 2618 certo

81 2637 214 2701 consilio
228 2635 261 2699 id
274 2637 411 2717 agimus,
436 2635 492 2699 sed
516 2628 623 2723 ἀλόγῳ
640 2636 743 2699 solum
761 2635 980 2701 consuetudine
993 2650 1039 2716 et,
1062 2649 1096 2702 ut
1114 2640 1157 2703 ita
1178 2642 1228 2704 lo-

80 2744 177 2809 quar,
209 2719 284 2785 dicis
302 2733 422 2785 tantum
441 2742 562 2785 caussa:
589 2719 662 2784 ideo
683 2719 804 2784 Persius
825 2721 940 2787 eodem
958 2722 1120 2809 po'e'tarum
1139 2747 1230 2789 more

80 2828 195 2873 usauus
215 2806 256 2870 a'd
278 2805 492 2870 declarandam
515 2809 674 2888 ingentem
699 2806 766 2871 vim
787 2807 836 2869 sui
860 2806 894 2869 in
919 2805 1088 2873 Cornutum
1113 2812 1229 2876 amoris

82 2893 253 2973 lriayerlus
267 2894 351 2977 prius
374 2892 547 2956 cavendum
565 2892 698 2977 putavit,
722 2911 763 2954 ne
784 2892 1006 2957 existimaretur
1024 2893 1138 2959 eodem
1156 2918 1229 2960 cum

84 2979 214 3043 caeteris
227 2979 463 3066 poitisanimo,
484 2980 546 3040 hoc
565 2988 611 3039 est
624 2976 755 3039 summis
769 2986 888 3041 tantum
906 2978 1015 3058 labris,
1037 2981 1098 3044 hoc
1116 2980 1229 3047 dicere.

84 3062 192 3145 Quare
206 3064 249 3126 ita
261 3066 355 3128 verba
365 3065 446 3127 illius
464 3061 650 3150 accipienda,
672 3061 759 3146 quasi
772 3059 903 3127 diceretr
925 3064 989 3126 seio
1003 3066 1104 3129 solere
1117 3066 1228 3153 po'etss

83 3150 181 3215 etiam
194 3150 228 3212 in
241 3152 331 3214 rebus
348 3150 450 3226 nihili,
472 3161 506 3210 ut
521 3170 592 3211 cum
610 3158 750 3211 veterum
763 3148 860 3210 aniles
870 3151 991 3213 fabulas
1010 3160 1153 3231 nectant,
1174 3166 1229 3216 aut

86 3248 169 3300 certe
186 3256 250 3299 non
267 3234 346 3299 adeo
358 3235 487 3315 magnis,
511 3246 545 3296 ut
558 3255 629 3296 cum
641 3232 781 3296 Parthica
793 3234 928 3296 scribunt
940 3232 1098 3301 adulantes
1109 3236 1227 3307 Neroni

86 3334 141 3385 aut
155 3318 341 3400 Corbuloni,
363 3319 402 3383 de
421 3318 549 3383 infantia
569 3340 625 3383 sua
639 3317 741 3404 queri,
763 3318 850 3403 quasi
870 3318 1082 3401 magnitudine
1099 3324 1228 3403 subjecti

85 3410 264 3481 obruantur,
284 3417 315 3469 et
331 3417 453 3469 centum
468 3406 596 3487 linguas,
619 3414 742 3467 centum
753 3424 847 3467 voces
861 3405 921 3470 sibi
934 3418 1056 3493 optare:
1077 3428 1137 3489 ego
1150 3430 1226 3474 vero

84 3492 125 3563 de
141 3507 173 3556 te
189 3493 367 3578 scripturus,
392 3489 542 3571 Cornuto,
564 3500 637 3576 opto
652 3487 777 3574 quidem
796 3489 874 3552 mihi
893 3502 1017 3555 centurn
1036 3492 1157 3575 linguas
1177 3505 1227 3558 to-

82 3576 243 3664 tidemque
255 3598 366 3656 voces,
386 3588 508 3663 recepto
524 3578 585 3638 hoc
598 3574 760 3662 poetarum
773 3595 880 3655 more,
900 3574 958 3640 sed
972 3598 1039 3641 non
1058 3578 1277 3665 quomodoaaz

82 3664 147 3745 illi,
170 3684 280 3729 verram
297 3658 496 3739 ἐνδιαθὲτως
512 3674 543 3725 et
559 3663 652 3748 plane
671 3681 711 3722 ex
729 3680 803 3723 meo
816 3680 927 3726 sensu:
950 3675 985 3726 ut
1005 3664 1059 3750 qui
1075 3658 1227 3753 iniparem
1305 3680 1309 3699 ¹

83 3772 136 3813 mc
158 3749 292 3813 sentiam
315 3747 521 3835 exprimendis
549 3746 610 3811 tuis
631 3746 664 3809 in
688 3767 742 3810 me
762 3745 892 3809 summis
914 3748 1031 3813 meritis
1058 3760 1090 3813 et
1115 3762 1225 3814 mutuo

83 3836 185 3899 amori
198 3846 320 3914 nostro,
342 3834 394 3919 qui
409 3828 533 3909 παντὸς
543 3825 647 3915 λόγου
662 3824 747 3911 aion
759 3831 869 3912 ingens
885 3843 947 3912 est,
968 3834 1162 3921 eloquendor
1182 3837 1226 3901 ita

146 3922 203 3983 leri
220 3919 312 3983 debet
323 3921 491 3998 sententia,
513 3941 606 4004 quam
623 3928 751 4003 quatuor
771 3916 877 4003 primis
896 3921 1035 3984 vannus
1049 3922 1226 3987 inchoatam

82 4002 1225 4178 frantiaestalttttntaaatattlnl„aaa

205 4138 214 4164 s
230 4168 233 4173 ¹
483 4162 486 4167 .
1012 4138 1021 4172 t

80 4180 296 4257 inchoaverat,
311 4176 466 4242 'absoluit
516 4244 519 4251 ,
648 4226 651 4231 .

172 4302 322 4368 (lentum
336 4301 403 4367 sibi
415 4322 556 4390 poscere
573 4298 698 4380 coeca]
727 4298 801 4363 Tria
816 4301 919 4387 ponit:
940 4322 1049 4383 voces,
1071 4326 1138 4383 ora,
1162 4305 1225 4367 lin.

79 4414 171 4473 guas:
205 4412 283 4477 quae
303 4390 407 4454 omnia
431 4390 602 4471 significant
619 4406 688 4450 rem
710 4386 861 4467 eandem3
887 4387 1022 4452 imitatur
1040 4391 1222 4468 Homerum,

78 4479 131 4565 qui
157 4478 299 4541 similiter
318 4477 422 4561 posuit
449 4468 618 4559 γλώσσας,
644 4463 808 4555 στόματα,
834 4469 971 4556 poeria:
1001 4476 1064 4556 [sic
1086 4475 1222 4541 modern
1341 4550 1344 4557 ,

121 4559 468 4617 ‘'milhem-“ant
914 4562 958 4623 1ss
