2700 4972
220 326 226 337 ·
395 271 987 399 sorrasussrmlurv.
1140 294 1261 407 -sio

112 512 166 565 est
191 500 296 587 ipsum
314 499 490 565 deductum.
539 502 600 567 Pro
622 501 792 589 hippopere
814 513 982 603 posuerunt
1002 503 1136 570 Lucilius
1167 519 1258 595 atque
1292 546 1296 557 ·

108 586 273 651 Horatius.
297 586 372 667 [Sat.
387 586 414 667 Ι,
427 594 456 667 6,
476 593 535 654 106
554 592 625 650 cum
638 590 754 666 schol.,
777 591 832 650 ubr
846 589 954 651 Lucilii
974 590 1083 671 locus]

201 674 253 737 25.
281 671 501 753 Quaesieris:
530 669 673 737 Nostin’
703 667 745 737 V
740 670 851 736 ectidi
870 670 1066 760 praedio?]
1096 674 1255 765 Exemplis

103 759 224 842 probat
244 758 326 842 quod
353 757 444 837 dixit,
472 758 664 846 ostenditque
687 758 766 821 adeo
786 781 851 823 non
872 760 971 823 solere
992 764 1086 841 uulgo
1107 764 1251 829 homines

108 842 153 911 de
169 844 276 907 alienis
294 845 376 909 vitiis
395 856 512 924 tacere,
543 857 576 907 ut
599 857 701 907 contre
723 846 801 908 nihil
819 845 933 907 faciant
950 846 1093 911 libentius
1106 869 1200 934 qutun
1220 860 1254 913 ut

105 928 163 990 illa
183 940 215 991 et
234 933 391 1016 proferant
412 931 445 992 in
465 933 566 993 lucem
591 942 621 993 et
643 939 825 1010 exaggerent
845 952 940 1017 quam
960 933 1096 996 maxime
1118 936 1253 1019 possint:

104 1035 184 1077 narn
208 1016 296 1080 verbi
312 1016 424 1096 gratia,
454 1016 570 1102 inquit,
603 1017 629 1079 si
653 1017 785 1101 aliquem
805 1037 912 1096 roges:
940 1014 1029 1081 Nosti
1049 1018 1161 1085 illum?
1188 1043 1252 1084 non

104 1101 225 1170 multus
245 1102 402 1181 invenias,
424 1103 477 1186 qui
496 1124 584 1182 eum,
607 1100 726 1186 dequo
746 1103 880 1187 quaeris,
902 1103 983 1165 notis
1002 1102 1058 1167 tibi
1080 1102 1250 1187 designent,

105 1206 187 1270 quae
214 1185 255 1249 sd
281 1190 347 1266 ejus
373 1188 526 1251 honorem
554 1198 708 1273 spectent,
735 1187 790 1249 sed
820 1188 992 1251 inhonestis
1016 1200 1048 1251 et
1069 1192 1311 1277 probrosissttt⁴

107 1270 190 1343 adeo
212 1294 321 1335 verum
341 1272 490 1359 estquod
512 1273 555 1335 ait
571 1273 699 1359 scriptor
719 1272 845 1353 insignis
868 1273 1040 1353 Longinus:
1063 1269 1179 1357 φύσει,
1200 1278 1250 1341 in-

107 1357 174 1441 quit
188 1354 403 1437 [de·sublim.·
413 1381 439 1421 c.
453 1363 504 1437 33,
521 1356 548 1441 b.
563 1357 613 1437 3]‚
634 1351 743 1423 πάντα
759 1356 799 1422 τὰ
819 1351 1013 1447 ἀνθρώπειά
1028 1352 1095 1425 αἰιό
1114 1363 1178 1427 τοῦ
1189 1362 1250 1447 xst-

107 1462 211 1523 ouuos
232 1436 284 1509 :isi
304 1444 432 1527 μᾶλλον
454 1440 711 1526 ἐπιγινώσκεται.
759 1444 848 1507 Zeno
866 1444 1055 1509 Veronensis
1085 1445 1125 1509 de
1148 1448 1247 1513 livore

110 1538 141 1591 et
154 1526 290 1593 invidia:
311 1526 474 1591 notitiam
493 1527 644 1593 viritior:
665 1525 826 1593 subortis
843 1527 956 1616 gestis
980 1527 1165 1619 dictisque,
1185 1532 1249 1597 sed

108 1632 152 1675 ιιι
166 1611 281 1689 mium
291 1610 530 1700 probabilibus
538 1609 625 1699 fieri
637 1611 772 1678 uolunt:
794 1635 859 1701 quo
872 1614 966 1678 malo
982 1614 1067 1702 quid
1078 1615 1247 1707 nequius?

107 1696 225 1775 Similis
248 1699 331 1786 apud
344 1699 593 1788 Theophrastum
614 1700 750 1764 hominis
770 1700 913 1763 maledici
936 1700 1107 1788 descriptio,
1164 1706 1248 1787 Lege

107 1782 260 1847 l’lutarchi
282 1787 536 1850 commentarium
565 1783 648 1865 Περὶ
672 1781 1002 1870 πολυπραγμοσύνης.
1054 1786 1159 1873 Atque
1186 1794 1247 1855 huc

108 1870 237 1956 pertinet
259 1870 336 1933 illud
349 1872 479 1953 ,egregie
500 1871 616 1934 dictum
641 1892 659 1933 a
685 1870 790 1934 Stoico
809 1869 962 1956 Epicteto:
995 1894 1063 1937 esse
1086 1876 1248 1961 unicuique

106 1968 138 2019 et
149 1956 314 2019 hominum
329 1968 361 2019 et
374 1980 476 2020 rerum
488 1958 692 2020 humanarum
706 1979 796 2021 ansas
810 1959 957 2039 geminas,
973 1960 1083 2043 quibus
1095 1960 1246 2045 prehendi

106 2043 284 2128 hauadque
301 2042 437 2129 possint,
459 2046 585 2106 alteram
605 2045 738 2121 bonam,
760 2046 887 2106 alteram
905 2047 1037 2109 malam:
1065 2046 1123 2107 hac
1186 2048 1246 2111 tius

104 2128 148 2189 uti
168 2128 313 2209 vulgum,
340 2128 393 2191 illa
420 2124 607 2214 sapientes(
638 2129 697 2191 Pro
729 2123 766 2191 V
764 2125 872 2191 ectidi
896 2132 1094 2193 membranae
1158 2129 1247 2195 etidi

105 2210 148 2289 [ut
162 2212 259 2277 Paris.
277 2212 368 2293 lch.;
391 2213 447 2277 sed
474 2237 539 2277 non
560 2234 675 2300 paucae
694 2207 734 2277 V
731 2211 855 2276 ectidis
875 2235 901 2277 s.
925 2209 967 2278 V
963 2212 1112 2297 ettidr's];
1132 2218 1166 2280 in
1182 2216 1244 2283 XI.

101 2296 258 2379 Iuvenalis
277 2298 343 2379 [ts]
356 2298 520 2363 Ventidius
535 2298 660 2385 quidam
675 2301 866 2379 nominetur,
888 2312 980 2364 notus
993 2304 1087 2381 vulgo
1102 2324 1120 2363 a
1140 2325 1243 2384 censu,

90 2382 182 2471 :quod
196 2385 269 2446 huic
290 2387 369 2448 hene
384 2387 544 2450 convenit:
567 2384 623 2448 sed
645 2386 697 2447 ille
717 2387 834 2449 luxuria
851 2398 1006 2470 praeterea
1026 2387 1169 2469 insignis,
1191 2391 1242 2453 hic

100 2468 241 2534 sordibus
254 2481 285 2532 et
295 2470 508 2556 μικρολογίαι
529 2492 621 2558 quare
635 2492 698 2533 non
712 2482 814 2559 potest
826 2493 894 2536 esse
905 2470 999 2553 idem,
1021 2472 1243 2560 quodquidam
1302 2528 1307 2543 .

100 2555 318 2619 existimarunt.
829 2590 832 2599 ·
895 2580 899 2593 ¹

182 2646 236 2707 26.
260 2638 372 2715 Dives
386 2646 468 2705 orat
488 2638 651 2720 Curibus,
675 2649 843 2727 quantum
858 2661 927 2705 non
940 2639 1068 2707 milvus
1081 2640 1241 2727 oberret]

95 2724 228 2791 Illumne
243 2728 297 2805 ais,
321 2728 374 2815 qui
386 2720 421 2791 in'
433 2726 555 2791 Sabinis
568 2748 710 2807 agrorum
722 2728 895 2791 vastissima
908 2727 1067 2791 latifundia
1079 2730 1240 2814 possidet?

98 2812 334 2885 aroreLatinis
353 2836 442 2895 agros
455 2811 631 2903 possidere3
649 2832 813 2898 poscere,
835 2813 949 2875 habere
968 2834 1128 2878 serrorum
1148 2815 1240 2879 fami-

96 2894 352 3049 libm35qberrct
372 2920 429 2986 pro
453 2899 670 2962 circumvolet:
699 2899 897 2984 proverbialis
918 2900 1051 2981 locuti03
1078 2899 1308 2978 luvenalistllb)

82 2982 179 3095 [lx'
234 2986 246 3065 l
350 3075 401 3131 tot
414 3066 537 3133 milvos
552 3067 646 3132 intro
663 3076 726 3131 tua
738 3062 890 3152 praedio
903 3065 1020 3132 lassos.

96 3152 199 3237 [Plura
213 3152 260 3218 Pl.
276 3152 385 3219 Festus
398 3156 529 3220 milvum
543 3166 635 3220 vocat
650 3152 851 3217 circoneom
866 3174 984 3231 avem,
1011 3151 1047 3215 in
1062 3150 1161 3217 orbes
1178 3177 1235 3219 νο-

96 3240 239 3304 lantem.
256 3270 300 3287 -·
314 3244 334 3307 9
348 3239 446 3304 codd.
462 3241 536 3304 Acb.
556 3252 586 3303 et
601 3240 693 3341 aliqui
711 3241 777 3302 alii:
800 3236 961 3321 oberrat]
1005 3238 1057 3303 Sic
1075 3241 1109 3303 in
1132 3242 1235 3304 muni-

96 3326 185 3413 cipali
201 3322 361 3389 Gallorum
375 3328 441 3406 jure
459 3328 580 3392 volatus
595 3347 671 3412 capr.

136 3420 140 3427 '
180 3416 232 3479 27.
254 3407 360 3474 Hunc
377 3408 445 3473 diis
467 3410 572 3476 iratis
587 3409 694 3499 genio
716 3430 758 3473 ue
781 3407 944 3491 sinistro]
972 3409 1086 3473 Natum
1102 3430 1234 3497 nempe:

93 3501 209 3563 κεῖνον
228 3492 289 3564 τόν
307 3499 473 3647 &eutropi
490 3496 547 3563 uui
560 3432 806 3595 deputabimus.
848 3494 895 3598 Itp
917 3495 1052 3573 dictum,
1073 3506 1108 3556 ut

91 3664 142 3731 lit
163 3680 269 3733 autem
282 3650 352 3731 diis
375 3604 504 3751 :indidi
516 3580 701 3757 ‹iidi'aliiril
715 3579 1116 3732 didideivirditiiiinibldi
1128 3580 1241 3746 iiiii

91 3753 177 3839 quod
203 3758 258 3823 rel
282 3754 454 3820 maximum
481 3766 528 3819 est
552 3749 717 3838 θεήλατον
739 3748 858 3819 κανόνι
884 3749 991 3841 genio
1020 3763 1125 3815 autem
1148 3750 1234 3815 sini-

90 3848 178 3919 stro,
199 3840 275 3926 quis
291 3862 400 3905 avarus
420 3862 462 3905 ne
483 3840 544 3905 sihi
556 3839 683 3928 quidem
696 3852 743 3904 est
762 3839 894 3917 amicus,
915 3836 971 3901 sed
987 3838 1112 3919 genium
1131 3849 1283 3911 suumstr

91 3927 203 3991 misere
234 3925 418 3991 defraudans
446 3927 542 3990 vitam
574 3948 630 4013 pro
663 3947 765 4013 poena
799 3927 913 4004 habet3
953 3926 1033 3987 hene
1062 3924 1231 3987 Laberius:

90 4008 213 4077 Avaro
223 4010 320 4161 1qlttid
338 4010 427 4077 muli
447 4020 561 4101 optes,
589 4008 659 4075 nisi
683 4020 722 4075 ut
744 4010 840 4075 vivut
863 4006 951 4072 diu?
993 4008 1100 4089 [Plura
1122 4007 1162 4073 de
1182 4010 1231 4074 his

89 4118 119 4163 r.
145 4120 163 4161 a
189 4142 198 4156 .
260 4144 267 4159 .
970 4122 976 4131 ¹

164 4120 227 4250 ¹itt.
250 4098 321 4264 Qisi
341 4181 545 4270 quaudoque
581 4180 697 4269 'rigum
713 4188 859 4266 pertuso
882 4175 932 4243 od
951 4175 1104 4263 compito
1114 4174 1228 4266 figit]

80 4266 252 4352 'ingeniose
276 4291 404 4335 avarum
429 4272 550 4353 μικρολ
570 4290 632 4353 γον
652 4280 685 4331 et
713 4266 985 4330 minutissimarum
1005 4264 1144 4327 sordium
1168 4268 1233 4339 ho-⁴

83 4357 204 4421 minem
226 4354 465 4440 χαρακτηρίζει.
507 4356 558 4419 li:
573 4353 653 4437 adeo
673 4374 741 4417 esse
757 4364 915 4433 tenacem,
943 4361 979 4413 nt
998 4351 1052 4415 vix
1077 4349 1137 4413 die
1147 4353 1228 4413 festo

84 4462 163 4529 opus
188 4442 392 4506 intermittens
421 4462 491 4503 cum
513 4440 630 4505 familia
658 4440 762 4527 paullo
786 4438 939 4503 liberalium
966 4437 1119 4525 epuletur:
1155 4446 1227 4499 tunc
