2700 4972
376 294 435 359 ΔΙ)
457 293 920 371 Puttsttsmttlutt.
1060 354 1069 369 ,
1173 304 1217 367 55

64 463 243 555 Aliquando
262 462 439 531 lumborum
460 467 664 554 appellatione
685 464 813 532 dorsum
833 467 1022 549 intelligitur,
1045 489 1123 554 quae
1167 492 1227 536 ars-
1261 534 1264 541 ,

65 554 100 617 ἰιι
120 550 261 617 ferendis
282 554 436 617 oneribus
448 552 615 644 plurimum
635 555 772 636 laborata
791 554 834 617 ita
855 553 936 641 apud
950 555 1113 617 Horatium
1147 555 1210 621 Sat.

64 637 148 719 Li,
169 640 224 718 22]
253 635 373 703 doiorc
385 637 523 703 lumbos
536 637 653 725 juste:
678 638 750 702 ideo
773 641 892 704 roboris
924 639 1014 703 sedes
1034 641 1069 703 iu
1089 644 1211 723 lumbis,
1230 642 1265 696 69

65 726 119 790 val
142 724 182 787 ab
204 725 264 786 hac
284 725 412 788 notione
432 728 485 790 rel
502 728 541 788 ab
563 726 615 787 illa
635 726 752 811 priore,
793 727 845 788 uia
866 726 985 791 viritun·
999 736 1213 807 argumentum
1260 774 1263 781 ·
1309 774 1312 781 -

66 821 114 875 est
133 811 264 874 acutas
285 809 469 894 generandi3
491 812 623 874 eunuchi
643 832 718 875 vero
741 812 749 826 ⁸
844 812 851 827 '
873 822 945 876 sunt
962 816 1143 876 necrobora
1156 834 1212 879 ra-

63 898 147 960 lent:
169 896 244 961 hinc
264 896 357 976 igitur
377 895 517 962 clrrmbis
538 895 579 961 de
599 918 709 983 parum
727 898 807 963 virili
822 909 912 985 atque
930 909 1076 963 enervato
1092 910 1146 962 aut
1163 922 1211 981 eo,

63 983 121 1070 qui
139 984 260 1045 laboret
280 984 468 1063 lumbagine.

142 1070 206 1132 21.
227 1065 284 1132 Er
298 1067 443 1132 tremulo
461 1066 663 1154 sculpuntur·
682 1067 740 1132 ubi
761 1067 888 1132 intima
901 1068 1026 1149 versu]
1049 1067 1212 1157 Sculpcre
1321 1101 1323 1111 ·

63 1154 226 1217 obscoena
246 1154 391 1234 notione,
417 1165 450 1216 ut
469 1153 552 1241 apud
573 1150 708 1217 Graecos
731 1149 821 1231 ξύειν
843 1164 883 1217 et'
896 1151 1054 1237 κνήθεινε
1084 1159 1211 1237 tremi-

63 1236 118 1302 luo
139 1260 260 1303 uersus
281 1261 338 1326 pro
358 1228 489 1321 lascivo,
513 1242 567 1304 vel
588 1240 812 1324 compositione
832 1251 863 1302 et
886 1260 979 1303 sensu
999 1244 1051 1305 vel
1072 1264 1212 1329 pronun·
1268 1249 1270 1254 '

62 1323 194 1388 tiatione
214 1336 246 1387 ot
266 1337 370 1406 gestu:
397 1348 471 1389 nam
493 1325 569 1388 dixit
590 1324 759 1410 patranti
771 1321 911 1413 fractus
933 1324 1060 1390 ocellos
1091 1341 1211 1392 contra-

60 1410 146 1475 rium
170 1421 219 1474 cst
239 1412 327 1475 vocis
348 1433 508 1476 aereuucr
528 1413 573 1474 sic
594 1410 675 1495 apud
693 1408 846 1475 Galenum
862 1411 896 1473 in
913 1412 991 1475 libro
1012 1411 1064 1475 De
1080 1415 1210 1477 curatio-

60 1512 104 1559 ne
126 1496 296 1559 affectuum
323 1497 418 1573 animi
446 1492 629 1581 perinvitus
661 1495 754 1582 (quae
784 1496 940 1561 dicebatur
961 1497 1073 1563 Stoicis
1094 1494 1134 1563 τὰ
1156 1494 1208 1564 sti·

62 1577 220 1665 πώθημα
247 1595 279 1646 et
305 1577 570 1668 καταστηματιιιὴ
606 1579 663 1647 καὶ
694 1580 790 1658 ἵλεως
818 1582 880 1667 τῆς
906 1581 1208 1666 ψυχῆςῧδιάθεσις,

60 1664 203 1745 Senecae
223 1670 432 1754 compositae
457 1667 581 1733 mentis
602 1666 753 1750 babitus)
778 1669 943 1754 opponitur
963 1674 1033 1745 τοῖς
1054 1676 1207 1753 γαργαλι-
1239 1676 1243 1691 “

60 1756 175 1835 eucig:
204 1766 236 1817 et
250 1764 339 1817 necte
359 1751 544 1820 tremulum
565 1753 688 1826 dicitur,
716 1776 756 1815 ex
783 1776 845 1838 quo
873 1756 1006 1818 nascitur
1024 1757 1057 1817 in
1078 1757 1208 1820 arrdien-

15 1876 18 1885 =
59 1839 139 1903 tium
168 1840 280 1904 animis
306 1842 449 1927 voluptas
484 1838 637 1926 quaedam
664 1839 804 1918 titillans,
835 1842 982 1903 contraria
1012 1844 1149 1922 gravitati
1176 1856 1207 1907 et
1308 1881 1311 1887 ·

60 1927 261 2005 comtantiae,
283 1936 317 1988 ut
332 1928 374 1988 ait
387 1926 506 1990 Cicero.
550 1923 682 1989 Intimc
695 1937 765 1988 sunt
783 1923 818 1988 ui
832 1919 957 2004 ὀρέξεις
979 1939 1009 1990 et
1029 1948 1098 2012 pars
1112 1928 1207 1991 animi

59 2032 121 2098 qua
150 2008 397 2099 concupiscimus
425 2023 456 2074 et
477 2032 571 2097 quae,
602 2023 635 2072 ut
655 2012 788 2095 loquitur
817 2010 864 2073 lll.¹
885 2010 1019 2091 Tullius,
1048 2015 1206 2100 voluptate
1319 2006 1322 2017 ’

58 2097 167 2179 alitur3
194 2100 248 2161 vel
278 2099 412 2184 corporis
440 2108 543 2184 partes
578 2117 657 2181 quae
692 2097 953 2182 concupiscentiae
987 2100 1031 2161 illi
1060 2102 1205 2163 serviunt.

58 2179 235 2263 Quomodo
264 2195 367 2258 atrtern
388 2183 456 2248 vim
475 2204 565 2246 suam
586 2195 711 2245 exerant
737 2184 771 2244 in
794 2205 920 2268 corpora
932 2220 935 2225 ·
948 2184 1122 2246 auditomm
1143 2198 1206 2248 tre-

37 2269 136 2337 ·mli
156 2264 265 2333 versus
287 2282 319 2332 et
345 2271 460 2333 lasciva
487 2270 618 2344 cantica,
646 2291 686 2331 cx
712 2270 751 2332 iis
773 2271 902 2346 clarum,
929 2291 1008 2354 quae
1035 2269 1074 2332 de
1102 2292 1204 2334 rerum

56 2354 243 2441 sympathia
271 2354 384 2418 docent
417 2355 613 2441 philosophi:
649 2353 688 2416 de
720 2376 780 2439 quo
810 2354 985 2418 Aristoteles
1012 2354 1046 2417 in
1073 2357 1203 2441 septima

52 2436 290 2511 'Problematum
310 2453 396 2528 parte
418 2444 524 2519 multa,
554 2452 600 2520 et,
628 2438 710 2526 quod
732 2443 792 2502 huc
814 2441 950 2502 maxime
972 2441 1061 2521 facit,
1083 2444 1204 2506 Virbius

55 2524 201 2609 Stagirita
214 2526 314 2591 Julius
328 2527 441 2591 Caesar
454 2526 589 2606 Scaliger
610 2527 825 2588 exercitatione
843 2527 875 2587 in
895 2524 1069 2589 Cardanum
1083 2526 1203 2592 CCCII.
1302 2565 1305 2569 -

141 2618 195 2678 22.
224 2611 323 2692 Tuu’,
344 2610 454 2677 vetule
460 2658 469 2690 ‚
495 2611 657 2676 auriculis
680 2611 804 2676 alienis
825 2610 958 2698 colligis
980 2609 1111 2696 escusi]
1138 2613 1203 2676 Ex·
1326 2683 1329 2697 Ι

55 2697 166 2784 positis*
185 2697 270 2762 vitiis
294 2720 417 2779 eorum,
444 2700 496 2784 qui
517 2700 618 2765 literas
639 2697 761 2762 Romae
781 2700 964 2774 tractabant,
990 2720 1071 2760 nunc
1093 2720 1202 2781 aggre-
1218 2710 1253 2764 70

56 2784 137 2847 ditur
152 2783 257 2871 poeta
284 2785 455 2848 eorundem
482 2785 720 2865 castigationem.
763 2785 841 2847 Ante
869 2785 974 2845 omnia
995 2783 1112 2846 dictum
1140 2791 1271 2864 est,(59)·

55 2871 105 2957 qui
125 2871 306 2950 scriberent,
323 2892 389 2941 non
410 2872 471 2934 alio
492 2872 556 2933 fine
575 2871 732 2956 scripsisse
752 2891 844 2956 quam
861 2881 893 2930 ut
908 2867 1115 2932 laudarentur:
1135 2873 1197 2932 hoc

54 2953 193 3020 studium
210 2977 328 3020 vanum
349 2979 417 3020 esse
434 2944 572 3020 'batendit
593 2957 732 3034 Persius,
759 2977 829 3017 curn
851 2957 1029 3041 praesertim
1048 2957 1112 3031 illi,
1134 2958 1202 3041 qui-

55 3043 110 3106 bus
131 3045 257 3129 placere
277 3044 396 3130 cupias,
417 3042 537 3124 indigni
557 3043 618 3105 sint
639 3031 770 3126 quondm
790 3040 900 3120 judicia
921 3043 1015 3105 facias
1045 3043 1137 3120 tanti,
1165 3053 1201 3103 ut

54 3130 146 3214 plane
171 3131 356 3192 contrarium
382 3131 421 3192 sit
451 3132 533 3208 ejus,
583 3125 647 3190 uod
666 3124 798 3190 'dicebat
823 3126 955 3189 Ennius:
987 3124 1157 3189 Laudari·
1177 3149 1201 3189 α
1288 3194 1291 3199 ,

54 3211 203 3362 iilum
223 3212 303 3280 viro
321 3213 515 3302 pulchrum.
559 3150 675 3293 &uasta
696 3215 773 3275 haec
798 3213 944 3299 particula
967 3223 1033 3290 est,
1054 3233 1201 3276 versuum

98 3320 202 3364 orum.

143 3384 251 3463 Tun',
271 3384 399 3466 vetule,
422 3387 512 3465 uun]
532 3383 604 3447 Non
618 3383 750 3470 pertinet
764 3378 870 3445 vetuli
884 3382 1046 3467 appellatio
1068 3382 1108 3445 ad
1128 3406 1200 3446 rno-

53 3470 187 3535 uitorem'
205 3472 310 3551 illum,
332 3473 384 3558 qui
408 3493 444 3534 su
467 3492 499 3532 ra
519 3470 658 3533 Persium
678 3469 889 3555 compellavit,
920 3466 976 3530 sed
997 3481 1140 3531 notantur
1163 3492 1200 3532 ea

51 3572 147 3637 voce,
170 3576 239 3620 msr
249 3560 354 3636 fallor,
377 3559 429 3642 qui
452 3579 503 3618 aru
516 3555 668 3636 Romani,
689 3576 767 3641 quos
782 3555 814 3615 in
829 3564 985 3616 senectute
1006 3558 1113 3636 nugari
1136 3578 1199 3618 non

50 3642 208 3731 pudebatr
229 3641 301 3706 ideo
319 3642 440 3706 dicebat
456 3643 611 3728 superius:

139 3726 242 3793 Ttow
257 3748 335 3793 cum
347 3727 398 3792 ad
412 3728 577 3794 canitiem
592 3739 625 3792 et
641 3735 801 3790 rwstrum'
810 3722 902 3788 istud
916 3723 1034 3788 vivere
1051 3725 1149 3789 triste

133 3812 189 3886 Aa
216 3810 280 3878 exi.
876 3827 879 3835 ’

51 3898 160 3979 Tune,
183 3836 301 3986 iqua,
322 3923 342 3963 o
365 3903 473 3980 snrlte,
500 3910 532 3962 et
550 3919 588 3961 eo
609 3894 736 3983 quidem
753 3896 886 3976 stultior,
913 3893 999 3980 quod
1019 3896 1054 3959 in
1074 3895 1199 3958 stultitia

52 3987 255 4065 consenuisti,
277 3986 357 4050 adeo
370 4007 477 4048 amens
496 4007 544 4062 es,
565 3994 600 4044 ut
612 4004 719 4046 versus
734 3979 867 4044 faciendi
882 3982 1022 4045 laborem
1037 3982 1197 4060 sustineas,
1248 4046 1251 4053 ,
1269 3982 1281 4029 ’-

51 4094 113 4135 ιιοιι
129 4084 257 4158 propter
270 4093 410 4136 amorem
422 4074 577 4134 literarum
589 4081 642 4132 aut
661 4069 756 4129 ullam
771 4066 850 4130 adeo
869 4068 1078 4157 voluptatem,
1104 4086 1196 4151 quam

52 4179 88 4221 ex
108 4157 221 4222 studiis
235 4160 352 4246 capias,
372 4158 429 4221 sed
450 4168 484 4218 ut
502 4168 627 4219 tuorum
637 4156 819 4240 scriptorum
829 4155 1006 4216 recitatione
1027 4154 1093 4215 aliis
1107 4155 1198 4216 volu-

51 4255 177 4328 ptatem,
198 4244 255 4308 tibi
270 4245 432 4326 gloriolam
445 4242 571 4330 parias?
604 4239 766 4318 [Ostendit
781 4239 864 4304 Puss.
877 4262 910 4325 p.
924 4245 990 4304 260
1003 4261 1049 4324 sq.
1070 4237 1197 4316 intelligi

52 4331 138 4405 ilos,
169 4351 249 4415 quos
270 4330 416 4395 dissoluta
447 4340 480 4391 et
500 4326 666 4391 libidinosa
686 4326 749 4390 rita
769 4336 840 4388 aute
861 4325 945 4405 diem
969 4325 1135 4387 enervarit:
1164 4324 1197 4384 in

53 4417 162 4502 quibus
177 4420 277 4497 major
291 4438 364 4504 pars
376 4413 585 4479 delicatiorum
601 4413 767 4476 hominum
773 4410 878 4475 Urbis.
892 4412 932 4475 V.
950 4423 980 4473 et
994 4411 1051 4488 Pt]
1088 4406 1198 4473 Auri-
