2700 4972
23 374 27 385 ·
101 370 203 445 ur·
265 404 269 411 -
304 362 549 441 rsusrrus
570 368 1066 479 uonsrrrrrursrro.
1101 412 1104 417 -

55 537 110 603 ⁵³8
194 549 227 611 8.
253 540 563 634 Turgcscitoitreo
578 538 683 624 bilia]
706 545 812 609 Horat.
826 544 903 624 [Sat.
916 542 959 627 ΙΙ,
974 551 1006 625 8,
1025 545 1119 631 141];

416 700 419 705 ,
448 626 559 694 Juseil
572 626 665 731 qnod
678 627 861 717 splendida
875 628 968 695 bilis.

46 742 49 755 ·
196 720 246 784 12
273 710 556 805 ilicncqueritur,
580 735 717 780 crassus
734 716 873 782 calerno
893 713 989 806 quod
1006 713 1169 804 pendeat
1184 714 1246 782 ltu-

108 803 206 883 mor.]
228 800 327 871 satia
341 801 398 866 111.
410 801 480 866 libri
494 800 546 882 11.,
566 822 599 867 r.
617 807 655 867 7:

170 926 177 933 -
237 885 434 973 culpantur
441 885 585 969 frustra
602 885 747 951 calami.
810 904 813 918 ¹

195 976 246 1040 16.
256 971 310 1039 At
322 994 384 1039 our
394 994 463 1037 non
477 973 787 1060 poliucteneroque
797 992 825 1036 c.
837 984 868 1037 et
878 994 968 1037 maxx
983 969 1106 1064 effluis
1120 994 1243 1037 amens.

11 1082 14 1087 ·
111 1056 363 1142 Ouramma]
383 1059 455 1124 Non
470 1071 517 1123 est
538 1061 757 1142 negligendum
773 1061 885 1125 vereris
905 1062 999 1125 critici
1013 1060 1180 1141 judicium,
1200 1061 1244 1146 qui

73 1188 77 1197 ,
105 1144 282 1237 [ltonrmtiat
296 1146 436 1211 Persium
451 1146 510 1210 isto
531 1148 601 1208 loco
623 1168 731 1232 parum
746 1147 929 1232 tempestivo
943 1149 1122 1228 laborasse,
1142 1158 1177 1211 ut
1195 1168 1244 1212 ex·

104 1232 250 1319 pamm
262 1234 315 1295 illa
327 1232 448 1295 Horatii
463 1253 503 1294 ex
515 1229 626 1294 cadem
642 1231 756 1312 Satira,
778 1254 808 1297 v.
825 1238 890 1297 18s
913 1256 935 1296 .:

16 1326 30 1367 ⁴·-
52 1364 55 1369 -
107 1352 111 1357 ·
236 1314 413 1383 Invidiam
424 1314 568 1401 placare
580 1338 691 1402 paras
705 1318 834 1383 virtuto
847 1254 1001 1397 relicta?

236 1400 460 1469 Contemnere
475 1403 598 1466 miser:

148 1487 181 1552 ‘d
197 1486 350 1555 videretur
368 1490 459 1553 nobis
477 1488 516 1552 de
536 1488 707 1552 imitatione
728 1488 824 1553 Persii
837 1488 1024 1567 Horatiana,
1046 1486 1188 1576 superius
1201 1486 1243 1549 in-

105 1512 288 1641 lliaamus:
309 1577 455 1662 quoniam
468 1586 571 1638 tamen
584 1570 769 1658 ἄνθρωπον
784 1569 897 1657 φύντα
911 1569 1152 1659 ἀναμάρτητον
1166 1567 1243 1638 εἶναι

104 1659 221 1739 τελέως
235 1657 324 1726 ἐστὶν
345 1655 528 1740 ἀδύνατον,
550 1662 667 1724 inficias
689 1662 732 1724 ire
752 1662 850 1725 nolim
871 1662 1013 1727 Persium
1032 1662 1114 1725 locis
1138 1661 1244 1747 aliquot

104 1749 149 1812 sic
164 1748 359 1812 Venusinam
373 1746 534 1810 Satiric'um
546 1748 641 1832 sequi,
663 1758 772 1809 utnon
783 1760 975 1833 assequatur,
999 1758 1095 1835 atque
1105 1743 1184 1810 adeo
1201 1744 1243 1811 ri-

105 1832 171 1898 deri
182 1855 274 1920 possa
286 1832 441 1897 interdum
452 1836 546 1897 rerba
561 1833 642 1896 illius
656 1831 696 1895 ad
712 1835 906 1919 propositum
919 1834 1059 1897 alienum
1071 1852 1243 1897 accommo-

68 1972 73 1989 ,
105 1919 223 1984 (latiora
240 1940 334 2005 quam
350 1917 392 1982 ad'
403 1918 574 1981 insfiruum
590 1920 629 1981 ab
643 1919 712 2004 ipso
726 1939 918 1983 sermonem:
939 1940 1034 2006 quam
1047 1940 1136 1985 narro
1177 1916 1243 1982 llus

105 2003 257 2090 (dicamus
273 2006 357 2069 enim
371 2026 479 2068 verum
491 2007 621 2085 nomen)
646 2005 700 2069 vix
725 2016 772 2068 est
791 2017 826 2067 ut
841 2006 963 2092 penitus
977 2005 1079 2070 vitent
1101 2003 1139 2069 oi
1176 2005 1243 2067 lio-

40 2110 43 2115 ·
104 2090 186 2181 volu
199 2085 474 2174 θεοφορούμενοι
487 2084 668 2172 πνεύματι,
689 2099 725 2152 ut
744 2090 786 2153 ait
803 2091 985 2172 Longinus:¹
997 2091 1183 2178 praesertim
1196 2089 1242 2168 illi,

147 2179 155 2197 ⁸
173 2176 318 2242 adonim
329 2178 532 2241 imitationem
542 2186 626 2239 lotos
643 2196 678 2239 se
693 2178 951 2265 comparaverint,
974 2175 1062 2263 quod
1080 2194 1242 2264 propemo-

126 2284 180 2328 um
203 2262 323 2328 videm
344 2263 455 2327 fecisse
476 2262 614 2325 Persius:
640 2283 750 2326 verum
771 2264 805 2325 in
824 2274 889 2327 tam
907 2265 992 2326 bona
1009 2266 1115 2327 forms
1134 2276 1241 2328 nam

102 2370 182 2414 unus
197 2361 250 2413 aut
265 2352 340 2412 alter
353 2350 442 2412 facile
455 2348 581 2414 veniam
594 2359 759 2413 merentur.

193 2440 244 2501 17.
264 2432 314 2499 El
333 2431 462 2497 similis
477 2452 602 2520 regum
620 2430 772 2519 pueris]
794 2430 869 2498 oda
886 2430 1012 2500 XVIII.
1031 2430 1091 2502 lib.
1111 2430 1155 2502 Π.
1178 2430 1242 2499 Gn

54 2524 61 2541 ·’
84 2520 240 2601 minum,
260 2542 292 2587 v.
309 2522 429 2606 ilisa:

556 2599 695 2692 Aequa
712 2600 818 2669 lellus

235 2685 398 2777 Pauperi
411 2683 606 2753 recluditur

268 2776 326 2842 Re
353 2796 478 2863 umque
495 2770 626 2862 pueris.

190 2866 243 2930 23.
270 2859 303 2927 U
328 2885 389 2929 um
408 2869 444 2927 et
464 2859 570 2929 molle
590 2859 705 2926 lulum
717 2859 785 2943 aa]
812 2856 957 2923 Horatius
975 2855 1018 2922 ad
1040 2857 1163 2926 lulium
1178 2860 1243 2927 Flo-

53 2959 191 3026 539rum‚
211 2971 241 3015 v.
265 2952 303 3015 8:

480 3029 615 3121 argilla
655 3027 768 3095 uiduis
784 3025 978 3093 imitaberis
989 3026 1075 3093 uda.
1270 3064 1274 3069 -

189 3125 242 3186 24.
265 3110 336 3183 Seri
348 3137 427 3180 rure
439 3126 589 3204 paterno
637 3126 669 3181 el
682 3112 747 3181 tulii
758 3110 827 3205 sar
839 3111 1038 3196 radicum]
1068 3115 1107 3182 In
1123 3119 1244 3207 epistola

104 3204 144 3268 ad
160 3204 309 3285 Lollium,
329 3224 360 3270 v.
384 3206 441 3269 6οε

480 3286 656 3353 interdum
674 3283 822 3438 nuffaria
836 3300 916 3350 rure
927 3295 1096 3372 paterna

102 3412 105 3421 ·
188 3374 241 3440 25.
270 3373 411 3443 Puram
430 3382 466 3438 el
483 3374 558 3440 siae
578 3372 656 3440 labe
675 3394 717 3437 sa
733 3372 864 3454 inunu]
886 3369 986 3437 Satira
1013 3370 1073 3440 111.
1091 3376 1148 3440 lm.
1167 3375 1198 3457 1,
1215 3394 1240 3440 r.

105 3464 145 3525 13
165 3479 180 3524 s
202 3478 230 3524 ‚r
347 3492 352 3503 ·

181 3480 202 3547 q
481 3540 583 3609 modo
599 3542 646 3611 sil
658 3539 748 3610 milri
760 3564 880 3608 mensa
893 3542 1004 3634 tripes
1016 3554 1055 3609 et

232 3626 375 3695 Concha
391 3628 478 3695 solis
492 3629 576 3718 puri
582 3650 596 3693 .·

102 3713 159 3780 sed
176 3715 247 3800 quia'
262 3717 304 3779 ait
317 3715 439 3783 Persius
453 3738 536 3782 rure
547 3724 697 3803 paterno
710 3712 778 3781 Est
793 3712 874 3792 tibi,
905 3712 1062 3801 pertinent
1073 3720 1142 3784 huc
1161 3721 1239 3785 uteo

101 3803 236 3867 carmine
248 3801 288 3865 ad
306 3799 483 3890 Grosphum
496 3805 574 3868 libro
589 3802 631 3883 H,
645 3824 737 3869 carm.
754 3807 804 3882 16,
825 3820 856 3867 r·
873 3805 914 3867 13
926 3824 989 3890 sq.:

234 3882 380 3953 Vivitur
393 3909 505 3974 parvo
521 3888 622 3968 bene,
645 3887 703 3953 cui
712 3897 902 3974 paternum

229 3970 394 4059 Splendet
408 3972 445 4039 in
461 3996 579 4039 mensa
593 3973 690 4039 tenui
704 3972 868 4037 calinum.

186 4060 240 4124 26.
261 4056 392 4124 Secura
409 4060 576 4150 patella]
604 4061 784 4148 Epithetum
805 4073 853 4124 est
872 4054 1097 4142 Horatiamm,
1127 4063 1162 4126 in
1176 4058 1237 4128 Vll

100 4141 199 4210 Satira
209 4145 278 4208 libri
293 4144 334 4225 Π,
346 4169 377 4212 v.
393 4152 451 4214 30:
475 4144 602 4213 lausiac
616 4168 776 4211 securum
794 4145 880 4210 olus.

100 4310 118 4379 1
187 4236 242 4383 83δὲ
264 4226 353 4296 Cum
368 4227 450 4298 dira
469 4231 579 4299 libido
592 4230 747 4300 Moveril
767 4226 978 4322 ingenium]
1007 4229 1112 4313 Satira
1131 4231 1235 4299 lura.

151 4332 183 4382 v·
251 4340 259 4377 i

118 4361 127 4395 ’
462 4399 1145 4494 ermuraovenaaflaarararnra.

184 4485 240 4556 48.
262 4483 371 4571 lura]
393 4488 567 4555 Absurdum
581 4493 647 4572 juro
665 4487 823 4580 videam:
850 4512 910 4556 nos
928 4510 1075 4559 caussmn
1093 4491 1234 4559 astulimn
