2700 4972
369 369 431 439 ru
452 367 624 439 rursu
644 332 957 471 armarunt
1164 382 1230 448 ur

185 542 318 634 Magne
329 548 436 628 pater
450 533 596 623 dietim]
620 540 752 605 Lucilius
771 539 822 623 [1‚
841 544 878 607 fr.
895 542 1065 628 tib-pater
1085 546 1228 634 optimu’

91 625 240 705 dimi-nc,-
264 627 337 692 ride
353 628 543 691 Lactantium
556 628 633 690 libro
668 639 771 705 uarro,
793 626 890 713 capite
903 631 1001 692 tertio.

185 722 239 783 36.
261 710 373 775 Haud
384 710 460 775 clia
474 710 634 792 ratione]
647 649 751 793 baem
765 712 886 792 flagello
901 716 1102 779 comcientiae
1118 731 1229 785 etme-
1250 748 1253 753 ·

92 814 148 881 tu,
171 801 223 885 qui
240 821 310 861 eam
323 796 494 861 necessario
508 799 651 883 sequitur.
694 796 818 859 Plautus
832 797 975 874 [Mostell.
993 800 1048 879 Ill,
1067 810 1094 880 1,
1113 803 1180 884 13]:

184 878 293 948 Nitit
306 892 358 945 est
373 880 535 946 miserius
553 902 657 968 quam
672 878 809 943 unimus
825 880 975 946 bominis
991 884 1156 951 conscius.
1200 951 1203 955 ,
1327 954 1330 963 ¹

93 970 259 1034 Petronius
274 969 312 1046 [c.
328 967 417 1049 125J:
436 964 504 1031 Dii
515 964 685 1052 deaeque,
710 987 815 1050 quum
828 964 920 1030 male
936 978 989 1032 est
1001 978 1099 1034 extra
1115 972 1232 1060 legem

94 1051 319 1120 viventibus!
347 1050 514 1138 quicquid
539 1060 756 1124 statuerunt,
778 1072 916 1138 semper
935 1065 1126 1140 expectant.
1171 1060 1231 1122 Vi-

84 1138 189 1203 'detur
199 1139 352 1202 Boethius
368 1139 464 1202 Persii
483 1140 564 1202 huuc
579 1141 684 1201 locum
696 1137 831 1202 imitatus
853 1140 985 1203 carmine
998 1140 1076 1207 VIII
1098 1144 1167 1207 libri
1183 1143 1231 1211 111
1296 1192 1300 1201 .

78 1225 325 1291 'Consolationis
336 1236 428 1287 suae:
1091 1282 1095 1287 .

139 1380 142 1385 ,
183 1307 282 1392 Quid
301 1305 446 1395 dignum
465 1304 602 1372 stolidis
624 1302 795 1370 mentibus
815 1303 1014 1396 imprecer?

226 1390 342 1480 Opes,
364 1391 511 1459 bonores
528 1387 697 1468 ambiant,

181 1478 252 1561 Et,
271 1499 351 1545 cum
363 1475 466 1566 falsu
483 1473 590 1562 gravi
609 1477 698 1539 mole
718 1474 936 1562 paraverint,
1008 1488 1013 1505 ¹

231 1568 318 1630 Tum
339 1583 422 1626 vera
443 1571 650 1649 cognoscant
671 1558 770 1628 bona.

94 1653 182 1733 Lege
204 1661 307 1713 autem
329 1647 485 1711 Iuvenalis
506 1647 636 1710 Satiram
657 1646 749 1711 ΧΙΠ.
1241 1714 1245 1725 ¹

181 1740 234 1801 st.
257 1729 408 1798 Moverit
424 1731 625 1822 ingenium]
648 1730 806 1820 Impulerit
820 1729 861 1795 ad
873 1731 992 1815 insigne
1005 1732 1129 1823 aliquod
1141 1736 1230 1821 flagi.

94 1821 174 1885 tium
193 1831 247 1883 aut
264 1821 372 1883 scelus.
1110 1878 1112 1883 .
1203 1896 1206 1901 ¹

181 1902 348 1969 Ferventi
363 1897 475 1968 tinctu
489 1900 642 1983 veneno]
668 1899 835 1966 Tinctum
853 1914 979 1967 vocatur
993 1926 1148 1969 venenum
1169 1908 1232 1971 La-

95 1992 187 2070 una,
210 1990 356 2069 vagam,
383 1989 529 2066 Horatio,
550 1987 702 2067 uocato,
724 1989 808 2069 artas
826 1988 869 2050 ta
887 1987 963 2051 nst
981 1989 1089 2056 rhum
1110 1980 1251 2077 usqae

95 2072 223 2161 σμένην
239 2069 400 2158 priapum
413 2068 581 2153 διάνοιαν,
603 2075 634 2135 in
646 2075 723 2137 libro
740 2071 779 2136 de
795 2070 971 2137 Cherubim.
1210 2140 1212 2145 .

164 2164 236 2245 Ι38.
263 2154 439 2223 Virtutem
455 2156 599 2222 videant
619 2155 899 2244 intabescantque
923 2155 1081 2240 relictas]
1102 2158 1231 2225 Virtutis

95 2268 187 2311 amor
200 2267 220 2308 a
236 2244 306 2308 Deo
321 2243 434 2307 inditus
447 2255 493 2307 est
505 2244 678 2306 mortalium
690 2245 829 2306 omnium
844 2244 968 2321 animis,
990 2245 1042 2331 qui
1053 2246 1110 2309 etsi
1122 2242 1231 2310 fraude
1330 2310 1333 2315 ,

93 2333 195 2397 bostis
209 2330 337 2393 humani
357 2331 474 2410 generis
493 2351 572 2414 pene
593 2330 650 2390 fuit
666 2330 831 2405 extinctus,
852 2350 1008 2414 nunquam
1028 2341 1133 2393 tamen
1154 2332 1230 2401 vitiu

96 2429 217 2481 tantum
232 2417 290 2477 fuit
304 2427 356 2477 aut
372 2417 427 2477 erit
444 2415 569 2492 virium,
589 2425 622 2475 ut
638 2417 767 2500 probare
787 2436 822 2477 se
841 2415 1019 2478 hominibus
1034 2426 1138 2500 queat:
1157 2416 1231 2480 inde

95 2515 143 2567 est
156 2499 243 2587 quod
254 2501 384 2564 inveniri
395 2500 568 2585 paucissimi
580 2502 714 2577 soleant,
736 2500 787 2585 qui
800 2500 895 2563 velint
908 2500 998 2580 gratis
1013 2521 1080 2563 esse
1092 2503 1166 2564 mali
1179 2512 1232 2565 aut

96 2590 149 2674 qui
161 2590 242 2649 inter
254 2588 366 2650 scelera
378 2598 409 2648 et
419 2586 540 2663 injurias
553 2586 696 2648 bonitatis
710 2584 888 2671 opinionem
901 2607 965 2647 non
978 2586 1134 2666 affectent,
1147 2585 1282 2671 quod255

95 2675 122 2737 si
136 2675 189 2758 qui
205 2694 244 2735 eo
260 2670 523 2756 deprehendantur
538 2691 606 2733 esse
624 2671 765 2749 ingenio,
786 2692 880 2732 nerno
899 2671 970 2733 illos
984 2692 1039 2756 pro
1052 2672 1229 2735 hominibus

95 2760 207 2835 babet,
236 2755 291 2819 sed
311 2777 419 2818 omnes
445 2755 531 2839 quasi
559 2758 638 2817 ieras
661 2757 897 2817 abominantur..
936 2754 1017 2817 Istae
1038 2762 1108 2818 sunt
1129 2759 1230 2821 bonae

96 2844 210 2906 mentis
224 2842 381 2926 reliquiae,
402 2860 481 2925 quae
495 2840 625 2901 illumin
639 2840 748 2902 animis
763 2842 873 2903 nostris
893 2840 1056 2901 cruciatum
1075 2854 1229 2922 generant,

96 2950 157 3013 quo
178 2929 297 2989 nullum
317 2930 467 3005 majorem
484 2925 588 2986 sentiri
607 2946 699 3008 posse
721 2926 851 2987 affirmat
869 2925 938 2985 heic
957 2924 1092 2988 Persius:
1120 2926 1229 2990 eadem

95 3013 208 3099 poe’tae
231 3012 312 3073 illius
332 3033 436 3088 mens,
466 3009 518 3094 qui
538 3009 618 3093 apud
637 3009 832 3071 Plutarchum
847 3011 1011 3091 exclamat,
1037 3010 1159 3073 inIiBro
1178 3010 1229 3076 Do

96 3111 176 3162 recta
190 3096 352 3183 poe‘tarum
363 3095 617 3180 interpretatione
629 3093 671 3178 [p.
687 3099 740 3158 33.
759 3093 827 3174 G.]:

180 3180 230 3247 At
246 3180 297 3260 ui,
318 3173 392 3245 τόδ’
405 3174 470 3262 ἤδη
487 3181 583 3242 θεῖον
597 3173 790 3256 ἀνθρώποις
804 3173 920 3257 κακόν,

170 3261 338 3341 toccsctg
354 3263 425 3349 εἰδῇ
442 3259 606 3346 τάγαθὸν,
628 3266 744 3347 χρῆται
761 3262 795 3329 tt
808 3259 863 3346 μή.
1222 3273 1295 3345 (118)

97 3351 290 3419 Testimonia
301 3352 391 3429 hujus
408 3350 453 3412 rei
475 3371 545 3411 curn
563 3350 621 3411 alia
640 3351 673 3410 in
692 3351 792 3414 literas
813 3353 905 3411 relata
927 3357 993 3411 tum
1015 3345 1078 3410 duo
1097 3348 1227 3430 insignia

96 3439 228 3513 Tiberii,
251 3438 333 3514 cujus
348 3435 467 3498 assidua
482 3446 630 3496 tormenta
643 3445 767 3498 testatur
780 3435 907 3520 epistula
927 3432 1034 3497 Tacito
1058 3434 1151 3514 [Anu.
1168 3434 1224 3512 VI,

97 3525 135 3606 6]
157 3536 189 3587 et
203 3520 351 3585 Suetonio
370 3520 467 3599 [abl]
484 3530 619 3604 exparte
637 3518 794 3606 descripta,
810 3531 840 3581 et
853 3519 982 3582 Maximi
1000 3521 1138 3598 tyranni:
1160 3523 1225 3598 ejus

97 3630 206 3675 rocem
220 3609 312 3668 relert
325 3602 469 3667 Sidonius
485 3604 664 3689 Apollinaris
683 3605 760 3669 libro
784 3603 824 3669 II.
844 3605 928 3690 epist
948 3603 1049 3667 XIII:
1072 3602 1226 3669 Felicem

97 3705 145 3771 tc,
167 3687 373 3764 Damocles,
398 3689 456 3790 qui
469 3710 536 3752 non
552 3708 619 3752 uno
635 3685 775 3777 longius
785 3685 938 3777 prandio
956 3688 1058 3776 regui
1070 3688 1225 3752 necessi-

97 3788 204 3845 tatem
220 3774 433 3840 toleravisti!
506 3828 514 3855 ,
1200 3772 1202 3779 '

183 3857 365 3929 Virtutem
376 3855 541 3940 videant]
557 3857 596 3922 Ut
602 3853 715 3922 Medea
728 3857 810 3947 apud
822 3853 1000 3944 Euripidem
1014 3869 1045 3921 et
1059 3858 1134 3923 alios
1145 3856 1224 3946 Ροδ-

95 3962 149 4016 tas.
193 3946 327 4015 Ovidius
342 3945 480 4028 [Metam.
494 3942 567 4025 VII,
579 3947 652 4022 20]:
1043 3995 1047 4001 .
1091 3954 1094 3965 '

296 4070 320 4091 .-
528 4044 531 4049 ·
588 4026 690 4093 video
706 4023 852 4091 meliore
870 4023 1056 4114 proboque,

226 4112 410 4182 Deteriora
431 4132 562 4197 sequor.

178 4199 485 4286 [mutescuntque]
507 4199 644 4267 Imitatur
657 4191 764 4261 Ovidii
778 4212 901 4261 veretur
917 4194 958 4261 de
972 4210 1045 4265 tera
1059 4196 1174 4267 invidia
1188 4197 1221 4261 in

91 4290 132 4358 Π.
144 4290 276 4356 Metam.
298 4287 373 4365 [780
385 4288 460 4373 sq.]t

222 4368 295 4434 Sed
307 4366 403 4434 ridet
416 4370 573 4458 ingratos
587 4361 832 4457 irrtcbescitque
846 4362 994 4431 ridendo

510 4452 518 4466 Ο

221 4454 406 4521 Successus
424 4455 609 4519 lccmmum.
1161 4498 1166 4511 .
1208 4512 1211 4520 ,

138 4538 537 4622 caraman-atrata.-
614 4606 618 4623 Ι
719 4610 728 4632 Ι
971 4538 1043 4601 -12
