2700 4972
196 342 202 350 ι
342 266 602 399 lurrnsn
630 306 901 373 5111111111·
1060 316 1184 395 ’111

67 486 166 539 mtem
178 477 319 546 audires:
342 480 419 540 haec
436 480 570 541 efficacia
594 493 640 544 est
654 479 793 544 sublimis
813 466 1003 565 eloquentia,
1025 481 1091 545 sive
1108 503 1178 544 ora-

67 584 134 624 rem
149 566 236 644 legas
246 565 320 635 'sive
337 565 477 650 politam,
500 577 534 626 ut
548 564 638 629 docet
653 567 746 629 etiam
762 565 928 645 Longinus.

90 688 93 693 ·
121 651 196 714 125.
220 646 367 735 Siforte
387 649 526 737 aliquid
538 647 713 714 decoctius
727 648 853 732 audin]
874 651 1015 714 Electum
1032 673 1049 713 a
1066 674 1100 714 se
1121 673 1178 714 au-

67 746 167 796 torem
179 735 288 798 invitat
305 735 345 797 ad
358 736 523 798 lectionem
533 759 656 800 suarum
671 738 853 816 Satirarum,
875 736 1003 816 sedita,
1026 749 1059 799 ut
1072 741 1110 801 ab
1128 739 1177 799 in-
1241 800 1242 805 ,

67 841 87 880 a
102 819 260 883 modestia
279 842 343 882 non
365 821 516 884 discedat:
538 825 606 903 lege
627 826 718 902 haec,
740 823 854 907 inquit,
881 823 908 885 si
928 834 1032 887 tamen
1053 836 1100 887 est
1121 823 1183 886 ati-³

67 904 104 967 id
116 906 152 967 in
167 907 216 969 his
229 917 280 968 tua
295 908 426 970 lectione
441 930 504 970 non
519 908 698 989 indignum,
721 929 812 994 supra
829 907 930 971 idem:

122 1045 125 1051 .
451 991 483 1055 si
495 989 594 1079 sorte
617 991 702 1080 quid
722 992 837 1077 aptius
858 991 933 1056 exit
940 1014 954 1071 3

67 1071 132 1136 ssi
145 1070 248 1161 forte
265 1098 297 1141 v·
320 1077 415 1150 Pasa]
436 1090 483 1142 est
503 1091 605 1143 autem
628 1077 804 1142 decoctius
824 1078 917 1148 ideni,
930 1100 966 1142 ac
986 1080 1176 1152 daboratum

67 1161 223 1241 igentius,
245 1173 279 1224 ut
292 1174 462 1243 unguenta,
488 1187 565 1249 quae
587 1188 625 1227 eo
646 1177 717 1228 sunt
737 1166 861 1228 acrioris
882 1163 1003 1245 adens,
1024 1186 1087 1250 quo
1105 1164 1176 1227 diu-

68 1247 259 1330 scoxerint3
281 1250 332 1312 vel
344 1249 448 1335 accipe
464 1271 522 1335 pro
541 1251 726 1332 castigatius,
745 1250 897 1314 limatius:
919 1247 1106 1337 decoquere
1128 1261 1175 1315 est

67 1335 189 1411 mucre,
213 1332 386 1396 detrahere:
409 1346 442 1395 ut
461 1337 572 1398 minuit
588 1358 682 1421 aqua,
705 1336 780 1398 dum
802 1337 955 1422 coquitur,
975 1337 1073 1399 itaet
1091 1332 1175 1399 docti

67 1418 141 1505 ripta
159 1440 230 1496 sua,
253 1421 305 1481 ubi
319 1423 417 1482 semel
431 1422 482 1483 illa
497 1421 684 1502 effuderunt,
707 1421 866 1502 diligenter
881 1422 1027 1503 castigant
1044 1421 1175 1507 plurima
1205 1488 1208 1493 ,

67 1503 242 1584 trahend03
265 1508 349 1586 cujus
368 1505 555 1570 decoctionis
576 1509 802 1571 nobilissimum
821 1509 997 1593 exemplum
1018 1507 1051 1567 in
1067 1506 1173 1570 diuino
1226 1508 1230 1527 ¹

67 1610 177 1652 arone:
201 1611 275 1661 nam
293 1591 342 1651 hic
356 1613 449 1653 mane
465 1615 651 1679 componere
669 1595 776 1656 solitus
793 1594 1023 1678 quinquagenos
1040 1603 1092 1656 aut
1126 1594 1174 1655 lu·
1222 1622 1225 1631 ·

67 1695 76 1738 1
90 1696 131 1737 eo
147 1696 275 1755 versus,
296 1698 373 1759 quos
389 1698 481 1762 opera
496 1680 668 1765 vespertina
687 1678 843 1759 redigebat
858 1679 897 1740 ad
916 1678 1014 1741 denos
1027 1689 1079 1739 aut
1095 1614 1174 1740 (1110-

67 1781 138 1823 nos.
192 1757 398 1839 Quintilianus
418 1764 496 1825 libro
516 1761 557 1826 Π.
583 1785 649 1848 cap.
666 1762 722 1827 lV.
739 1762 786 1846 [ξ.
803 1763 859 1842 7]:
882 1760 1074 1826 Materiam
1098 1783 1173 1825 esse

67 1844 187 1908 ’imum
200 1843 279 1908 stolo
295 1845 350 1908 vel
362 1845 652 1911 abundantiorem
668 1856 772 1934 atque
787 1847 1001 1935 ultraquam
1014 1857 1174 1933 oporteat
1200 1874 1203 1885 ·

67 1950 162 1995 team.
206 1930 361 1995 Multum
376 1930 456 1995 inde
470 1931 659 2020 decoquent
675 1933 760 1997 anni
768 1981 778 2009 ,
803 1933 952 1996 multum
966 1936 1056 1997 ratio
1069 1931 1172 1995 lima-

67 2022 105 2093 t,
119 2014 259 2103 aliquid
275 2016 331 2080 vel
344 2038 409 2080 usu
424 2018 504 2104 ‚ipso
521 2017 708 2083 deleretur.
752 2018 899 2084 Sidonius
919 2019 959 2082 ad
977 2019 1115 2085 Probum
1132 2020 1171 2082 li-

67 2100 129 2165 ill.
152 2102 229 2184 [imo
250 2103 320 2184 lu]
342 2106 445 2169 initio:
469 2128 547 2168 cum
570 2104 631 2168 ille
656 2101 767 2169 adbuc
787 2103 984 2168 aetatulam
1005 2112 1161 2168 rtastram
1171 2111 1223 2165 160

67 2184 210 2257 altilem,
237 2197 412 2262 teneram,
442 2189 588 2254 crudam
605 2189 708 2253 modo
732 2189 965 2279 castigatoria
986 2188 1176 2254 severitate
1238 2218 1241 2231 ·

68 2282 251 2359 coqueret,
275 2272 376 2337 morlo
393 2274 640 2340 mandatorum
657 2274 864 2340 salubritate
880 2274 1055 2340 condiret.-
1075 2288 1172 2339 trans-

67 2360 98 2422 io
115 2372 163 2423 est·
177 2361 316 2442 elegans3
339 2374 368 2425 at
383 2361 489 2425 Cicero
506 2367 598 2444 longe
613 2365 699 2425 aliter
715 2384 793 2425 voce
810 2361 920 2425 eadem
935 2384 1030 2440 usus,
1054 2385 1124 2424 cum
1138 2363 1172 2423 in

67 2446 114 2508 tio
132 2446 174 2508 de
188 2458 309 2509 oratore
326 2447 364 2527 [c.
379 2452 429 2525 26,
444 2447 470 2531 ὃ.
490 2450 564 2530 103]
587 2452 653 2512 vult
664 2459 817 2510 oratorem
829 2450 944 2512 habere
958 2448 1171 2510 suavitatem

67 2539 209 2593 nteram
226 2540 268 2594 ¹et
287 2529 457 2610 solidam,
481 2556 548 2597 non
571 2530 711 2597 dulcem
727 2543 830 2618 atque
846 2531 1039 2596 decoctam:
1062 2534 1181 2597 sumsit

67 2630 129 2680 tem
145 2626 163 2678 a
182 2617 256 2682 vino
279 2641 344 2681 non
363 2623 466 2681 solum
488 2621 594 2699 colari,
624 2622 843 2684 verumetiam
866 2619 996 2705 decoqui
1016 2621 1106 2683 solito
1129 2618 1171 2681 ad

67 2703 150 2766 licias
158 2749 167 2780 ,
190 2715 223 2765 ut
237 2726 363 2768 omnem
377 2706 581 2768 austeritatem
592 2718 735 2793 poneret:
760 2705 842 2791 quod
854 2706 934 2777 inter
946 2706 1084 2768 luxuriae
1101 2726 1170 2769 cor·

67 2791 158 2852 stelas
172 2801 291 2853 veteres
305 2791 466 2876 scriptores
481 2813 573 2877 saepe
586 2803 711 2887 ponunt.
1003 2844 1006 2849 .

67 2868 71 2875 ’
114 2878 186 2939 126.
209 2871 293 2936 [acle
312 2885 486 2959 vaporata
513 2876 624 2941 lector
646 2873 736 2939 milri
760 2871 900 2961 ferveat
922 2874 1038 2955 aura]
1082 2872 1169 2960 Opto

67 2959 183 3040 ntingat
198 2962 275 3022 mihi
292 2962 447 3025 studiosus
465 2974 495 3024 et
508 2966 651 3047 frequens
664 2966 760 3024 lector
775 2983 935 3023 excomm
948 2983 1095 3040 numero,
1118 2962 1170 3045 qui

67 3067 114 3108 res
129 3058 271 3131 purgatas
288 3050 403 3110 habent
415 3049 546 3110 lectione
559 3048 696 3128 diligenti
710 3048 821 3111 veteris
840 3044 1027 3110 Graecorum
1043 3068 1170 3108 comoe-

67 3136 114 3211 tess
134 3128 174 3195 τὸ
181 3134 323 3212 ferveat
336 3137 387 3198 vel
402 3133 611 3197 assiduitatem
627 3133 747 3195 lectoris
766 3133 900 3217 alioquin
920 3132 979 3194 rori
992 3143 1093 3216 potest
1114 3129 1170 3193 de·
1232 3144 1235 3151 '

67 3229 150 3294 tare,
172 3220 224 3281 vel
237 3238 399 3281 numerum
415 3231 446 3281 et
456 3221 671 3304 frequentiam:
691 3213 832 3302 fervere
845 3218 935 3279 'enim
959 3228 990 3279 et
1010 3217 1169 3296 negotium

67 3304 151 3382 itur,
174 3303 258 3388 quod
273 3317 394 3385 urgetur
407 3303 580 3386 diligenter,
603 3317 633 3367 et
648 3309 766 3382 forum,
796 3325 865 3364 cum
887 3325 925 3364 eo
946 3303 1129 3364 concurritur
1150 3324 1168 3364 a

67 3388 129 3453 iltis
152 3390 207 3469 [sic
221 3392 313 3452 etiam
327 3390 463 3453 Turneb.
476 3390 553 3454 Adv.
567 3389 724 3469 XXVIII,
747 3395 788 3453 26
813 3401 843 3452 et
859 3392 897 3451 al.
916 3391 1066 3475 probante
1080 3389 1169 3465 ,We-
1250 3440 1252 3447 ,

67 3496 121 3542 to:
145 3476 325 3554 satis-bene,
346 3478 373 3538 si
381 3472 525 3562 fervere
545 3476 583 3538 de
600 3479 698 3560 probo
715 3486 746 3537 et
758 3475 904 3538 laudabili
923 3474 1035 3537 ellectu
1051 3473 1168 3535 dicere-

67 3582 90 3639 .·;
111 3580 152 3622 an
172 3577 249 3625 vero
261 3573 443 3625 novatorem
457 3563 508 3623 hic
522 3562 661 3626 Persium
681 3562 831 3625 exstitisse
853 3560 989 3624 statuas?
1032 3560 1096 3621 Alia
1112 3581 1167 3621 ex-

67 3646 148 3708 catio
166 3644 332 3710 a.Censore
349 3647 418 3710 Jen.
435 3645 472 3712 G.
488 3649 524 3712 P.
539 3649 664 3710 inventa
680 3659 740 3725 est,
763 3667 780 3707 a
798 3646 919 3709 Plumio
935 3647 1069 3707 firmata:
1091 3638 1167 3727 fer-

68 3750 112 3795 re.
128 3730 189 3793 dici
203 3734 235 3796 h.
257 3735 277 3795 l.
300 3732 339 3795 de
357 3735 410 3812 iis,
434 3735 486 3818 qui
507 3733 667 3797 sudentet
685 3744 823 3796 aestuent
842 3730 976 3816 pudore,
1004 3729 1088 3815 quod
1108 3729 1168 3793 sibi

83 3815 139 3879 uid
152 3838 221 3881 esse
234 3817 347 3881 dictum
360 3821 392 3882 in
400 3821 478 3883 libro
491 3819 676 3900 intelligant3
691 3818 907 3885 convenienter
918 3816 987 3879 usui
1000 3817 1168 3897 sermonis;

67 3838 236 3985 legendmn
247 3926 315 3968 esse
327 3928 345 3967 e
356 3904 478 3984 Dresd,
494 3906 635 3983 (lhemn,
645 3905 797 3968 2Havnn.
812 3914 843 3966 et
857 3900 927 3965 edd.
941 3912 1029 3965 vett-2
1059 3894 1166 3980 Unde,
1223 3961 1227 3967 ,

67 3987 108 4049 od
121 3987 162 4050 ad
178 3988 316 4076 aliquid
329 3995 460 4054 referas:
483 3993 510 4054 si
528 3989 602 4075 quid
619 3994 699 4051 forte
710 3991 754 4053 ibi
766 3988 919 4068 invenias,
941 4010 980 4050 ex
994 4009 1054 4072 quo
1071 3990 1166 4049 lector

67 4074 176 4137 dorem
191 4077 287 4161 possit
301 4078 471 4164 concipere.
519 4076 582 4140 Sed
598 4077 731 4138 cumbis
745 4070 902 4160 sequentia
922 4095 985 4135 non
1009 4072 1165 4152 coeunt!];
1240 4108 1242 4115 ·

67 4166 236 4245 porata‘m
258 4184 382 4226 aurem
406 4162 482 4225 dixit
499 4162 539 4224 ad
560 4161 753 4224 medicorum
770 4155 999 4242 animaequus
1023 4180 1058 4220 ac
1079 4162 1216 4240 10111188)

67 4244 180 4310 ndens:
200 4249 234 4308 in
248 4250 351 4333 quinta
365 4249 447 4329 [63]:
467 4257 641 4334 purgatas
657 4245 781 4311 inseris
796 4268 910 4309 aures.
1079 4272 1082 4277 ·
1258 4314 1261 4323 ¹

109 4338 183 4398 127.
205 4329 288 4396 Non
304 4333 379 4409 nic,
402 4331 462 4418 qui
478 4332 515 4397 in
537 4330 699 4418 crepidas
718 4329 799 4413 Gn]
822 4332 924 4411 Dixit,
945 4352 962 4393 a
982 4331 1090 4415 quibus
1108 4349 1165 4391 sua
1236 4414 1239 4420 Ι

67 4420 93 4482 it
115 4419 193 4499 legi3
215 4442 295 4482 nunc
316 4420 405 4500 dicit,
428 4422 574 4505 aquibus
600 4420 696 4501 nolit3
715 4422 838 4483 illorum
858 4417 920 4480 duo
941 4437 1051 4498 genera
1075 4415 1163 4476 facit:
