2700 4972
27 404 29 409 .
100 316 164 425 too
464 306 866 429 counnttrsmus

50 528 198 603 lssetiam
213 527 246 590 in
262 523 384 597 duobus
398 525 507 608 junctis
522 528 662 603 renibus
675 522 842 607 interim,
864 537 913 592 utt
989 544 994 551 ·

130 650 133 671 .
181 609 419 699 Hesperidum
432 612 553 699 templi
576 622 690 678 eustos
711 611 897 699 epulasque
918 609 1064 681 draconi

30 778 33 783 ¹
183 697 282 780 Quae
297 695 405 771 dabat
416 706 452 762 et
463 720 580 778 sacros
592 694 754 763 servabat
774 697 809 761 in
826 694 950 760 arbore
965 698 1102 760 ramos.-

12 776 15 787 ’
96 786 256 872 utrobique
278 779 580 869 ὁμοιοσχημονοῦσι
603 787 724 872 quintus
738 784 883 871 semipes
908 794 940 846 et
962 786 1081 865 syllaba
1103 782 1228 859 ultima:

96 871 228 959 reperias
252 871 345 933 etism
365 872 398 933 in
419 872 514 937 tribus
534 872 700 952 conjunctis
718 870 857 934 versibus
878 868 1018 948 ejusdem
1042 866 1230 931 desinentise

96 951 279 1039 meseum
301 957 405 1043 potius
431 979 524 1042 quam
551 957 813 1035 observationem,
848 955 931 1041 apud
953 953 1086 1017 Statium
1112 955 1148 1015 in
1168 974 1230 1015 esr-

96 1044 181 1106 mine
217 1039 282 1103 uod
302 1043 454 1128 inscripsit
469 1042 640 1107 Abascantii
658 1042 770 1129 pietas:
1016 1046 1019 1051 '

223 1123 337 1189 untiat
357 1125 492 1209 ecelsis
512 1126 586 1190 ales
606 1131 655 1196 Te
682 1124 815 1189 euticus
828 1121 953 1187 astris:

183 1211 348 1299 Quaeque
362 1210 458 1297 eaqit
472 1210 626 1300 liquidas
662 1210 793 1275 unonia
810 1211 909 1298 virgo
924 1228 988 1295 per
1005 1228 1140 1285 aaran·

176 1297 231 1371 ,Ec
240 1296 418 1382 picturato
426 1297 590 1385 pluvium
604 1295 793 1387 ligatae'ra
825 1316 904 1384 yro.
1097 1364 1101 1369 ,
1173 1338 1176 1343 -

97 1382 215 1449 Similia
236 1386 332 1448 multa
351 1398 481 1471 possunt
508 1387 664 1449 observari
685 1381 768 1470 apud
842 1378 938 1445 'ilium
962 1390 993 1442 et
1006 1379 1094 1453 ¹alios
1123 1398 1231 1443 omnes

96 1471 237 1556 antiquos
257 1469 380 1555 poiitsst
403 1492 481 1557 quae
501 1473 643 1557 operibus
661 1472 784 1532 illorum
801 1490 869 1532 raro
889 1468 1071 1551 interspersa
1087 1474 1232 1529 venusa-

94 1554 134 1621 tis
148 1554 275 1627 laudem¹
287 1567 458 1636 merentur,
481 1579 551 1619 cum
572 1569 676 1619 contra
698 1566 822 1642 propter
842 1553 979 1617 crebram
998 1570 1035 1613 sc
1054 1550 1232 1623 eonfinusm

9 1658 12 1665 ·
94 1640 130 1704 id
143 1662 238 1722 genus
255 1642 419 1721 figurarum
443 1642 686 1740 usurpationem,
712 1644 778 1720 jure
797 1638 907 1721 merito
923 1656 1032 1700 censor
1051 1634 1232 1714 nosterNe-

94 1748 204 1790 ronem
219 1746 254 1789 ac
266 1724 458 1791 Neronianos
472 1728 579 1814 poe'tas
599 1750 670 1801 non,
681 1727 783 1791 solum
800 1716 1039 1808 φορτικότητυς
1053 1733 1157 1799 natet,
1170 1740 1232 1784 -re-

56 1834 59 1841 ·
93 1833 163 1875 nrm
176 1811 269 1874 etiem
283 1812 497 1879 effoeminatse
516 1835 551 1875 ac
569 1812 825 1893 flagitiosissimae
843 1810 941 1888 vitus,
961 1819 997 1869 ut
1013 1828 1100 1871 mox.
1111 1806 1233 1871 ridebi-

94 1919 175 1967 mus.
207 1895 309 1974 [Aliter
325 1898 402 1971 baec
418 1898 566 1986 capienda
591 1921 658 1963 esse
678 1898 750 1963 satis
774 1891 1091 1969 ostendenmtlautld.
1103 1890 1189 1973 ΓΝ.
1203 1902 1233 1954 et

94 1983 160 2064 Pl.;
182 1982 292 2045 metius
305 1985 369 2062 jam
383 1981 511 2062 Quintil.
524 1987 617 2069 paulo
630 1988 722 2070 post]
766 1980 863 2058 Quod
881 1980 965 2044 enim
978 1979 1120 2065 plerique
1132 1976 1232 2042 Nero-

94 2068 142 2131 nis
165 2088 311 2132 versuum
334 2080 436 2132 essent
449 2068 643 2148 hujusmodi,
667 2068 759 2130 etiam
776 2068 833 2129 iste
849 2067 963 2146 arguit:
1171 2090 1176 2097 ·

183 2149 283 2215 Colla
297 2149 527 2239 Cytheriacae
544 2150 727 2239 splendent
748 2150 887 2240 agitatu
909 2145 1101 2225 columbae,
1152 2176 1169 2229 ,-

82 2261 188 2324 ¹quem
204 2251 308 2303 tamen
328 2261 453 2304 versum
471 2238 592 2303 Seneca
614 2238 752 2318 [Quaest.
777 2249 839 2301 net.
862 2236 886 2316 1,
905 2238 935 2316 5]
960 2245 1052 2299 vocat
1070 2232 1232 2297 diserfissi-

93 2347 199 2388 mum:
230 2335 318 2409 eapte
340 2324 431 2389 credo
459 2327 594 2407 ratione,
623 2346 683 2413 qua
710 2322 848 2403 ejusdem
868 2321 1011 2409 principis
1037 2318 1233 2387 elementiam

95 2411 168 2473 alibi
189 2409 366 2475 dilaudavit.
426 2480 430 2486 ,
758 2408 760 2413 ’
1049 2430 1083 2481 f·
1135 2434 1138 2439 ·
1167 2448 1170 2455 ·

115 2556 126 2563 .,
180 2491 411 2558 Subdunimus
426 2493 635 2583 Apennino]
664 2494 842 2560 Invenimus
859 2494 1004 2581 scriptum
1025 2512 1049 2555 a
1064 2489 1231 2569 Poenino,

95 2591 199 2655 contm
217 2579 313 2643 fidem
333 2583 524 2668 antiquarum
545 2585 792 2659 membranarum
818 2593 848 2645 et
876 2581 1090 2644 auctoritatem
1107 2575 1233 2659 Quinti-

93 2666 175 2729 liani.
219 2664 271 2729 Sic
287 2660 431 2730 ills'libro
447 2691 530 2731 nono
556 2668 593 2745 [c.
609 2666 640 2747 4,
655 2666 681 2752 §.
699 2667 772 2747 65].·
790 2664 859 2737 ¹Est
880 2664 917 2729 in
939 2685 978 2727 eo
995 2684 1128 2751 quoque
1147 2684 1232 2741 non-

94 2746 203 2828 nihil,
232 2750 325 2836 quod
345 2751 492 2840 'singulis
514 2751 629 2818 verbis
650 2750 724 2816 bini
741 2749 850 2838 pedes
872 2751 1111 2823 continentum
1141 2745 1234 2837 quod

95 2833 204 2899 etiam
223 2835 259 2899 in
273 2837 483 2901 carminibus
504 2849 714 2926 estperma
724 2836 760 2901 ll
768 2858 807 2901 e:
827 2857 891 2901 nec
905 2835 1016 2901 solum
1032 2833 1092 2899 ubi
1104 2835 1231 2922 quinae

43 2937 121 2996 ms
146 2919 264 2986 llatae
284 2934 485 2999 nectuntur,
508 2933 548 2987 ut
567 2926 602 2987 in
624 2922 697 2987 tis.-
719 2919 988 3008 fortissima
1012 2918 1233 3008 Tyndari-

125 3029 270 3085 arum3
299 3007 489 3081 sedetiam
513 3007 574 3074 ubi
595 3019 801 3096 quaternae,
831 3029 911 3074 cum
934 3028 1053 3073 uersus
1077 2998 1233 3071 eluatur

71 3091 131 3158 Ἀ
134 3091 271 3178 penui
279 3116 330 3158 na
362 3096 499 3183 [dequo
523 3098 653 3160 aliorum
674 3099 816 3183 exempla
847 3117 895 3181 ap.
917 3094 1001 3157 Pass.
1028 3116 1059 3181 p.
1082 3093 1171 3176 312]
1198 3101 1232 3155 et

94 3180 382 3244 armamentis
404 3190 440 3244 et
464 3177 647 3245 Oriona·
681 3182 831 3262 [„Versus
854 3184 1000 3245 obscurus
1026 3190 1073 3243 est
1095 3192 1134 3247 et
1156 3180 1232 3242 alle-

94 3275 170 3328 ctata
189 3268 307 3330 laborat
327 3280 409 3331 meta
429 3269 522 3347 hors,
550 3268 617 3332 sire
639 3275 772 3329 costam
792 3288 849 3353 pro
875 3269 968 3329 latere
986 3262 1148 3352 Apennini
1175 3264 1230 3341 (sic

93 3349 194 3412 Meist
210 3372 241 3436 p·
264 3358 302 3418 17
317 3353 375 3437 sq]
396 3374 464 3416 stre
483 3376 538 3439 pro
557 3367 642 3439 parte
656 3354 759 3431 navis,
780 3364 816 3415 ut
824 3351 881 3429 VI,
894 3357 951 3430 31,
972 3351 1151 3415 sumseris.“
1172 3346 1230 3415 Pl.

93 3431 326 3519 Subduximus
347 3449 449 3500 eutem
467 3436 551 3502 Pass.
571 3442 652 3502 bene
678 3461 695 3502 e
737 3439 821 3500 licuit
839 3439 907 3499 coll.
929 3436 1038 3513 Senec.
1061 3435 1121 3522 Ep.
1140 3434 1230 3515 L2111=

94 3517 157 3580 sed
167 3520 291 3606 putavi
307 3531 381 3585 tam
390 3542 514 3620 pauca
530 3522 649 3587 millia
668 3461 928 3619 afflarthenope
950 3532 1010 3585 tun
1031 3542 1140 3609 usque
1153 3524 1230 3594 Pu-

95 3604 204 3668 teolos
225 3606 395 3693 surripi
411 3628 515 3695 posse
532 3607 691 3695 quamvis
707 3606 859 3671 dubiost
876 3605 1096 3693 impendente
1110 3604 1228 3688 caelu]

179 3695 231 3755 96.
255 3695 368 3759 Arma
382 3695 506 3766 virum,
534 3714 646 3758 nonne
662 3694 727 3758 hoc
742 3714 942 3779 spumosum
957 3703 990 3755 et
1004 3692 1134 3759 cortice
1147 3690 1230 3781 pin-

90 3773 158 3862 gui
165 3775 195 3855 i]
222 3776 262 3840 Et
274 3777 356 3842 Nero
370 3792 400 3844 et
413 3782 528 3844 similes
540 3779 667 3868 poitse,
688 3782 722 3844 in
733 3802 810 3866 quos
822 3780 942 3844 Persius
955 3780 1125 3861 invehitur,
1147 3791 1231 3844 tants

93 3862 219 3925 stultitia
239 3866 377 3944 suerunt,
408 3866 515 3953 utqui
541 3866 645 3929 omnia
670 3867 823 3930 faciebant
847 3888 907 3951 quo
937 3877 1079 3928 tenerum
1107 3887 1229 3931 carmen

93 3947 273 4028 scriberent,
295 3950 433 4031 egregios
452 3963 556 4014 tamen
578 3951 675 4015 divini
695 3952 832 4016 Maronis
850 3952 1016 4014 imitatores
1035 3973 1069 4014 se
1088 3964 1231 4038 putarent

93 4034 313 4119 jactarentque:
335 4036 414 4099 adeo
432 4038 576 4099 nimirum
593 4038 658 4101 istis
673 4041 867 4101 obbrutuerat
881 4039 1032 4123 palatum,
1053 4048 1089 4099 ut
1108 4038 1230 4120 mandi

94 4119 280 4202 loquentiam
296 4133 326 4184 et
344 4125 536 4201 majestatem
548 4122 721 4187 Maroniani
736 4123 875 4186 carminis
892 4144 926 4186 se
945 4134 1137 4187 assecuturos
1158 4145 1230 4211 spe-

93 4214 209 4283 rarent,
230 4207 258 4268 si
274 4207 349 4270 nihil
373 4229 480 4270 eorum
500 4209 704 4290 negligerent,
725 4231 780 4295 per
801 4231 878 4293 quae
896 4208 1018 4271 lascivis
1029 4206 1160 4273 Romuli
1173 4231 1230 4272 ne-

92 4290 225 4375 potibus,
247 4290 429 4371 Troadibus,
449 4315 513 4355 non
528 4294 677 4373 Troibus,
698 4295 808 4381 scripta
821 4316 877 4357 sua
895 4296 1014 4379 placere
1034 4295 1229 4380 posseintel-

93 4375 232 4454 ligarent.
273 4377 364 4440 Hunc
375 4381 511 4440 furorem
533 4379 656 4462 castigat
676 4380 746 4442 heic
765 4401 857 4444 verae
875 4378 1009 4466 poe'seos
1022 4378 1142 4444 vindex
1155 4379 1229 4445 I'er·

93 4459 167 4523 sius.
209 4459 330 4525 Inducit
342 4475 504 4549 patronum
522 4463 610 4528 illum
628 4467 780 4529 malorum
799 4465 960 4553 poitsmm
982 4485 1123 4530 retusam
1140 4486 1228 4532 suem
