2700 4972
456 344 792 453 srrrurv.
1106 368 1193 437 mr
1301 318 1304 323 ’

49 522 149 589 Folle
169 516 300 610 premis
322 502 456 615 veritum
481 539 543 583 neo
560 514 681 581 clauso
705 532 882 579 murmure
900 536 1028 582 raucus

50 628 185 701 Nescio
206 623 294 715 quid
314 633 428 689 tecum
444 644 558 714 grave
584 620 776 689 cornicaris
801 621 935 709 inepte,
962 708 965 719 Ι

50 738 133 809 Neo
153 736 289 822 stloppo
314 729 469 797 tumidae
492 731 645 798 intendis
666 724 825 819 rumpere
848 731 984 798 buccas.
1054 728 1058 735 ’

55 844 99 917 V
91 844 181 915 erbe
202 852 306 933 togae
325 839 498 927 sequeris,
523 841 690 927 junctura
713 839 868 906 callidus
890 840 984 923 acri,
1058 868 1061 873 ·

10 1000 14 1009 ι
51 954 130 1023 Ore
150 962 243 1019 teres
266 946 423 1029 modico,
443 946 623 1037 pallentes
648 946 773 1014 rodere
795 968 908 1014 moros
1154 953 1193 1020 15

51 1048 190 1133 maus
212 1067 248 1123 et
267 1040 417 1145 ingenuo
438 1054 582 1142 culpem·
599 1053 754 1146 defigere
777 1054 871 1121 ludo.
988 1072 991 1077 ·

52 1156 150 1241 Hine
167 1166 377 1253 trahe-quae
397 1161 516 1237 dicum
546 1185 748 1253 omnemque
773 1164 931 1254 relinquo
953 1164 1110 1255 Mycenis
1138 1162 1142 1171 “

54 1278 144 1349 stem
164 1275 281 1364 cupite
305 1282 337 1339 et
356 1269 522 1359 pedibus,
548 1270 754 1361 plebejaque
773 1272 927 1359 prandio
949 1273 1051 1340 noris,

90 1372 93 1377 ¹
136 1386 211 1453 Non
232 1381 375 1469 equidem
395 1383 457 1449 hoe
475 1378 605 1459 lauden,
633 1383 754 1446 bullatis
774 1394 809 1444 ut
828 1385 907 1446 mihi
927 1385 1017 1467 nugis

50 1496 170 1578 Pagina
190 1500 353 1575 turgescat,
386 1487 458 1551 dare
477 1488 734 1575 ponduslidonea
753 1493 853 1557 sunno.

52 1602 173 1667 Secreti
192 1588 359 1685 loquimur:
403 1596 460 1659 tibi
481 1618 564 1659 nnnc
583 1599 725 1661 hortante
745 1582 881 1664 Gemens

52 1705 245 1775 Excutienda
268 1703 377 1795 damus
398 1704 603 1791 praecordia3'
617 1717 788 1791 quantaque
807 1700 930 1770 nostrae

53 1819 129 1893 Pars
149 1828 204 1879 tua
224 1814 281 1892 sit,
310 1811 463 1888 Comme,
493 1813 632 1888 animae,
660 1812 716 1875 tibi
738 1811 834 1877 dulcis
854 1814 952 1877 amice

55 1902 239 1993 (intendisse
259 1923 354 2000 juvat.
397 1918 504 1993 Pulsa,
534 1918 711 2000 dignoscere
732 1933 837 1984 cantus

52 2030 142 2113 Quid
161 2027 297 2095 solidum
319 2040 421 2115 crepet
441 2039 473 2117 et
491 2029 589 2114 pictae
609 2030 735 2091 tectoria
754 2027 886 2111 linguae.
942 2108 945 2115 ⁴

52 2140 114 2205 His
134 2158 195 2220 ego
216 2147 358 2199 centenas
380 2136 479 2199 ausim
500 2134 667 2222 deposcere
686 2158 796 2216 voces,
823 2223 828 2229 ¹

55 2247 115 2325 [115
141 2254 290 2333 quantum
311 2244 390 2306 mihi
409 2255 440 2306 te
461 2245 587 2338 sinuoso
608 2244 642 2307 in
660 2256 785 2331 pectore
805 2246 877 2317 fixi,

10 2418 13 2427 ,
55 2354 146 2420 Voce
167 2354 287 2416 traham
307 2371 401 2437 pura,
427 2362 586 2438 totumque
606 2355 668 2415 hoe
688 2357 782 2418 rerba
803 2353 972 2434 resignent,

10 2442 15 2517 ⁵⁵
57 2460 154 2545 Quod
173 2464 247 2524 latet
267 2479 376 2521 arcana
396 2480 460 2521 non
482 2461 648 2525 enarrabile
668 2462 755 2525 fibra.

143 2568 225 2633 Cum
245 2567 381 2654 primum
400 2566 514 2654 pavido
536 2581 638 2633 crustos
658 2570 737 2632 mihi
756 2590 888 2657 purpura
909 2570 999 2634 cessit

57 2677 209 2764 Bellaque
230 2674 388 2740 sucdnctis
408 2676 521 2739 laribus
542 2675 655 2741 donata
675 2677 836 2765 pependit3

59 2787 138 2854 Cum
158 2780 265 2848 blandi
284 2783 426 2861 comites,
448 2794 573 2870 totaque
592 2786 719 2873 impune
741 2774 875 2867 Suburra

58 2893 200 2959 Permisit
220 2890 367 2978 sparsisse
388 2894 494 2955 oculos
514 2895 578 2972 jam
602 2890 748 2958 candidus
769 2898 883 2977 umb03
914 2976 922 2985 ..
978 2949 982 2957 .

60 3001 198 3087 Cumque
214 2999 275 3062 iter
295 2999 474 3081 ambiguum
498 3012 530 3063 et
549 3003 632 3067 vitae
650 3004 772 3067 nescius
793 3024 877 3067 error

59 3109 184 3174 Diducit
202 3106 336 3195 trepidas
355 3128 478 3172 ramosa
497 3108 530 3171 in
552 3110 686 3197 compita
705 3123 844 3176 mentesa

60 3217 113 3282 tlte
134 3216 192 3280 tibi
212 3216 377 3303 supposui3
405 3226 528 3279 teneros
548 3226 582 3277 tn
602 3216 729 3303 suscipis
749 3238 849 3282 annos

61 3324 231 3397 Socratico,
260 3322 408 3401 Cornuto,
431 3324 517 3404 sinu3
543 3335 615 3387 tunc
635 3327 741 3389 fallere
761 3328 868 3390 sollers

62 3432 206 3521 Apposita
225 3430 355 3495 intortos
376 3429 513 3494 extendit
532 3434 635 3513 regula
657 3444 775 3514 mores,

61 3538 98 3604 Et
121 3538 270 3626 premitur
288 3538 406 3602 ratione
428 3540 548 3603 animus
568 3540 710 3628 vincique
731 3543 869 3622 laborat,

62 3633 273 3733 irtiiicemque
293 3657 348 3708 tuo
368 3643 453 3710 ducit
471 3651 528 3712 sub
551 3651 660 3735 pollice
683 3653 812 3715 rutrum,

61 3755 179 3820 Tecum
201 3754 315 3818 etenim
334 3757 444 3836 longos
465 3757 595 3819 memini
613 3778 794 3827 consumere
814 3759 914 3836 soles,

64 3862 101 3927 Et
119 3877 223 3927 tecum
244 3864 359 3950 primas
382 3864 478 3949 epulis
500 3864 662 3951 decerpere
682 3879 799 3933 noctes.

64 3970 164 4036 Unum
185 3994 263 4059 opus
286 3982 316 4033 et
336 3972 473 4058 requiem
492 3973 604 4059 pariter
627 3960 818 4061 disponimus
839 3975 949 4046 ambo,

65 4081 159 4167 Atque
179 4079 352 4147 verecunda
372 4084 511 4145 laxamus
531 4082 610 4146 seria
630 4104 746 4148 mensa.
915 4096 916 4101 ’

66 4184 134 4251 lton
154 4185 299 4273 equidem
318 4190 380 4252 hoc
401 4187 539 4271 dubites,
568 4194 730 4255 amborum
751 4166 879 4257 foedere
899 4196 982 4251 certo

10 4380 14 4397 '
69 4358 271 4409 —pl—-nf-rfi
363 4372 367 4379 .

131 4472 241 4557 nutv,
276 4450 725 4563 aequimem-
