2700 4972
330 378 926 473 anreasussrmsnv.
1038 338 1042 343 ’
1125 388 1189 452 τοι
1263 382 1266 391 ·

69 574 150 615 εηοη
171 554 267 632 mite,
288 550 373 654 qnod
388 552 456 639 ipse
474 554 606 641 appellat
626 550 766 618 dunum
789 550 969 633 hominem,
988 554 1191 639 parruldubio
1254 616 1258 625 .

67 642 194 701 irtut'em
214 640 400 719 intelhgens:
429 660 504 701 nam
523 651 557 701 ut
572 639 663 717 vitia,
701 640 743 701 itu
764 650 795 701 et
808 638 935 703 virtutes
954 642 1097 704 animalia
1121 658 1191 707 esre

69 724 178 787 uidam
202 723 401 788 crediderunt.
451 722 572 787 Seneca
599 727 728 810 epistola
757 722 883 790 CXIII:
910 722 1106 791 Desideras
1125 725 1192 791 tibi
1263 737 1265 742 '

69 808 158 875 rribi
174 835 197 875 a
209 831 280 890 me,
302 807 388 909 quid
399 808 552 873 sentiam
572 807 615 871 de
632 808 699 873 Ιιαι·
717 808 918 896 quaestione
928 810 1073 896 jactata
1093 812 1191 899 apud

70 906 205 959 oetroe:
226 895 285 961 Αιι
294 893 457 984 justitia,
480 917 528 960 un
540 893 738 982 fortitudo,
757 893 949 981 prudentia
966 906 1189 987 caeteraeque

69 983 195 1046 irtatee
211 980 387 1046 animalia
404 979 484 1045 sint.
528 981 680 1046 Stobaens
693 984 724 1044 in
734 981 892 1069 Excerptis
904 983 1041 1069 physicis
1055 983 1106 1064 [ll,
1121 1006 1189 1073 cup.

69 1116 75 1129 .
92 1092 126 1155 p.
145 1074 216 1133 116.
229 1068 337 1151 Heer.]
357 1068 397 1131 de
414 1067 525 1131 Stoicis
537 1071 685 1173 loquens:
709 1063 900 1133 Βούλονται
916 1066 953 1135 δὲ
968 1067 1029 1152 τὴν
1050 1067 1086 1135 ἐν
1107 1066 1190 1155 ἡμῖν

71 1149 160 1259 υχῄν
174 1156 261 1233 ζῶον
281 1147 383 1218 εἶναι·
413 1155 472 1237 ζῇν
491 1173 526 1217 τε
547 1176 612 1236 γαρ
634 1148 691 1217 οιαὶ
714 1149 953 1219 αἰσθάνεσθαι·
972 1152 1031 1219 καὶ
1047 1151 1190 1238 μάλιστα
1240 1162 1243 1167 ’

69 1236 311 1323 ὀηγεμονιιιόν
338 1236 439 1321 μέρος
458 1233 577 1320 αὐτῆς,
607 1233 628 1303 ὃ
649 1235 690 1322 δὴ
712 1242 861 1305 καλεῖται
881 1235 1034 1305 διάνοια·
1058 1238 1112 1306 διὸ
1131 1234 1191 1309 nal
1294 1264 1298 1279 ¹

71 1326 162 1391 αἶσαν
181 1319 302 1408 ἀρετὴν
325 1327 412 1404 ζῶον
429 1317 532 1401 εἶναι,
555 1322 666 1408 ἐπειδὴ
681 1320 765 1408 adar}
782 1321 918 1391 διάνοιαί
935 1326 1028 1404 limo,
1049 1340 1084 1389 ut
1103 1328 1188 1393 edd:
1237 1352 1242 1367 ·

79 1405 167 1495 αὐτὴ
180 1410 325 1497 διανοίᾳ]
342 1409 408 1476 ἐστι
424 1405 508 1474 κατὰ
521 1406 582 1493 τὴν
593 1407 724 1477 οὐσίαν.
766 1411 873 1475 illusit
886 1412 1111 1476 horsum'Philo
1123 1412 1239 1478 ὄτι-440
1286 1480 1289 1485 ,

69 1520 143 1562 aeus
154 1499 187 1561 in
203 1520 241 1561 eo
256 1499 350 1576 libro,
372 1497 424 1582 qui
439 1497 610 1559 inscribitur
627 1495 678 1560 De
699 1509 852 1561 conventu
872 1496 913 1559 ad
926 1500 1040 1582 primas
1054 1498 1190 1585 dneipli-

69 1606 120 1648 as:
145 1576 227 1669 ὁρᾷς
242 1578 294 1647 ὅτι
313 1579 370 1648 aul
382 1576 449 1647 tet
462 1584 529 1646 τῶν
541 1579 578 1646 ἐν
589 1577 671 1665 ἡμῖν
686 1576 800 1658 αὐτοῖς
814 1576 909 1662 ζώων
922 1578 1054 1666 ἀλόγων
1069 1580 1189 1667 (ταῦτα

69 1664 79 1689 ’
105 1667 189 1734 εἰσὶν
211 1665 382 1753 αἰσθήσεις
418 1663 520 1732 πάλιν
540 1660 748 1751 ἀπάρχεσθαι
771 1668 950 1751 dulantur:
978 1681 1009 1732 et
1028 1690 1122 1734 mox:
1146 1664 1187 1735 od

69 1750 301 1833 όνονέιτὶτοῖς
317 1753 375 1832 ivi.
388 1776 462 1828 νοις
484 1750 542 1817 καὶ
562 1753 691 1839 νηΐνοις
709 1757 909 1836 σωματικοῖς
929 1746 1009 1818 οὐδ’
1029 1748 1084 1837 ἔτ’
1105 1751 1189 1821 a’rt-
1262 1760 1267 1775 ⁴

69 1863 117 1919 οις
141 1836 255 1923 ζώοις,
278 1845 351 1915 ταῖς
376 1832 568 1923 αἰσθήσεσι,
590 1834 651 1904 τὸν
676 1833 851 1924 εὐεργέτην
866 1834 1015 1903 ἐπαινεῖν
1030 1834 1189 1909 διδασκό-

69 1932 144 2005 εθα,
166 1920 249 1991 ἄλλα
265 1922 323 1990 καὶ
337 1923 389 1990 ἐπὶ
402 1927 450 2011 τῷ
468 1927 536 2012 νῷ,
558 1919 596 2001 ὃς
609 1924 734 2007 κυρίως
756 1920 939 2007 ἄνθρωπός
962 1922 1053 1990 ἐστιν
1075 1922 1112 1991 ἐν
1133 1921 1189 1993 οἶν-

69 2008 190 2096 poian,
205 2012 361 2093 κρείττων
374 2006 410 2074 ἐν
419 2008 562 2094 χείρονι,
584 2006 754 2086 ἀθάνατος
775 2006 812 2075 ἐν
823 2014 947 2094 θνητῷ.
989 2011 1062 2074 Non
1077 2032 1189 2099 parum

69 2120 121 2164 uec
137 2099 350 2162 illustraverint
363 2119 441 2183 quae
458 2098 561 2160 scribit
576 2092 594 2160 ὁ
609 2092 783 2173 θειότατος
796 2096 908 2160 Paulus
920 2097 1084 2181 Apostolus
1096 2100 1189 2163 variis

69 2188 119 2249 uis
143 2184 182 2247 de
202 2184 346 2247 interiore
370 2194 461 2269 atque
484 2183 633 2245 exteriore
653 2184 792 2261 homine.
842 2178 881 2245 At
899 2184 993 2263 longe
1013 2184 1075 2246 alio
1094 2204 1187 2247 sensu
1291 2260 1296 2266 ,

69 2272 247 2357 hilosophus
270 2266 347 2331 dixit
367 2268 399 2330 in
418 2266 554 2331 XXVII
576 2268 713 2331 sectione
726 2262 829 2331 Probi.
853 2268 987 2329 calorem
1007 2266 1039 2329 in
1060 2270 1188 2332 homine

69 2354 196 2420 rualiud
218 2356 331 2417 animal
354 2375 436 2417 esse:
458 2350 497 2417 τό
520 2348 651 2436 θερμὸν
673 2350 710 2418 ἔν
731 2346 813 2437 ἡμῖν
838 2346 947 2433 ὥσπερ
970 2354 1072 2432 ζῶον,
1095 2376 1189 2440 quem

69 2442 187 2505 [dentur
199 2440 309 2503 imitati
324 2438 454 2518 medici,
477 2461 548 2501 cum
564 2438 603 2501 de
618 2440 782 2502 mulierum
800 2439 927 2501 matrice
943 2437 1028 2500 idem
1069 2461 1189 2503 ronun-

69 2539 171 2592 arunt:
206 2546 273 2613 esse¹
290 2527 390 2604 illam,
423 2537 456 2586 ut
478 2526 520 2588 ait
541 2525 704 2605 Aretaeus,
734 2517 850 2588 ὁκοῖόν
871 2544 903 2586 τι
928 2525 1015 2601 ζῶον
1037 2460 1074 2591 dd
1103 2523 1189 2610 ζώῳ,
1240 2544 1243 2550 “

69 2616 130 2678 rasi
146 2607 286 2676 animal
300 2608 337 2673 in
352 2607 515 2682 animali,
536 2614 587 2675 vel
603 2612 724 2697 potius,
746 2620 780 2671 ut
794 2610 926 2756 loguitur
939 2608 1034 2689 idem,
1062 2609 1190 2690 ξωοίδὲς
1260 2622 1265 2637 ’

69 2722 73 2762 ι
87 2699 141 2781 [de
161 2710 238 2761 aeut.
261 2718 304 2760 mz
318 2694 359 2776 II,
382 2702 431 2760 11.
454 2718 485 2783 p.
500 2694 552 2764 24.
568 2694 607 2759 B.
628 2708 659 2758 et
672 2694 731 2775 Α.].
775 2696 817 2758 Se
863 2694 904 2756 ad
922 2694 1061 2758 Persium
1078 2696 1189 2761 redeu-

69 2808 128 2850 1us:
152 2788 236 2865 cujus
257 2784 361 2845 locum
382 2782 518 2844 imitatus
534 2780 720 2845 Claudianus
740 2781 774 2842 in
788 2779 847 2842 lV.
863 2780 994 2842 Honorii
1009 2780 1187 2865 Consulatu,

69 2872 94 2935 'ni
108 2870 204 2959 poeta
221 2866 457 2932 facundissimus
479 2867 583 2930 multis
603 2869 743 2931 versibus
760 2876 898 2928 mentem
917 2864 1013 2929 Persii
1029 2870 1205 2955 expressit.'
1256 2870 1259 2875 ’

69 2969 135 3023 iret
158 2953 311 3042 quaedam
334 2955 490 3018 conterre:
518 2952 640 3018 Persius
672 2955 730 3015 eit:
760 2951 855 3014 intur
883 2949 984 3015 nasci
1010 2950 1188 3033 dominos3

69 3042 230 3107 laudianu's
247 3043 290 3104 sic
303 3038 379 3121 [259
393 3038 493 3125 sqq-1:
1190 3040 1193 3047 “

125 3140 170 3208 Si
188 3132 334 3214 metuis,
360 3140 391 3204 ai
402 3162 516 3227 parvo
536 3134 647 3227 cupis,
672 3137 705 3202 si
724 3134 863 3201 dureris
885 3137 952 3217 ira,

125 3226 270 3295 Servitii
286 3225 425 3317 patiere
440 3224 592 3317 jugum.-
620 3218 786 3289 tolerabis
814 3220 953 3309 iniquae

124 3313 280 3381 Interius
300 3312 410 3403 leges.
652 3314 655 3319 ’

69 3418 194 3487 etthim
214 3430 313 3483 metro
328 3416 371 3483 lL
388 3412 473 3481 1er
494 3410 545 3479 De
572 3414 782 3479 consolatione
803 3413 880 3476 item
899 3434 939 3475 ex
954 3410 1077 3476 Persio:

124 3518 212 3587 Jnm
224 3518 359 3585 videbit
382 3517 476 3583 intus
497 3525 619 3581 arctus

125 3602 403 3691 Dominoeferre
419 3612 575 3674 catenae.

69 3710 86 3775 lt
98 3710 239 3777 Persius:
263 3709 298 3774 in
304 3710 430 3801 jecore
446 3725 554 3796 aegro
572 3700 625 3787 [de
637 3722 710 3789 quo,
724 3714 759 3765 ut
773 3701 847 3781 irae,
861 3701 1073 3783 aegritudinis,
1095 3724 1186 3766 arno.

69 3798 178 3877 ssede,
200 3798 262 3860 loci
273 3818 323 3885 ap.
336 3795 472 3877 Donn.]3
494 3790 680 3858 Claudianus
699 3788 776 3870 [248
787 3791 885 3873 sqq·]r

125 3898 179 3965 At
195 3896 263 3962 sibi
277 3907 401 3962 cuncto
413 3904 549 3983 petens,
572 3891 626 3959 nil
646 3890 824 3955 collatura
846 3885 971 3973 capitio
1182 3904 1229 3963 44,

125 3984 171 4050 In
182 3984 285 4067 jecur
300 3995 333 4049 et
352 3993 486 4049 tractus
511 3980 600 4045 imos
614 3975 796 4063 compulsa
810 3975 969 4036 recessit:

125 4071 244 4154 Quae,
267 4069 364 4136 velut
385 4070 558 4133 immanes
579 4070 715 4131 reserat
734 4059 819 4124 dum
839 4058 959 4124 bellua
975 4056 1096 4133 rictus,

124 4155 454 4255 Expleriparoique
471 4154 608 4240 nequit:
628 4170 718 4214 nuno
734 4144 876 4212 verbere
892 4164 995 4211 curae

129 4244 285 4331 Torquet
301 4239 492 4319 avaritiae,
513 4236 667 4304 stimulis
686 4256 782 4299 auae.
782 4230 930 4324 flagrat
945 4250 1116 4303 amorum,

125 4327 232 4395 Νιιιιο
242 4326 388 4417 gaudet,
410 4348 502 4391 ιιιιηο
518 4334 652 4391 moesta
668 4318 780 4396 delet,
803 4318 1004 4404 sanataque
1020 4336 1139 4381 νιινεια·

123 4414 314 4495 Exoritur,
339 4434 443 4478 caera
527 4409 618 4478 redit
631 4404 826 4498 pollentius
841 4401 978 4487 Hydra.

69 4462 153 4567 :aaa
166 4503 258 4581 nn,
280 4499 369 4567 ean
384 4498 435 4581 11,
492 4513 571 4566 εει..
595 4495 691 4599 ratur
705 4491 818 4581 aja.
860 4488 1071 4639 nanussra.
1080 4484 1180 4552 cau.
