2700 4972
350 163 411 230 AD
439 162 611 264 PEiiSll
641 164 864 235 sarlatrl
892 166 941 232 H.
1152 173 1216 238 127

70 338 141 426 quia
153 339 363 403 mensurarit
381 337 521 404 universa
534 335 651 417 familia
674 340 713 401 ab
729 359 838 424 opere,
861 338 1009 425 impedita
1025 341 1212 426 tempestatis

68 424 298 505 obscoenitate,
320 445 413 509 quam
434 424 596 486 imminere
608 422 652 485 'in
673 422 757 486 diem
778 425 939 488 crastinam
962 437 1105 510 tanquam
1127 438 1212 491 vates

52 511 113 573 ’1111
127 509 305 589 denuntiat,
328 531 398 572 cum
420 511 500 572 canit
522 508 665 596 [Psqq.]:

366 616 445 657 cros
460 591 568 682 foliis
589 614 709 673 nemus

154 677 283 743 Multis
303 688 340 743 et
359 679 448 766 alga
469 679 567 742 littus
589 678 708 743 inutili

198 764 366 829 Demisere
386 776 577 853 tempestas
600 764 643 830 ab
665 763 763 829 Euro

240 850 394 931 Sternet,
417 862 529 938 aq'uce
552 850 621 915 nisi
638 847 743 939 fallit
764 871 878 939 augur

120 939 124 949 “
154 935 302 1016 Annosa
331 937 460 1002 cornix.

68 1022 175 1102 [iliter
188 1022 315 1109 quidem
336 1035 366 1087 et
387 1025 528 1110 speciose
549 1021 589 1085 de
610 1025 680 1085 loco
696 1022 792 1084 Persii
806 1021 941 1086 Turneb.
958 1044 1006 1109 ap.
1022 1023 1067 1089 PL
1086 1046 1117 1110 p.
1137 1031 1207 1104 180,

68 1109 122 1172 sed
143 1121 178 1171 ut
198 1112 382 1191 argumentis
401 1132 465 1171 non
486 1113 596 1195 probet
618 1108 734 1171 hostias
756 1110 873 1171 oblatas
899 1129 967 1177 esse
991 1105 1096 1173 Geniis
1115 1114 1208 1175 natali

66 1194 127 1257 die.
162 1191 270 1259 Genii
281 1197 381 1281 qualia
397 1197 524 1258 numina
542 1195 697 1257 veteribus
711 1193 832 1272 fuerint,
853 1214 883 1258 v.
900 1214 948 1278 ap.
962 1193 1007 1258 Pl.
1026 1217 1057 1280 p·
1075 1200 1135 1262 178
1149 1199 1206 1282 sq]

153 1276 239 1346 Nori
254 1288 293 1343 tu
302 1300 404 1364 prece
424 1279 538 1366 poscis
559 1277 676 1343 emaci
699 1276 798 1358 Quae
820 1275 889 1342 nisi
910 1276 996 1359 ceci]
1018 1279 1208 1363 ingeniosis-

65 1364 146 1431 sime
159 1366 284 1431 Peisius
297 1367 359 1429 duo
375 1369 471 1454 capita
486 1368 537 1429 illa
551 1366 702 1453 proponit,
725 1364 764 1426 de
777 1365 887 1450 quibus
899 1367 958 1428 hac
971 1365 1067 1429 Satira
1081 1381 1207 1432 tractare

61 1452 211 1533 instituit,
240 1454 400 1516 materiem
424 1465 456 1515 et
482 1456 615 1514 {ormam
644 1452 807 1515 votorum:
840 1449 978 1513 Macrino
1002 1474 1059 1527 suo
1085 1451 1206 1519 debitae

64 1536 164 1601 laudis
185 1539 397 1602 testimonium
415 1538 596 1624 perhibens,
625 1533 710 1621 quod
729 1537 761 1597 in
781 1547 889 1598 neutro
911 1538 1022 1599 horum
1045 1547 1256 1623 peccaretztttt)

64 1620 130 1685 noir
156 1623 192 1687 in
210 1624 350 1702 materia,
378 1626 449 1710 quia
468 1625 546 1686 nihil
571 1625 694 1708 petebat
718 1642 736 1683 a
758 1620 816 1684 diis
838 1642 948 1707 parum
966 1623 1132 1686 honestum
1152 1638 1215 1705 aut,

63 1712 152 1789 usius
162 1710 268 1795 ipsum
282 1709 396 1796 pudere
419 1708 563 1787 deberet3
584 1730 648 1770 non
665 1708 698 1768 in
712 1705 827 1786 modo,
847 1708 900 1793 qui
923 1709 1040 1770 nullam
1056 1731 1126 1771 cnm
1146 1709 1205 1775 diis
1283 1723 1286 1732 '

62 1792 321 1859 nundinationem
345 1806 499 1859 exerceret
523 1815 559 1856 ac
588 1815 629 1856 ne
657 1793 798 1878 precibus
824 1792 1065 1878 quidemnimis
1087 1795 1205 1880 cupidis

55 1892 117 1963 ,ent
127 1882 228 1945 mxiis
240 1880 318 1944 deos
329 1882 519 1958 solliciteret3
541 1877 626 1964 quod
640 1879 818 1959 illisolent,
839 1878 891 1963 qui
908 1881 1109 1964 superstitiosi
1129 1904 1204 1968 pro-

61 1966 129 2052 pn'e
147 1964 222 2046 dicti
240 1978 312 2031 sunt
332 1967 485 2030 veteribus
508 1965 633 2028 Latinis.
677 1965 764 2027 Haec
783 1963 904 2027 Persius
924 1963 964 2026 de
977 1964 1133 2046 Macrino,
1162 1980 1196 2031 ut
1203 1981 1254 2038 177
1300 2006 1306 2018 κ

63 2060 145 2116 esset
159 2053 280 2116 occasio
294 2063 429 2115 caeteros
443 2049 631 2133 objurgandi,
654 2051 706 2134 qui
718 2050 750 2111 in
763 2061 891 2134 utroque
904 2052 1017 2113 horum
1034 2065 1203 2137 peccarent.

51 2190 59 2199 ,
154 2134 265 2201 Prcce
283 2135 401 2224 poscis
425 2135 560 2216 emaci]
588 2129 684 2219 Εὐχῇ
704 2130 885 2219 ἐμπορικῇε
914 2138 997 2215 cujus
1018 2138 1202 2202 contrarium

61 2234 109 2287 est
121 2217 164 2287 cci
180 2219 293 2299 ἁπλῶς
306 2221 363 2287 καὶ
377 2220 570 2303 ἐλευθερίως
588 2216 758 2304 εὔχεσθαι,
782 2222 878 2283 oratio
898 2223 1032 2307 simplex
1047 2234 1078 2285 et
1089 2224 1202 2288 libera-

61 2309 109 2388 im,
127 2330 150 2381 o
171 2308 217 2379 ed
229 2310 488 2395 sapientissimum
501 2307 641 2371 Marcum
653 2305 733 2391 Imp.
747 2307 800 2368 lib.
813 2304 845 2369 V
859 2296 931 2384 [iv.
947 2319 1051 2370 autem
1069 2306 1202 2375 Gataker

60 2328 174 2473 141111
190 2393 264 2479 9,,1.
278 2417 309 2480 p.
326 2400 368 2460 92
379 2400 456 2480 sq.];
476 2414 616 2480 precem
629 2412 787 2455 emacem
801 2402 848 2456 est
858 2393 1046 2480 interpretari
1061 2398 1111 2459 rel
1123 2418 1201 2483 quse

60 2480 157 2543 hebet
171 2482 365 2560 conjunctum
379 2481 561 2543 sacrificium
574 2479 698 2558 majoris
712 2479 837 2557 alicujus
853 2479 996 2543 victimae
1019 2491 1072 2542 aut
1091 2495 1201 2547 votum

60 2566 106 2629 rei
122 2565 365 2655 consecrandae,
408 2566 470 2628 uod
484 2578 530 2629 est
547 2567 630 2629 velut
645 2565 776 2649 pretium
794 2563 853 2627 diis
865 2584 1044 2650 repensum,
1065 2579 1101 2629 ut
1120 2569 1154 2630 fit
1166 2569 1201 2631 in
1245 2574 1252 2593 '

59 2651 200 2714 untione
215 2588 439 2733 contrahencin3
455 2652 506 2716 vel
519 2672 597 2736 quae
607 2651 697 2713 toties
710 2651 768 2712 fuit
780 2649 944 2734 repetenda
956 2663 985 2714 et
1000 2662 1065 2713 tem
1077 2652 1200 2717 assidue

60 2758 96 2801 ec
110 2739 262 2817 λιπαρῶς
277 2734 332 2801 καὶ
345 2735 482 2814 ἐκτενῶς
494 2736 647 2814 facienda,
671 2747 704 2797 ut
719 2737 781 2797 hoc
800 2736 905 2821 ipsum
923 2737 1012 2821 pretii
1034 2739 1104 2801 loco
1126 2758 1200 2803 cen·

58 2824 120 2887 seri
131 2824 240 2911 possit,
304 2822 342 2902 ὀ,
364 2835 398 2886 ut
414 2825 457 2886 ait
469 2821 598 2903 Seneca,
620 2819 722 2884 nulla
738 2840 793 2883 rec
811 2818 929 2884 corius
943 2830 1080 2886 coarctat
1094 2844 1199 2911 qnam

59 2928 150 2994 quac
163 2907 265 2995 prcc’
284 2930 326 2971 uc
339 2902 434 2972 e'mta
456 2916 516 2971 est.
1100 2926 1103 2939 ·

76 3030 96 3061 .·
146 2996 179 3060 t.
201 2992 303 3077 Quae
316 2992 386 3065 nisi
407 2991 559 3057 seductis
576 3011 729 3076 nequeas
745 2988 962 3055 committere
985 2989 1098 3076 divis]
1112 3042 1115 3047 -
1127 2996 1199 3061 Hoc

58 3090 106 3145 est
124 3080 225 3166 nupia
245 3093 318 3143 vote
338 3083 421 3143 nulla
442 3082 517 3143 facis
541 3090 572 3142 et
593 3076 759 3158 ejusmodi,
792 3094 870 3163 quse
892 3080 995 3164 palem
1014 3102 1077 3153 non
1098 3084 1199 3168 possis

56 3186 234 3252 nuncupare
249 3177 281 3229 et
298 3187 377 3233 voce
391 3168 460 3229 aits.
503 3164 695 3228 Antecedens
713 3184 768 3248 pro
793 3165 990 3250 consequenti
1004 3168 1123 3252 posuit,
1144 3190 1199 3232 re-

57 3248 178 3318 ductis
191 3247 262 3313 diis
279 3250 495 3315 committere
516 3273 572 3337 pro
592 3251 682 3312 tacita
705 3261 738 3312 et
754 3249 906 3313 submissa
922 3271 1001 3314 voce
1023 3248 1206 3321 enuntiares

56 3339 109 3424 qui
129 3348 338 3402 secretorum
358 3339 459 3425 aliquo
480 3340 588 3401 volunt
610 3336 711 3421 loqui,
734 3356 751 3396 a
770 3337 858 3398 turba
880 3357 952 3401 eum
970 3336 1136 3419 seducunt,
1157 3362 1198 3405 ne

57 3424 167 3512 aliquis
193 3421 367 3504 Corynaeus
391 3423 542 3487 exaudiet.
593 3419 677 3484 Cave
701 3432 789 3506 putes
810 3420 956 3485 damnare
978 3423 1117 3503 Persium
1148 3428 1197 3490 his
1260 3472 1262 3475 -

48 3510 160 3573 .verbis
173 3506 280 3595 preces
292 3510 560 3587 immunnuretas3'
574 3529 634 3592 qua
656 3506 695 3570 de
709 3528 743 3569 re
758 3529 841 3571 mox·

135 3596 177 3661 ·5.
199 3592 250 3658 At
274 3591 361 3657 tona
380 3616 466 3681 pers
480 3613 666 3679 procerum
684 3589 795 3654 tacita
818 3587 942 3654 libabit
961 3588 1107 3670 acerra]
1136 3597 1197 3661 Hic

55 3681 164 3767 incipit
184 3675 314 3763 ἔλεγχοὲ
334 3683 466 3761 vulgaris
490 3679 598 3747 erroris
616 3678 808 3826 ipeprecibus
827 3676 991 3758 faciendis3
1013 3680 1069 3742 elsi
1092 3693 1219 3745 autem·

55 3766 179 3831 videtur
192 3766 285 3852 poe'ta
305 3788 376 3827 cum
390 3767 450 3828 isto
465 3778 532 3827 tum
551 3786 625 3851 prae
683 3763 745 3825 enti
765 3764 963 3849 sequentique
983 3785 1073 3828 versu
1091 3769 1196 3831 tacitas

56 3873 163 3939 preces
176 3863 207 3914 et
219 3872 358 3914 susurros
373 3855 558 3937 templorum
578 3847 817 3934 reprehendere,
842 3869 906 3911 non
928 3861 1031 3912 tamen
1045 3852 1121 3914 illud
1140 3866 1196 3933 est,

55 3960 116 4024 qno
132 3939 298 4024 praecipue
311 3948 442 4023 spectat,
464 3934 520 3999 secl
534 3934 574 3998 ad
589 3935 802 4014 gravissimum
820 3945 996 4019 peccatum,
1018 3937 1102 4022 quod
1121 3962 1195 4000 con-

53 4023 219 4088 suetudine
232 4021 485 4085 immurmurandi
498 4034 611 4084 tectum
626 4022 754 4082 latebat:
775 4040 849 4083 nam
864 4021 997 4106 alioquin
1015 4045 1067 4086 cnr
1083 4036 1246 4111 repre-178
1275 4065 1279 4069 -

52 4108 206 4175 henderet
218 4107 339 4173 Persius
351 4106 434 4193 quod
448 4107 576 4194 puhlicis
591 4105 804 4169 Romanorum
818 4106 924 4170 ritibus
935 4118 1000 4168 erat
1014 4110 1193 4194 receptum?

52 4195 174 4261 Seneca
187 4192 239 4258 Ds'
251 4194 408 4258 beneficiis
426 4194 503 4256 libro
515 4190 547 4255 Π
563 4192 601 4269 [c.
618 4194 663 4272 1]:
691 4184 732 4254 V
728 4199 785 4265 oto
803 4187 957 4254 homines
965 4191 1111 4278 porcius
1126 4191 1193 4274 fa-

53 4289 186 4361 cerent,
207 4276 375 4366 cipalam
382 4273 560 4367 socienda
574 4285 710 4340 essent:
730 4270 819 4339 odeo
833 4274 945 4368 etium
960 4275 1051 4359 deoc,
1070 4275 1193 4373 quibus¹
1266 4304 1269 4311 ·
