2700 4972
164 331 214 413 „44
479 338 483 343 ·
524 302 942 411 couunuraalus

171 503 355 583 objurgator.
403 503 549 567 Horatius
578 501 870 584 [sat.11‚a‚as]:
900 524 944 567 ne
965 500 1013 565 eia
1024 514 1180 587 patruus
1204 504 1305 570 milri:
1347 547 1348 555 κ

170 588 291 652 Persius
312 589 345 650 in
365 585 413 651 ΠΙ
434 589 521 677 [97]:
543 589 641 654 neris
658 588 861 653 militatur:
882 600 957 650 nota
967 590 1082 653 locutio
1097 612 1139 655 ex
1149 591 1303 671 Cicerone,
1336 600 1348 681 ,¹3

171 673 337 752 Suetonio,
368 675 443 738 aliis.
473 682 562 760 [quos
587 677 673 739 locos
700 696 731 739 v.
762 695 811 760 ap.
836 672 950 754 Pium]
993 672 1139 741 Manilius
1167 678 1247 741 libro
1265 678 1303 743 V.
1331 688 1348 775 l

71 828 77 849 ,
171 761 214 841 [v.
236 761 300 826 450
312 763 369 845 sq.]
390 762 424 823 in
444 762 711 846 superciliosorum
732 759 982 845 paedagogorum
1002 763 1157 840 genitura:

524 858 740 934 veterumque
753 842 908 930 exempla
923 843 1101 911 revolvent
1150 913 1154 921 ,

254 929 398 1018 Semper
418 940 450 995 et
469 932 603 1020 antiqui
626 929 817 995 laudabunt
834 926 941 993 verba
958 927 1099 996 Catonia
1190 950 1192 957 ·

177 1072 182 1077 .
259 1015 434 1081 Tutoriaae
448 1016 666 1106 supercilium
684 1015 847 1104 potruive
868 1015 1030 1101 rigorem.
1092 1062 1097 1071 .
1204 1032 1208 1045 ’

168 1101 245 1166 ldeo
268 1100 378 1166 Graeci
398 1115 540 1188 patruum
561 1103 701 1184 dixerunt
722 1097 835 1166 diiov:
865 1104 932 1164 etsi·
951 1103 1037 1165 aliter
1062 1105 1168 1188 paullo
1190 1102 1303 1167 Plutar-

170 1191 245 1252 chus
266 1192 323 1252 sub
344 1190 440 1251 finem
460 1190 529 1254 libri
550 1186 625 1273 περὶ
646 1186 865 1273 φιλαδελφίας
886 1199 917 1250 et
937 1187 1112 1274 Simplicius
1131 1190 1167 1253 in
1184 1188 1303 1276 Epicte-

168 1286 236 1337 tum
265 1275 429 1355 [.321.}.
561 1293 565 1303 “
1337 1312 1340 1319 -

299 1383 365 1435 rna,
386 1362 485 1441 tuna]
507 1360 596 1424 Tunc
615 1363 663 1424 fas
685 1382 753 1423 esse
773 1359 875 1439 judico
902 1360 1011 1423 urbem
1029 1357 1168 1423 Romam
1186 1352 1322 1423 satirioo'

168 1447 233 1509 sale
255 1445 417 1512 defricare:
447 1449 617 1511 orationem
638 1447 807 1533 abrumpit,
839 1446 926 1531 quasi
945 1466 1018 1531 prae
1039 1448 1202 1509 stomacho
1222 1447 1305 1533 plura

35 1572 37 1581 ι
69 1586 72 1591 .
168 1553 233 1594 non
277 1544 368 1596 osset.
1246 1590 1250 1597 .

253 1554 433 1707 ignoscite·
456 1615 568 1702 Nola]
603 1619 797 1686 Concludere
819 1617 949 1682 Satiram
971 1617 1099 1681 omnino
1120 1638 1156 1680 se
1179 1578 1311 1704 :cripui

168 1723 252 1784 rum,
274 1708 399 1769 veniam
416 1708 494 1769 'sacti
508 1709 604 1793 petit,
634 1706 716 1793 quod
743 1709 817 1768 alter
836 1708 933 1775 verbo
955 1715 1055 1783 negat.

248 1786 306 1865 ¹12.
332 1788 595 1879 Quidfaciam?
616 1791 677 1858 aed
697 1814 772 1855 aum
786 1790 959 1877 petulanti
978 1788 1094 1872 splene
1115 1784 1302 1867 cachinno]

45 1932 49 1938 .
168 1874 304 1941 Audiens
315 1877 436 1943 Persius
457 1880 590 1965 praecidi
610 1880 670 1943 sibi
693 1894 820 1941 ornnem
839 1878 950 1942 veniae
971 1897 1070 1961 spem,
1090 1874 1236 1937 familiari
1249 1874 1305 1937 sibi

118 1973 155 2031 53
169 1961 269 2025 ironia
289 1964 411 2028 simulat
437 1964 586 2029 indubio
611 1966 671 2028 sibi
698 1986 766 2027 esse
792 1964 931 2025 animum
962 1973 992 2023 et
1023 1961 1077 2045 qui
1100 1962 1207 2047 paullo
1234 1980 1305 2021 mo·

168 2060 274 2111 mento
296 2052 358 2113 huc
384 2051 456 2113 illuc
486 2053 584 2137 possit
610 2051 735 2137 impelli.
780 2049 844 2113 Sed
874 2069 940 2110 non
968 2045 1021 2110 diu
1047 2047 1081 2108 in
1106 2047 1162 2108 illo
1183 2044 1306 2108 fluctuat
1342 2086 1348 2113 ,

168 2134 251 2199 salo:
279 2137 391 2215 statim,
404 2137 487 2199 enim
516 2136 651 2199 decernit
678 2147 709 2198 et
735 2135 775 2198 ad
802 2135 936 2221 priorem
962 2143 1101 2195 mentem
1127 2129 1226 2197 redit:
1253 2152 1305 2194 ex·
1346 2124 1348 2139 '

56 2241 59 2249 ·
167 2220 277 2307 pressit
297 2221 497 2284 autem-illud
517 2223 637 2285 Horatii
663 2223 727 2285 sui:

77 2360 81 2371 .
177 2344 180 2349 ·
255 2302 429 2371 Naturam
454 2307 605 2394 expellas
624 2302 751 2396 furca:
781 2316 898 2369 tamen
922 2328 1024 2393 usque
1047 2313 1220 2369 recurret:

43 2392 47 2399 “
165 2388 210 2452 sic
233 2392 397 2457 enimait:
426 2397 542 2457 factum
570 2416 644 2457 sea
673 2404 779 2456 natura
801 2392 1025 2455 cachinnonem
1048 2402 1079 2454 et
1101 2382 1303 2455 σκωπτικόνε

168 2475 270 2561 itaque
293 2480 369 2542 velit
387 2480 465 2541 nolit
492 2483 594 2543 oblata
621 2502 654 2542 re
674 2478 800 2542 ridicula
827 2480 923 2541 risum
950 2480 1011 2541 sibi
1034 2478 1207 2540 necessario
1228 2477 1307 2540 obo-

167 2562 235 2626 riri:
254 2564 413 2664 petulana
436 2564 541 2652 splen,
564 2567 616 2651 qui
636 2570 717 2645 justo
738 2567 837 2644 majus
857 2564 991 2650 spatium
1010 2574 1096 2648 petat
1116 2573 1147 2624 et
1168 2572 1306 2647 occupet,

167 2668 324 2746 quoniam,
345 2663 380 2713 ut
401 2650 513 2715 docent
533 2651 647 2714 medici
668 2663 698 2714 et
723 2651 838 2714 Plinius
868 2651 920 2730 [H.
941 2649 979 2714 N.
1001 2647 1067 2728 XI,
1090 2647 1145 2729 37]
1176 2670 1218 2711 ex
1238 2648 1305 2729 illis,

166 2737 472 2822 intemperantiam
499 2737 586 2801 risus
603 2746 760 2801 constare
780 2735 879 2799 lienis
901 2733 1147 2822 magnitudine
1165 2732 1307 2821 quidam

159 2828 300 2903 putant.
344 2822 477 2887 Serenus
493 2822 709 2886 Sammonicus
730 2821 784 2901 [de
796 2821 908 2885 medic.
945 2843 1022 2884 raec.
1046 2843 1071 2885 c.
1091 2824 1145 2901 28.
1161 2840 1197 2885 r.
1212 2818 1305 2901 4291:

166 2902 273 2991 Splen
285 2908 437 2973 tumidus
451 2919 546 2974 nocet
559 2918 590 2973 et
608 2909 716 2973 risum
731 2917 846 2971 tamen
860 2905 908 2970 ad
934 2907 960 2971 it
972 2907 1134 2994 ineptum
1161 2904 1210 2969 Ne
1221 2904 1308 2991 pueri

165 2992 291 3077 quidem
319 2997 459 3059 nesciunt
486 2997 626 3082 posuisse
654 2995 784 3059 Veteres
811 2994 944 3058 laetitiae
971 2994 1116 3057 affectum
1142 2992 1177 3055 in
1238 2993 1307 3055 lenc
1334 3008 1338 3017 “

167 3078 245 3152 [sive
273 3081 375 3166 potius
401 3081 510 3146 risus:
546 3104 576 3146 v.
606 3080 771 3144 indicatam
799 3102 817 3142 a
845 3080 991 3143 Meistero
1022 3077 1097 3143 diss.
1124 3076 1174 3142 Jo.
1199 3012 1309 3141 1³gach:

164 3161 312 3246 Platneri,
340 3167 384 3233 de
404 3169 477 3233 risu
503 3192 527 3232 a
546 3165 679 3255 splene,
712 3170 794 3237 1738
815 3167 849 3228 in
871 3165 967 3246 ejusd.
999 3163 1121 3251 Opuac.
1149 3161 1188 3226 T.
1209 3160 1252 3227 Π.
1273 3184 1307 3249 p.

59 3321 62 3327 ,
165 3252 374 3333 93-105.],
395 3255 569 3318 iracundiae
590 3254 621 3316 in
643 3257 725 3332 felle,
745 3253 867 3339 pavoris
888 3252 919 3313 in
941 3250 1048 3328 corde,
1071 3250 1185 3312 amoris
1206 3246 1242 3311 in
1260 3252 1307 3329 je-

167 3356 248 3416 core,
270 3338 396 3422 pudoris
417 3341 450 3401 in
462 3344 563 3403 fronte
585 3339 684 3420 [Seru
699 3338 739 3402 ad
754 3338 830 3401 Aen.
846 3338 887 3417 V,
902 3341 975 3403 595.
997 3335 1085 3415 VIII,
1101 3340 1175 3402 200.
1195 3330 1306 3399 Isidor-
1346 3374 1348 3391 ι

166 3418 251 3502 Orig.
276 3422 343 3503 XI,
373 3424 435 3505 1.]:
464 3427 557 3488 etiam
585 3427 618 3487 in
649 3424 875 3488 commentariis
896 3421 1109 3486 Rabbinorum
1138 3415 1233 3483 banus
1254 3423 1307 3487 vel
1346 3486 1348 3505 ,

165 3504 254 3589 insa,
276 3510 337 3571 hoc
359 3522 405 3573 est
427 3509 540 3596 ¹ostien,
568 3510 659 3573 sedes
679 3511 757 3573 risus
776 3531 844 3572 esse
869 3509 985 3570 dicitur.
1031 3507 1190 3571 Sententia
1210 3505 1307 3573 Persii
1346 3508 1348 3515 ’

164 3605 227 3658 est:
258 3616 328 3656 cum
350 3595 429 3658 adeo
443 3597 601 3677 ,flagitiose
628 3596 748 3659 vivatur
768 3595 905 3674 Romae,
937 3594 1041 3656 mirari
1067 3595 1228 3657 neminem
1250 3592 1306 3657 de-

164 3680 238 3742 bere
267 3684 421 3745 bonorum
450 3683 580 3746 liberam
607 3680 868 3762 indignationem:
906 3679 1062 3744 simillime
1087 3680 1249 3751 luvenalis
1272 3678 1306 3741 in

162 3765 282 3849 prima:
1269 3824 1274 3831 .

250 3848 408 3940 Difficile
426 3860 474 3917 eat
489 3851 648 3917 Satiram
661 3874 731 3916 nan
746 3849 912 3916 scribere:
933 3873 1018 3914 nam
1035 3849 1107 3938 quis
1122 3848 1265 3939 iniquas

256 3936 346 4002 Tam
357 3939 496 4024 patiens
515 3936 619 4013 urbis,
641 3948 715 4000 tam
729 3933 861 4018 ferreus
881 3946 916 4000 ut
940 3945 1054 4000 teneat
1074 3932 1134 4002 ae?

163 4022 216 4086 Sic
246 4035 277 4087 et
322 4024 391 4087 oiita
422 4025 680 4105 eigrammatnn
704 4023 830 4109 quidam
862 4020 997 4087 Graecus
1034 4020 1244 4102 [Palladia
1271 4019 1303 4083 in

162 4109 256 4196 epigr.
293 4110 359 4188 .V‚
381 4109 420 4173 Τ.
475 4132 533 4196 .p.
558 4108 713 4188 410Br.,
736 4109 774 4171 T.
796 4108 994 4194 111.p.11a.
1016 4107 1093 4182 lac]
1117 4131 1188 4171 cum
1209 4107 1305 4170 dixis-
1346 4174 1348 4183 ,

76 4242 79 4248 ·
161 4208 211 4260 set
231 4195 352 4281 saepius
373 4218 408 4259 se
437 4217 508 4258 cum
536 4195 640 4258 animo
669 4216 726 4257 suo
757 4194 948 4257 constibrisse
971 4194 1166 4280 epigramma
1185 4196 1306 4257 nullum

162 4285 279 4360 facere,
305 4291 339 4344 ut
359 4284 521 4345 stultorum
542 4280 614 4343 odia
634 4280 759 4357 ritaret,
787 4280 947 4366 quaesibi
969 4281 1108 4344 versibus
1134 4281 1199 4344 suis
1221 4278 1307 4345 exci-
1346 4296 1348 4311 ¹

162 4379 298 4433 laverat:
320 4368 440 4452 quoties
461 4379 580 4445 tamen,
601 4365 715 4452 inquit,
742 4367 774 4427 iu
797 4368 904 4430 oculos
924 4387 1014 4429 meos
1041 4366 1167 4429 incurrit
1191 4366 1305 4430 Panta-
1345 4412 1348 4439 ,

163 4457 275 4535 gamus
295 4452 468 4540 Paphlago,
496 4448 605 4530 στέξαι
630 4446 693 4536 τὴν
720 4443 825 4517 νόσον
851 4447 896 4519 od
921 4445 1076 4536 δύναμαι.
1122 4450 1243 4531 [Exstat
1263 4449 1303 4514 de
1346 4532 1348 4543 Ι
