2700 4972
283 256 396 338 'ro
417 269 584 339 rursu
604 270 703 339 sir.
724 270 1021 373 ruocoeuu.
1112 334 1116 349 ς
1203 274 1250 341 ειΙ
1313 238 1347 325 .·’

110 439 188 507 libro
207 437 383 531 ‹le-officio
390 441 533 530 judicis,
554 443 711 532 proposita
729 445 832 532 specie
853 444 985 509 duonnu
1000 466 1172 524 cursorum,
1194 444 1248 531 qui

109 539 228 591 metam
258 531 352 592 simul
372 531 553 615 attigissent,
573 533 667 594 ‘testis
692 531 885 612 Plutarchus,
915 534 966 618 qui
989 535 1023 595 in
1050 534 1127 595 libro
1162 529 1244 612 Περὶ

84 688 88 695 .
108 614 273 678 Στωϊκῶν
290 610 545 697 ἐναντιωμάτων
563 617 604 703 [p.
622 617 714 682 1045.
731 616 785 698 D.]
799 617 839 681 de
855 617 1026 704 Chrysippo
1042 621 1171 703 loquens
1184 618 1257 682 aitt'
1307 692 1312 701 ι

109 694 145 762 iv
164 699 320 783 τῷΠερί
344 704 406 766 τοῦ
428 699 572 781 δικάζειν
593 697 802 784 ὑποθέμενος
823 700 888 768 δύο
910 705 1043 786 δρομεῖς
1061 699 1149 784 ὁμοῦ
1166 718 1245 767 συν,

107 783 283 866 εμπίτιτειν
295 785 349 870 (ita
362 789 442 868 lego,
465 809 529 851 non
542 785 780 858 συνεκπίπτειν,
802 789 885 873 quod
898 801 1113 876 tamen‘potest
1124 801 1240 857 utrum-

107 891 167 955 que
180 874 311 958 exponi)
331 867 499 957 ἀλλήλοις,
523 874 675 954 διαπορεῖ
693 872 725 937 τί
739 877 787 962 τῷ
804 875 972 960 βραβευτῇ
992 871 1130 956 καθήκει
1145 867 1294 956 ποιῆὲίδῖ)

107 967 182 1020 σαι·
217 952 379 1039 πότερον,
402 957 523 1064 φησίν,
547 957 649 1035 ἔξεστι
667 954 727 1023 τδν
749 957 938 1044 βραβευτήν
960 959 1021 1024 τὸν
1042 960 1182 1042 φοίνικα
1210 955 1243 1025 ὁ·

105 1036 242 1126 ποτέρῳ
231 1043 410 1193 &peril-suoi
429 1044 635 1117 αποδοῦναι,
654 1039 718 1130 κζίν
737 1043 880 1129 τύχωσιν
900 1041 990 1130 αὐτῷ
1006 1045 1244 1129 συνηθέστεροι

106 1120 213 1206 ὄντες,
260 1151 278 1205 ς
292 1125 335 1195 ἂν
349 1127 499 1195 ἐνταῦθα
510 1134 578 1194 τῶν
587 1125 692 1193 αὐτοῦ
705 1151 737 1194 τι
751 1125 971 1213 χαρισάμενον
981 1130 1108 1212 τρόπον
1121 1126 1205 1197 τινά·
1220 1127 1244 1217 ἦ

106 1215 252 1296 μᾶλλον,
275 1209 323 1293 oio
340 1218 460 1282 κοινοῦ
473 1220 535 1280 τοῦ
550 1216 704 1299 φοίνικος
721 1211 898 1299 γεγονότος
910 1213 1116 1299 ἀμφοτέρων,
1138 1218 1243 1283 οίονεί

105 1319 198 1376 τινος
209 1296 342 1405 κλήρου
359 1298 544 1388 γενομένου
560 1296 702 1377 ἐνάλλως
720 1300 804 1367 κατὰ
818 1301 878 1385 τήν
894 1299 1064 1380 ἐπίκλισιν,
1088 1299 1134 1379 uic
1151 1300 1243 1386 ἔτυχε

104 1383 230 1451 δοῦναι
252 1382 367 1453 αυτόν.
414 1389 543 1451 Dubitat
567 1387 772 1474 Chrysippus,
800 1388 950 1452 debeatne
972 1392 1243 1476 brabeutapahna

102 1471 148 1560 uti
159 1483 313 1557 tanquam
324 1496 380 1537 sua
393 1487 424 1536 et
438 1475 497 1536 utri
507 1476 629 1536 libuerit
642 1474 776 1552 deferre,
799 1496 838 1536 an
850 1476 951 1560 potius
965 1476 1165 1559 rem-*utrique
1177 1479 1242 1554 jure
1321 1533 1333 1558 ,

101 1557 277 1642 quaesitam
295 1560 324 1622 ei
338 1558 525 1639 adjudicare,
546 1561 598 1645 qui
612 1572 693 1623 sorte
713 1561 822 1624 arbitra
838 1562 1007 1623 abstulerit:
1035 1583 1075 1623 ex
1095 1562 1241 1625 hocloco

101 1642 312 1725 intelligimus,
334 1645 408 1730 quid
422 1648 461 1709 sit
473 1647 601 1730 κλῆρον
616 1640 788 1728 εὐκληρεῖν
805 1647 838 1709 in
850 1645 979 1709 Polliani
989 1668 1091 1710 versu.
1205 1670 1208 1677 ¹

172 1762 175 1766 ·
192 1733 225 1795 6.
240 1727 414 1795 ·Hederae
433 1732 610 1818 sequaces]
639 1731 810 1809 Leonides,
834 1732 927 1816 poe'ta
949 1729 1099 1811 Graecus,
1124 1733 1166 1812 [in
1186 1729 1240 1794 Br.

102 1798 239 1877 Analect
263 1814 289 1879 I.
308 1838 339 1902 p.
363 1816 440 1896 228]
461 1812 674 1881 πολυπλαυέα
699 1811 815 1881 κισσόν
835 1816 925 1894 dixit,
953 1816 1098 1903 Virgilius
1120 1817 1242 1903 quoque

104 1899 295 1965 ercuuttus
316 1911 500 1981 errantem.
553 1902 709 2006 Philippus
728 1903 761 1964 in
781 1902 999 1987 epigrammate
1020 1903 1123 1965 tribuit
1143 1898 1241 1981 ἑρπυ-

104 1981 189 2067 στήν
211 1984 318 2066 [εδδξτ
351 1982 527 2071 ἔρπηστὴν]
550 1992 687 2057 σκολιον
705 1981 795 2052 πόδα
816 1986 950 2050 hederae
973 1998 1004 2050 et
1029 1989 1071 2050 ait
1090 1983 1242 2071 χορεύειν

101 2070 236 2157 [dequo
255 2071 423 2137 ulacobs.
443 2072 484 2136 ad
505 2075 567 2135 hoc
591 2075 685 2160 epigr.
707 2075 740 2135 in
762 2072 904 2137 Delectu
921 2073 1241 2160 Epigrammutum,

102 2154 200 2221 Goth.
224 2160 318 2225 1826.
363 2205 371 2221 .
392 2159 490 2238 4141,
521 2157 606 2245 quod
629 2161 782 2244 explicant
796 2160 960 2244 superiora.
999 2158 1122 2238 [‚,Adde
1141 2161 1239 2239 Long.

101 2241 184 2307 Post.
202 2240 228 2322 I,
244 2265 275 2329 p.
286 2248 316 2308 6.
345 2245 424 2325 {chf‘
445 2242 566 2325 Posal·
604 2243 656 2307 Sic
670 2257 773 2307 autem
794 2246 910 2329 antiqui
931 2245 1032 2326 lyrici,
1054 2238 1151 2330 inquit
1168 2244 1241 2307 Ser-

100 2328 174 2392 vius
194 2327 248 2407 [ad
261 2329 347 2410 Virg.
361 2329 426 2392 Ecl.
440 2329 498 2409 IV,
513 2333 575 2410 rot
597 2329 783 2418 flexipedes
798 2328 944 2394 liederus
965 2330 1113 2392 dixerunt.
1128 2378 1131 2383 .
1145 2330 1241 2410 [Vere

100 2412 169 2493 Pl·,
192 2413 342 2491 Passovio
365 2415 457 2478 duce:
478 2415 620 2479 Hederae
640 2426 811 2502 sequaces,
837 2416 929 2479 nimis
945 2417 1165 2501 obsequiosae,
1187 2437 1242 2477 co-

99 2497 249 2563 ronandis
262 2502 354 2564 etiam
366 2501 506 2582 indignis·
516 2503 712 2588 scriptbribus
725 2505 805 2581 justo'
824 2503 984 2565 faciliores.
1026 2502 1171 2565 Naturam
1183 2504 1241 2564 he-

101 2584 196 2649 derae
208 2607 273 2651 vox
294 2589 360 2666 illa,
381 2600 416 2649 ut
430 2588 597 2650 Horatiana
622 2586 835 2651 ambitiosior
855 2585 932 2667 (Od.
949 2586 974 2665 1,
988 2592 1039 2666 36,
1059 2587 1115 2669 18)
1138 2587 1241 2673 expri-

99 2671 169 2751 mit,
190 2674 406 2736 verumetiam
423 2676 568 2751 abusum,
591 2672 630 2736 de
650 2694 711 2758 quo
731 2673 891 2737 Petronius
907 2677 963 2738 83:
984 2672 1095 2736 Poeta
1107 2695 1182 2734 sum
1198 2681 1239 2749 et,

100 2766 177 2821 ute
203 2779 277 2835 ero,
300 2781 371 2822 uon
388 2757 572 2823 humillimi
594 2758 752 2845 spiritus,
775 2757 928 2821 simodo
950 2757 1084 2822 coronis
1108 2755 1240 2844 aliquid

98 2842 313 2993 expetendum
332 2854 398 2923 est,
428 2867 511 2934 quaa
539 2841 644 2909 etium
667 2843 717 2909 ud
746 2842 923 2931 imperitos
948 2842 1086 2930 deferre
1114 2842 1240 2930 gratio

60 2954 65 2963 ¹
98 2951 139 2992 ao
187 2976 194 2989 .
596 2948 599 2959 ·
681 2962 685 2967 ·
1234 2966 1237 2971 ,
1283 2990 1286 2995 .

188 2930 222 3081 'l-
248 3013 330 3103 Ipse
352 3016 600 3104 semipagamts
619 3014 680 3081 Ad
700 3021 802 3081 sacru
824 3026 945 3079 υαίιιυι
959 3002 1106 3080 'carmen
1129 3008 1241 3102 affero

99 3103 278 3182 acetrum]
314 3102 371 3165 His
390 3104 492 3168 verbis
507 3103 668 3189 praecipua
687 3104 827 3165 carminis
848 3104 939 3180 hujus
958 3102 1085 3163 intentio
1101 3101 1241 3162 contine-
1252 3106 1295 3171 ‹l-

83 3192 164 3267 stur,
180 3189 288 3266 utiam
306 3186 438 3255 diximus
458 3210 558 3275 neque
579 3199 770 3274 repetemusz
793 3187 1061 3272 cemipugunum
1081 3206 1116 3248 se
1131 3186 1240 3270 appel·
1256 3189 1291 3245 17

98 3273 143 3336 lat
154 3272 243 3359 quasi
255 3271 433 3336 inchoatum
446 3275 572 3361 po'e’tam
586 3274 679 3351 dicas,
701 3285 735 3335 ut
750 3295 816 3335 non
832 3273 953 3357 penitus
969 3265 1175 3350 insinuator,
1197 3270 1240 3333 ita

98 3360 294 3423 auistentem
306 3359 406 3437 adhuc
425 3361 456 3423 in
474 3362 588 3423 cortina
604 3370 766 3422 attentum
782 3354 973 3439 ἄκροθιγώς
990 3351 1163 3438 ἁψάμενον
1175 3358 1238 3419 τοῦ
1313 3432 1315 3437 ,

97 3441 247 3529 λέβητος.
289 3444 477 3509 Modestiam
491 3446 703 3534 appellationis
716 3446 840 3523 hujuso
884 3445 950 3505 onit
963 3444 1150 3524 arrogantiae
1162 3441 1240 3527 po'e'-

98 3541 199 3595 tarum
210 3527 512 3615 μουσοπατάκτοιν,
536 3531 576 3594 δε
596 3529 798 3615 quibusdixit
871 3530 1042 3592 otissimum
1063 3539 1127 3607 est,
1145 3536 1240 3612 paga·
1267 3548 1283 3597 -ι

96 3638 157 3681 nus
170 3626 202 3679 et
221 3614 313 3681 miles
333 3640 401 3682 esse
422 3621 490 3683 τῶν
508 3611 593 3699 πρός
612 3638 652 3680 τι.
694 3616 768 3679 Vita
787 3617 820 3677 in
842 3615 935 3677 literis
955 3616 1064 3677 militia
1087 3612 1240 3699 quaedam
1263 3652 1286 3693 ·,

98 3714 145 3766 est
169 3704 330 3789 aut'qu'asi
348 3705 470 3784 militia,
499 3715 533 3765 ut
553 3706 652 3789 placet
674 3702 917 3765 iurisconsultis:
946 3702 1012 3762 imo
1033 3721 1109 3765 voro
1131 3699 1240 3761 Latine
1328 3740 1330 3747 ·

96 3789 295 3875 loquentibus
309 3811 403 3852 omne
417 3785 615 3873 ἐπιτήδευμα
637 3801 667 3851 et
678 3788 793 3849 functio
814 3787 950 3848 muneris
970 3786 1084 3871 publici
1105 3795 1157 3846 aut
1177 3784 1239 3870 pri-

97 3874 162 3940 vati
176 3870 307 3939 militia
319 3874 440 3937 dicitur:
463 3878 566 3962 paullo
580 3876 665 3937 aliter
677 3873 792 3936 Plinius
809 3873 937 3958 epistola
952 3871 992 3933 ad
1005 3870 1139 3948 Rufum,
1160 3871 1239 3933 libro

97 3959 163 4026 VII
178 3960 240 4047 [ep.
255 3960 328 4040 25J:
357 3958 404 4024 Ut
425 3961 462 4025 in
485 3961 622 4038 castris,
646 3961 695 4023 ric
715 3958 821 4041 etium
841 3957 880 4021 ιἰι
898 3954 1010 4022 literis
1022 3955 1150 4020 nostrii
1162 3963 1240 4019 eunt

92 4044 216 4133 plures
230 4045 322 4121 cultu
331 4069 501 4146 pagano,
525 4069 605 4145 quos
620 4045 744 4110 cinctos
758 4042 961 4108 et'armutoc
975 4053 1008 4105 et
1020 4038 1159 4128 quidem
1177 4063 1237 4104 ar·

99 4130 300 4197 doctissimo
329 4132 469 4218 iugenio
495 4131 695 4218 diligentius
720 4139 893 4193 scrutatus
919 4128 1080 4192 iuvenies.
1138 4126 1240 4190 Simili

102 4218 301 4282 translatione
321 4217 398 4282 dixit
417 4219 590 4283 Lactantius
607 4219 686 4279 libro
712 4216 814 4301 primo
839 4214 877 4296 [c.
903 4220 932 4294 1,
959 4213 987 4296 ξ.
1008 4215 1060 4293 11]
1088 4222 1240 4276 oratores

97 4305 259 4370 veterani
272 4327 354 4368 sitae
362 4303 612 4393 professionis,-
633 4315 664 4366 et
680 4302 792 4366 similia
801 4302 898 4364 multa
911 4300 964 4362 alii
981 4310 1129 4361 auctores:
1171 4294 1238 4359 Pa-

90 4413 230 4477 guuue,
262 4413 333 4454 cum
360 4412 434 4456 vero
454 4389 545 4454 militi
567 4388 746 4477 opponitur,
776 4397 824 4451 est
852 4379 873 4450 δ
902 4380 1138 4468 α’στράτευτοςτ
1169 4403 1240 4444 cum
1312 4400 1313 4405 ¹
