2700 4972
368 316 430 383 AD
461 314 630 384 PERSII
657 310 880 383 SATIRAAI
904 317 970 427 IV:
1182 322 1247 388 att
1274 376 1277 385 .

102 490 264 557 definierat
276 510 346 554 esee
357 511 425 553 rem
460 490 561 578 opuli,
583 502 616 553 ut
631 500 757 554 testatur
777 489 960 571 Augustinus
975 487 1027 555 De
1043 488 1165 569 civitate
1183 488 1246 553 Dei

101 580 182 643 libro
197 575 296 641 XIX.
310 596 376 662 cap.
389 576 424 639 X
492 577 528 654 [s.
545 576 570 656 l,
592 577 643 652 25,
664 574 692 659 §a
714 575 853 657 40];.sic
876 573 989 639 Graeci
1006 576 1111 638 dicunt
1128 571 1168 640 ed
1183 579 1246 642 τοῦ

103 656 432 748 driuoumpdypucu,
461 674 495 724 ut
517 656 740 745 βουλεύεσθαι
758 657 836 738 niel
854 662 924 725 τῶν
944 662 1005 725 rori
1030 656 1140 746 δήμου
1162 672 1246 743 rupu-¹

102 745 261 833 γμιὲεωνι
287 747 372 832 quod
391 746 463 831 quid
478 748 628 829 significet
654 749 785 834 explicat
806 746 947 810 Socrates
968 748 1001 809 in
1022 749 1083 810 hoc
1103 747 1250 830 dialog05

92 838 200 899 'etiam
211 829 254 897 ed
264 827 442 915 πράγματα
455 855 512 918 pro
525 834 694 918 Republica
710 832 863 912 dixerunt,
884 844 919 894 ut
936 854 1005 895 curn
1023 835 1065 896 ait
1080 831 1246 915 Gregorius

104 923 139 984 in
159 921 319 1007 epitaphio
342 920 475 981 Caesarii
497 922 596 982 fratris
613 932 683 1004 post
703 930 861 981 mortuum
876 918 1051 984 Julianumt
1080 924 1151 997 τοῖςΙ
1163 922 1247 1000 Χρι-

107 1010 257 1154 στὲιιᾶιρῐς
271 1001 477 1069 ’ἐπανενθεῖν
500 1002 542 1070 τὰ
570 1001 765 1089 πράγματα,
803 1001 1013 1068 Christiania
1035 1026 1141 1092 remp.
1164 1019 1300 1077 canesco

108 1114 145 1156 re
198 1100 298 1155 atam.
841 1110 844 1115 ·
1131 1140 1134 1149 .

108 1206 111 1211 ·
195 1172 393 1242 Bar-bacam
409 1169 496 1238 berec
513 1174 582 1256 [leg.
607 1172 687 1254 boc,
715 1174 891 1237 auctoritate
917 1172 1030 1257 Codd]
1051 1172 1153 1240 crede
1168 1196 1248 1239 ma-

105 1261 261 1353 giatmpz
276 1259 430 1340 Dicere]
452 1260 524 1323 Non
537 1263 649 1341 solum,
664 1262 734 1346 quia
749 1264 876 1324 barbam
889 1263 990 1324 alebat
999 1259 1149 1341 Socrates,
1159 1260 1250 1348 'quod

110 1348 229 1414 Graeca
241 1346 404 1410 comoedia
418 1346 559 1422 testatur,
580 1348 742 1426 ituraea,
764 1345 820 1409 sed
853 1346 902 1408 uia
919 1344 1069 1428 Romani,
1092 1369 1162 1411 cum
1181 1368 1251 1410 ma-

109 1440 192 1518 jores
204 1434 386 1512 laudabant,
407 1432 490 1495 soliti
510 1430 625 1512 dicere,
647 1433 744 1495 caeci
766 1431 817 1512 [t]
832 1368 995 1513 liorboti,
1016 1444 1050 1496 ut
1068 1434 1102 1496 in
1116 1434 1166 1498 IV
1180 1435 1250 1517 sid,

110 1520 208 1607 §.62J
230 1519 281 1601 De
295 1520 408 1581 tinibus
418 1518 503 1580 testis
518 1517 634 1582 Cicero.
656 1517 756 1598 [Adde
770 1522 846 1581 locc.
860 1539 908 1604 ap.
921 1518 981 1599 Pl.]

93 1652 115 1685 ¹-
151 1612 154 1619 '
196 1610 230 1670 2.
244 1601 396 1668 Sorbitio
409 1599 704 1688 tollitquemdiro
719 1602 878 1683 cicutae]
892 1602 1029 1683 Quidam
1043 1600 1259 1668 codddurar·

112 1692 216 1757 minus
230 1703 328 1771 τινες
352 1692 482 1753 cicutam
494 1693 592 1775 probo
611 1701 712 1753 tusam
725 1710 761 1752 ac
782 1686 910 1771 dilutam
924 1690 1130 1776 propinabant
1147 1692 1180 1753 in
1200 1712 1253 1753 ca-

112 1781 171 1842 lice
192 1776 282 1840 mo're
294 1775 604 1838 medicamentorum:
626 1775 719 1861 idque
734 1779 822 1839 πιεῖν
841 1771 1024 1857 φάρμακον
1035 1777 1068 1838 in
1083 1775 1252 1839 Phaedone

112 1864 251 1929 Platonis
267 1863 355 1944 [init]
371 1862 487 1924 dicitur.
532 1860 672 1924 Socrates
684 1882 760 1926 vero
772 1865 905 1940 jussus'a
923 1862 1143 1925 scelestissimis
1158 1861 1268 1924 Athe-'

113 1950 347 2013 niensibusnon
365 1944 449 2027 ἔπιε,
473 1944 530 2010 sed
543 1942 683 2027 ἐξέπιεν,
705 1959 739 2010 ut
754 1948 796 2009 ait
809 1944 897 2010 Plato
917 1946 1052 2024 [Phaed.
1067 1970 1098 2033 p.
1121 1953 1192 2013 117.
1216 1946 1252 2011 G.
1332 1982 1337 2003 ·

114 2058 140 2099 s.
158 2033 188 2118 §.
205 2037 279 2117 tibh
310 2034 363 2119 qui
383 2054 489 2118 parem
509 2033 604 2094 animi
624 2034 825 2096 constantiam
847 2044 912 2095 non
935 2034 1117 2111 afferebant,
1145 2033 1253 2095 iinon

114 2122 278 2198 bibebant,
300 2119 356 2183 sed
369 2121 550 2198 sorbebant,
572 2130 605 2180 ut
619 2121 752 2204 aliquam
765 2119 913 2206 temporis
929 2121 1082 2183 morulam
1096 2120 1254 2183 lucriface-

78 2236 83 2243 ·
115 2217 200 2271 rent:
223 2204 298 2267 inde
313 2217 358 2268 est
372 2201 512 2266 sorbitio
528 2201 640 2281 ἁπλῶς
652 2227 709 2291 pro
729 2206 843 2267 cicutae
858 2206 977 2268 haustu.
1022 2202 1171 2268 Caecilius
1185 2206 1255 2287 Hy-

115 2289 223 2357 mnide
237 2290 286 2371 [ir.
301 2296 329 2355 6.
346 2289 522 2377 Spengellt
541 2287 623 2353 Sine
638 2312 740 2353 annm
754 2298 968 2353 senectutem
988 2286 1116 2352 ducat:
1136 2290 1252 2375 utique

117 2374 167 2441 od
180 2375 317 2440 aenium
331 2374 496 2438 sorbitio:
517 2379 666 2440 assentior
682 2378 766 2439 enim
782 2376 923 2463 Josepbo
938 2376 1109 2456 Scaligero,
1132 2377 1184 2461 qui
1195 2398 1255 2462 pu-

69 2472 71 2477 '
117 2476 161 2528 tat
171 2465 303 2527 alluaum
318 2461 358 2525 ad
372 2462 505 2526 Ccorum
517 2465 628 2544 legem,
649 2484 728 2551 quae
742 2463 956 2543 sexagenarios
972 2484 1062 2525 senes
1073 2464 1198 2541 jubebat
1212 2461 1256 2524 ci-

119 2561 222 2613 cutam
239 2551 353 2613 bibere.
376 2547 435 2629 [ad
448 2548 536 2613 Van.
555 2572 585 2635 p.
613 2553 701 2629 ten]
747 2548 829 2613 Sane
848 2550 900 2610 illa
920 2550 1023 2613 sabula
1047 2546 1172 2610 Caecilii
1192 2559 1256 2623 tota

119 2632 253 2712 Graeca,
276 2658 316 2698 ex
327 2633 488 2696 Menandri
498 2635 655 2717 Hymnide
668 2656 770 2716 versa,
793 2637 877 2714 cujus
889 2634 1094 2696 meminerunt
1104 2633 1258 2697 Athenae-

119 2742 157 2786 us
169 2722 225 2784 lib.
235 2720 293 2784 VI.
308 2731 338 2783 et
350 2720 523 2801 Hesychius
536 2722 584 2784 bis
598 2722 630 2783 in
645 2715 791 2804 βᾶκνλος
806 2732 836 2782 et
851 2719 1011 2802 παρνφίς.
1122 2772 1125 2779 .
1252 2734 1255 2740 ’

207 2812 238 2872 8.
261 2799 516 2889 Quo-fretuuP]
530 2800 621 2891 “Onp
639 2801 823 2879 πιστεύωνς
844 2807 886 2868 ait
909 2804 1049 2868 Socrates
1066 2802 1106 2866 ad
1128 2802 1260 2867 Alcibia-

120 2892 211 2957 dem:
232 2895 295 2955 hoc
309 2904 369 2972 est,
399 2913 458 2978 qua
474 2893 610 2956 maxime
628 2906 691 2956 arte
711 2892 887 2971 confidens,
908 2901 943 2952 ut
963 2890 1069 2957 Cicero
1087 2890 1120 2953 in
1141 2888 1262 2952 Tuscu-

209 3060 358 3128 Diulroc
373 3063 402 3141 [e
416 3061 513 3129 Codd.
530 3063 645 3148 aliquot
661 3086 679 3126 a
695 3086 771 3127 recc.
786 3062 971 3149 repositum:
994 3066 1032 3144 o]
1055 3058 1178 3146 magni
1192 3079 1263 3142 pu-

119 3146 213 3237 pilte
230 3147 389 3229 Pericli]
412 3149 488 3228 Dic,
510 3149 699 3228 Alcibiades,
725 3151 776 3235 qui
795 3152 877 3211 nulla
898 3171 932 3213 re
952 3148 1031 3212 adeo
1047 3147 1168 3231 gloriari
1181 3146 1262 3208 soles

122 3239 326 3323 quam-tutela
342 3235 480 3299 Periclis:
501 3237 635 3321 respexit
649 3234 689 3298 ad
707 3237 765 3298 ista
786 3234 932 3315 Socratis,
954 3236 1007 3321 qui
1027 3244 1190 3321 postquam
1206 3250 1263 3295 va-

122 3325 168 3387 ria
178 3323 350 3400 recitasset,
373 3323 482 3407 quibus
495 3324 590 3382 fretus
606 3321 777 3386 Alcibiades
796 3323 958 3400 magnifice
976 3321 1055 3384 adeo
1078 3317 1117 3381 de
1137 3328 1172 3380 ‘se
1189 3338 1263 3380 sen-

122 3410 235 3482 tiebat,
265 3420 338 3493 puta
363 3428 474 3489 genus,
505 3409 654 3486 sormam,
678 3429 769 3493 opes,
792 3405 927 3490 addit[§.
943 3409 991 3487 ἧς
1015 3401 1212 3487 ξυμπάντων
1227 3398 1266 3465 dl:-

124 3483 175 3560 dv
188 3486 286 3558 εἷπον
299 3491 395 3571 μείζω
416 3491 479 3556 olet
498 3505 552 3556 σοι
572 3488 716 3575 δύναμιν
727 3487 888 3575 ὑπάρχειν
906 3489 1070 3572 Περικλέα
1090 3486 1151 3571 cdv
1170 3488 1315 3561 Euuaaer

124 3580 285 3658 aunon,
297 3573 338 3643 dv
355 3575 374 3644 ὁ
393 3575 500 3661 πατὴρ
514 3573 692 3659 ἐπίτροπον
708 3576 857 3644 κατέλιπε
873 3576 927 3643 dot
940 3600 974 3643 τε
989 3575 1045 3643 καὶ
1061 3579 1108 3660 uqi
1121 3571 1265 3656 ἀδελφῷ.

212 3665 245 3731 4·
269 3661 410 3727 Scilicet
428 3662 609 3752 ingenium
633 3672 669 3727 et
688 3684 804 3729 rerum
856 3661 1019 3729 audentio
1046 3661 1148 3727 velox
1171 3658 1265 3722 Ante

123 3750 218 3841 pilea
231 3749 356 3831 venit]
380 3752 520 3815 Socrates
540 3750 687 3814 Alcibiadi
709 3750 755 3835 [§.
779 3684 855 3831 Abii
885 3746 957 3835 ᾤου
982 3742 1048 3831 ἄρα
1069 3745 1266 3813 ἐπίστασθαι

127 3837 184 3905 aut
199 3842 279 3913 παῖς
294 3833 342 3901 civ
360 3834 401 3901 ccl
420 3836 532 3901 δίκαια
552 3832 606 3900 καὶ
623 3831 664 3900 τοὶ
685 3834 804 3900 ἄδικαι
825 3856 939 3923 nempe
956 3858 996 3899 ex
1018 3836 1164 3922 opinione
1186 3832 1268 3894 Alci-

128 3924 228 3989 biadis
242 3926 303 3987 hoc
317 3924 470 4003 Socrates,
493 3924 545 4008 qui
563 3945 581 3986 e
602 3919 843 3986 contrario‘alibi
858 3920 941 4009 apud
958 3922 1119 3986 Plutonem
1131 3940 1268 4004 pronun-

129 4013 202 4075 tiat:
229 4009 379 4074 Beatum
396 4009 454 4073 cui
466 4010 575 4071 etiam
594 4007 630 4070 in
652 4016 827 4071 senectute
849 4006 1048 4095 contigerit,
1072 4014 1109 4068 ut
1125 4004 1268 4090 cupien-

118 4096 223 4168 tium
241 4117 407 4182 vernaque
424 4093 603 4179 opiniones
618 4092 757 4180 eccequi
763 4092 901 4181 poenit:
923 4104 955 4157 ut
966 4096 1058 4157 refert
1073 4091 1179 4156 Cicero
1192 4091 1226 4150 in
1236 4087 1269 4149 V

131 4182 302 4247 Definibus
310 4184 371 4261 [21,
382 4181 408 4265 §-
419 4183 482 4260 58].
501 4180 666 4261 Gregorius
681 4202 802 4266 quoque
808 4180 1018 4245 Nazianzenus
1027 4180 1059 4241 in
1071 4174 1268 4263 Apulogetico

131 4292 189 4356 pro
208 4270 334 4356 seipsos
353 4264 533 4351 ἀγαπητὸν,
553 4263 618 4351 ὅτῳ
632 4262 696 4352 ndu
713 4265 758 4341 εἰς
771 4261 863 4349 βαθὺ
874 4269 980 4350 γῆρας
998 4261 1098 4346 λόγος
1112 4255 1269 4344 ἀφίκοιτο

131 4350 259 4430 πολιός.
281 4355 401 4429 Persius
417 4376 490 4418 vero
505 4356 566 4416 hoc
579 4374 671 4419 versu
685 4354 800 4439 aliquot
811 4354 938 4439 paginas
946 4354 1125 4438 complexus
1136 4356 1190 4424 est,
1204 4344 1271 4431 qui-

132 4445 191 4509 bus
206 4441 340 4529 disputat
352 4442 492 4506 Socrates
506 4438 587 4527 apud
598 4438 759 4504 Platonem
772 4436 975 4516 Alcibiadem,
995 4437 1126 4524 quitum
1139 4441 1203 4495 erat
1215 4450 1271 4492 an-
