2700 4972
89 338 135 400 a
378 390 381 397 .
464 296 876 416 conueurr'mus

91 503 216 569 Proclus
239 501 322 589 apud
338 490 549 589 Epiphaniam
568 506 672 567 contra
693 500 864 582 Origenem
884 498 1018 587 defluus
1035 516 1134 579 grano
1155 492 1242 559 idem
1267 504 1270 509 '

94 589 167 652 dicit
180 600 211 653 et
223 576 292 651 tuse
305 589 443 675 explicat,
457 586 570 650 nonde
583 588 731 675 caprifici:
744 609 838 673 quam
845 589 988 649 arborem
995 581 1106 649 Graeci
1113 576 1244 662 ἐρινεὸν

94 678 147 741 uel
160 667 308 741 ὄλυνθοι)
317 673 386 756 [sed
393 695 423 738 v.
434 672 579 737 Schneid.
588 674 663 736 Lex.
672 695 697 736 s.
708 673 762 753 v.],
785 672 934 735 Messenii
950 663 1076 753 τράγον
1089 669 1184 754 [quae
1199 679 1245 731 est

98 756 287 848 saxifraga
305 758 453 824 airardus
469 761 514 837 L.3
536 781 568 823 v.
583 757 728 822 Schneid.
750 759 793 838 v.]
816 760 979 839 uocabant.
1022 754 1126 817 Etiam
1145 751 1245 816 hede-

98 867 151 908 rae
164 847 212 909 uis
225 844 353 909 eadem:
376 845 410 907 in
431 842 588 907 Boeoticis
611 844 649 924 [c.
670 849 722 908 33.
744 865 777 928 p.
796 848 869 907 777.
884 841 1024 916 Kuehn.]
1047 850 1152 903 narrat
1166 839 1247 903 Pau-

97 930 199 995 sanias
212 931 373 996 Minervae
386 933 536 1016 templum
555 930 757 993 Alalcomenis
770 950 825 991 sua
844 939 944 990 aetate
963 926 1154 1004 concidisse,
1177 945 1246 987 cum

95 1018 199 1080 innata
217 1015 332 1080 hedera
344 1017 376 1079 in
392 1016 600 1085 commissuris
616 1036 762 1079 saxorum
783 1035 820 1075 ea
839 1008 1022 1093 disjecissec'
1061 1011 1113 1075 De
1131 1011 1246 1090 virgiti-

97 1103 137 1166 tis
151 1100 236 1165 idem
246 1113 348 1188 potest
364 1103 538 1166 obseruari:
563 1099 763 1165 Cassiodorus
784 1101 862 1161 libro
879 1097 920 1162 ΙΙ.
936 1098 976 1161 ad
991 1098 1132 1161 dicisum
1146 1096 1247 1159 archi-

96 1198 229 1253 tectum:
256 1184 299 1252 V
295 1186 427 1274 irgnlta
442 1187 679 1274 quoqueaoxia
685 1185 943 1270 importunitate
955 1180 1139 1249 nascentia
1152 1179 1247 1247 eval-

93 1272 145 1337 sis
164 1271 343 1358 cespitibus
358 1269 578 1358 artferantur,
599 1294 643 1335 ne
656 1268 817 1336 radicum
836 1268 981 1357 quitiam
1002 1267 1124 1355 capilli
1135 1264 1245 1354 paui-
1267 1310 1270 1314 -

98 1356 201 1422 latim
224 1367 397 1444 turgentes
416 1354 641 1446 fabricarum
666 1354 851 1420 visceribus
870 1356 1074 1420 inserantur
1095 1362 1129 1418 et
1151 1374 1246 1417 nwrc

20 1482 23 1493 ·
95 1438 236 1529 vipereo
249 1441 388 1529 prolem
407 1442 473 1525 sibi
486 1441 725 1522 foecunditate
748 1441 926 1506 contraria
944 1439 1125 1520 nutriant,
1154 1436 1244 1503 unde

97 1551 267 1614 secampa
295 1550 452 1592 ocasura
469 1528 676 1613 disrumpat.
735 1528 737 1533 ’
837 1612 839 1616 λ

184 1619 235 1679 26-
256 1551 316 1688 ἔνι
341 1613 463 1700 pallor
483 1613 696 1700 seniumque!
727 1613 924 1693 omoresi]
963 1610 1057 1675 Sexta
1083 1609 1246 1697 particula,¹

96 1698 337 1784 increpationem
358 1710 389 1761 et
414 1698 658 1780 indignationem
682 1698 779 1762 Persii
803 1700 981 1778 continens,
1009 1700 1051 1761 ob
1071 1696 1240 1777 uanitatem

46 1785 81 1841 77
97 1785 234 1849 istorum.
257 1782 417 1866 Ergone,
434 1786 492 1864 ait,
514 1786 547 1849 in
561 1806 598 1848 ea
609 1797 749 1871 tempora
765 1783 957 1862 devenimus,
977 1796 1090 1847 utnon
1100 1784 1136 1845 in
1146 1782 1239 1845 elium

96 1872 193 1934 finem
205 1870 299 1933 literis
310 1869 468 1934 insudetur
480 1892 573 1956 quam
587 1870 625 1933 ad
644 1872 880 1934 ostentationem
891 1869 1032 1951 ingenii?
1249 1936 1256 1945 ‚

148 1962 150 1969 '
186 1952 384 2042 Opallor.]
411 1956 449 2019 ln
469 1958 555 2019 tertia
578 1956 666 2038 [85]:
689 1954 826 2020 Hocest
848 1956 938 2042 quod
957 1952 1092 2041 pallam
1116 1950 1240 2033 Qtrinti·

15 2117 17 2125 y
95 2042 195 2104 lienus
207 2041 338 2126 septima
349 2043 538 2104 institutione
554 2047 591 2116 [c.
608 2048 657 2120 10,
675 2040 703 2124 d.
720 2041 786 2121 14]:
808 2063 907 2103 nemo
921 2048 1081 2125 expectet,
1105 2048 1143 2103 nt
1159 2037 1241 2104 alie-

97 2136 297 2191 natantum
314 2123 431 2190 latore
457 2127 503 2190 sit
525 2124 692 2190 disertus:
716 2125 939 2212 vigilandum
963 2124 1087 2204 ducat,
1118 2125 1260 2190 iterum.

97 2210 314 2290 enitendum,
334 2209 546 2298 patiendam.
589 2212 717 2275 Palloris
730 2215 820 2293 hujus
835 2211 911 2275 duas
928 2221 1049 2276 caussas
1063 2211 1154 2274 effert
1167 2210 1242 2275 Phi-

19 2374 22 2379 ,
96 2299 147 2363 lo:
168 2298 281 2369 laboris
300 2297 508 2361 assiduitatem
526 2310 557 2361 et
578 2320 666 2385 spem
689 2299 836 2360 incertam
859 2299 955 2360 finem
976 2308 1116 2383 optatum
1136 2316 1242 2359 conse-

3 2410 6 2415 1
97 2382 228 2469 quendi:
251 2384 293 2445 ait
307 2384 340 2445 in
353 2383 529 2464 Allegoriis:
559 2377 663 2466 ὠχροὶ
684 2383 718 2447 oi
739 2380 775 2448 ἐν
797 2379 935 2466 ἀσκήσει
958 2379 1015 2447 dici
1029 2404 1063 2448 ae
1079 2379 1141 2461 uda
1162 2377 1243 2462 uod·

96 2488 199 2552 χοντα
212 2462 321 2531 πόνον
342 2465 399 2532 nai
412 2465 468 2534 dii
484 2466 559 2546 δέος
571 2472 633 2533 τοῦ
656 2465 700 2552 μή
715 2473 826 2552 τυχεῖν
843 2464 885 2534 iia
901 2468 981 2545 ἴσως
1001 2471 1064 2534 τοῦ
1086 2461 1165 2532 κατ’
1187 2460 1242 2531 eti-

95 2549 158 2638 tit
178 2549 311 2628 τέλους.Ι
342 2556 455 2616 omittit
474 2558 672 2642 praecipuam
698 2577 853 2635 caussam,
883 2556 1018 2640 corporis
1038 2555 1190 2618 incuriam
1213 2561 1242 2616 et

96 2640 182 2721 genii·
194 2638 474 2720 defraudationem,
497 2664 574 2726 quae
589 2643 647 2703 fuit
662 2641 811 2714 Veterum
826 2643 980 2704 contentio
998 2642 1032 2704 in
1053 2639 1169 2714 studiis,
1188 2637 1241 2703 ad-

95 2726 258 2788 miratione
273 2723 382 2805 digna:
406 2725 548 2789 describit
562 2728 665 2790 multis
679 2727 822 2791 Aretaeus
838 2728 935 2813 capite
950 2726 989 2789 de
1004 2728 1166 2790 affectibus
1181 2736 1242 2789 sto-

95 2811 201 2875 machi
221 2811 252 2891 [i.
268 2832 295 2874 e.
310 2816 342 2886 6]
360 2812 442 2874 utro
459 2810 512 2892 [li]
536 2812 586 2876 De
599 2813 747 2876 diuturnis
766 2814 900 2876 morbis:
932 2815 1036 2893 legant
1055 2810 1189 2876 studiosi
1206 2811 1242 2873 il-

96 2900 162 2960 lum
183 2899 304 2977 locum,
339 2908 386 2959 est
406 2899 489 2960 enim
510 2900 751 2979 elegantissimus
772 2911 802 2960 et
823 2894 914 2985 plane
941 2899 1170 2961 memorabilis:
1199 2896 1242 2959 iti
1270 2912 1275 2924 “

94 2983 187 3064 igitur
200 2981 240 3044 de
255 2981 436 3045 abstinentia
453 2986 505 3047 vel
522 2985 624 3070 potius
640 2987 724 3047 {ame
743 2996 882 3047 veterum
901 2985 1088 3047 erudimrum
1114 2986 1240 3069 loquens

95 3068 173 3131 inter
190 3079 306 3131 caetera
322 3071 399 3133 haec
421 3070 525 3132 scribit
552 3076 593 3157 [p.
618 3072 668 3136 57.
693 3069 839 3145 Boethi:
873 3062 961 3134 οἶσιν
988 3063 1155 3153 descedit
1183 3063 1240 3151 μὲν

82 3153 224 3237 ,διαίτης
238 3148 345 3237 dieis
360 3151 416 3219 καὶ
430 3154 598 3239 ποικίλης,
621 3152 715 3239 λιμὸς
731 3152 766 3220 δὲ
784 3149 999 3240 desociati
1018 3151 1112 3236 dicto
1123 3148 1238 3220 ’ποτὸν
1267 3156 1269 3160 ’

95 3235 319 3325 naiteinins
341 3235 486 3324 idaeis:
507 3242 578 3322 liis,
601 3243 713 3328 inquit,
735 3253 920 3306 contemtus
942 3241 1028 3306 inest
1047 3241 1160 3304 victus
1182 3263 1238 3304 oo-

15 3354 16 3361 *
90 3325 186 3412 piosi
197 3342 239 3387 'ac
261 3325 374 3401 earii3
389 3348 461 3411 pro
477 3327 550 3391 cido
565 3339 615 3395 est
630 3330 763 3409 famem
783 3350 849 3414 pro
865 3338 955 3412 pota
978 3337 1026 3392 est
1043 3349 1153 3414 aqua3
1170 3346 1238 3413 pro

94 3431 214 3474 somno
237 3408 422 3476 insomnia.
473 3412 594 3478 Persius
618 3414 714 3495 tangit
731 3414 763 3475 in
782 3415 869 3476 tertia
888 3413 968 3494 [85]:
992 3435 1053 3476 car
1072 3412 1148 3501 quis
1170 3432 1239 3476 non

89 3493 285 3584 prandeat,
305 3497 368 3559 lroe
386 3493 458 3561 est?

181 3580 404 3668 Seninmqae.]
427 3581 572 3647 Aretaeus
590 3581 709 3645 ibidem
725 3583 768 3690 [p.
786 3583 826 3648 57
845 3583 912 3663 Ei:
935 3581 1045 3648 τοῖσδε
1063 3570 1128 3647 οὖν
1145 3603 1239 3666 cnm-
1276 3667 1279 3671 Ι

96 3661 166 3731 doio
190 3663 250 3749 μὲν
268 3671 329 3732 τοῦ
353 3661 509 3750 σκήνεος,
532 3665 650 3750 ἄχροοι
665 3666 720 3732 καὶ
736 3691 771 3733 εν
786 3664 916 3752 νεότητι
930 3665 1087 3754 γηραλέον
1108 3666 1167 3751 aui
1183 3661 1238 3733 ὑπ’

95 3749 225 3834 ἓννοίης
235 3750 364 3837 κωφοὶ,
387 3749 498 3838 ψυχήν
518 3751 553 3819 di
574 3750 736 3837 ἅμειδὲες,
766 3747 947 3838 ἆμείλιχοιε
977 3755 1161 3819 comitatur
1181 3753 1240 3818 tos

95 3838 248 3937 corporis
272 3839 384 3916 tabes3
416 3851 492 3903 siant
509 3838 641 3926 pallidi
648 3888 656 3917 ,
693 3839 922 3926 injuventute
943 3864 1055 3918 series,
1079 3838 1120 3904 od
1145 3840 1241 3927 cogi-

94 3933 262 3989 tationem
273 3926 375 4000 mati,
400 3924 553 3989 animoa
571 3925 643 3990 risu
659 3924 789 4005 aliato,
815 3926 975 3990 iussiones
1000 3937 1032 3990 et
1050 3925 1238 3989 incommo-

47 4052 50 4057 «
96 4005 159 4083 tii;
180 4009 223 4071 ita
243 4000 438 4074 scribendum
455 4023 516 4076 est:
548 4012 668 4074 namin
693 4011 782 4074 editis
800 4014 884 4076 libris
902 4036 958 4100 pro
980 4009 1090 4094 κωφοὶ
1111 4011 1239 4078 ridiculo
1277 4016 1280 4025 '

96 4116 197 4157 errore
212 4098 338 4178 κοῦφοι
354 4098 499 4189 scriptum
516 4109 562 4161 est
570 4097 664 4183 [quod
678 4109 781 4159 tamen
798 4101 949 4184 explicare
972 4110 1067 4161 tentat
1079 4097 1160 4160 Petr.
1182 4097 1240 4161 Pe-

43 4184 80 4239 78
95 4182 168 4244 titus
187 4201 220 4266 p.
241 4182 315 4260 205,
337 4182 394 4246 sed
413 4183 529 4246 infelici
549 4183 699 4262 eventui:
720 4182 753 4244 id
770 4187 852 4263 vult,
874 4183 957 4269 quod
974 4186 1041 4246 aliis
1059 4185 1164 4247 verbis
1187 4205 1240 4246 ex-

96 4288 237 4353 pressum
252 4288 271 4329 a
288 4267 394 4332 Persio
413 4266 481 4348 [IlI‚
500 4269 554 4348 80]
581 4267 723 4354 Obstipo
746 4269 857 4355 capite
880 4280 912 4334 et
935 4264 1085 4357 figentes
1114 4267 1241 4332 lamine

96 4363 246 4417 terram:
266 4375 400 4439 namque
420 4354 452 4417 in
471 4355 596 4433 aiicujus
618 4355 662 4417 rei
686 4355 869 4434 cogitatione
891 4369 963 4419 sunt
983 4356 1040 4419 toti
1060 4377 1119 4418 nec
1135 4353 1243 4418 vident

95 4458 153 4501 nec
172 4437 315 4504 audiunt:
339 4435 422 4525 quod
445 4442 589 4526 exemplo
612 4460 668 4504 suo
689 4443 830 4527 probavit
849 4441 1056 4504 Archimedes.
1102 4439 1242 4506 Senium
