2700 4972
95 342 163 408 2ῒο
372 364 380 375 ’
469 328 880 405 COMMENTARIUS

97 509 354 601 pronuntiabant:
374 508 507 575 eandem
518 512 559 572 ob
576 498 716 572 caussam
726 506 812 595 prius
828 507 1004 570 membrum
1020 504 1117 567 etiam
1128 504 1172 569 sic
1186 524 1228 567 er·

98 602 249 661 tulerunt:
273 591 325 659 ὅτι
344 598 409 671 πᾶς
428 591 447 659 ὁ
470 589 600 670 ἀστεῖος
616 589 810 676 ἐλεύθερος,
831 604 866 655 ut
887 589 970 677 apud
985 590 1167 673 Philonem3
1273 660 1278 669 ,

99 680 210 768 σοφὸς
226 680 304 744 dixit
317 676 456 758 ἀστεῖος,
478 682 626 765 quoniam
640 681 694 764 qui
707 681 829 766 sapiens
846 688 986 755 nonest,
1007 698 1052 739 ne
1064 698 1167 739 comm
1203 696 1229 740 u
1272 672 1280 697 ‘

5 760 8 767 ’
100 770 229 858 quidem
242 778 289 830 est
300 780 353 829 aut
361 766 557 830 mediocriter
572 770 685 843 bonus,
708 765 765 828 sed
779 766 892 826 malus:
914 782 1010 825 nemo
1025 762 1113 825 enim
1126 762 1230 849 sapieu
1274 760 1280 843 j

51 928 55 937 .
102 868 150 920 est
168 878 208 933 ex
221 864 322 939 perte,
347 863 398 914 aut
415 853 529 930 malus,
551 863 584 912 ut
600 851 776 915 Stoicorum
796 851 854 911 suit
869 848 1030 912 sententia.
1075 846 1232 910 Duaesmt
1275 856 1280 907 t

70 960 77 971 “
101 945 193 1022 hujus
205 938 351 1002 enuntiati
362 948 479 1023 partes:
492 938 576 1023 prior
589 936 628 1000 de
640 938 779 1000 libertate
793 935 945 1021 sapientis,
963 934 1120 1019 posterior
1133 932 1171 995 de
1181 954 1231 995 ser-
1275 918 1280 954 ¹

103 1031 200 1093 vitute
212 1023 397 1110 insipientie
418 1034 578 1109 utramque
595 1020 713 1103 ordine,
737 1044 799 1107 quo
815 1021 884 1084 heic
896 1030 1066 1107 ponuntur,
1086 1018 1232 1107 separatim
1276 1054 1280 1065 ·

104 1123 212 1177 tractet
231 1110 362 1173 Persius.
411 1107 564 1194 Principio
582 1109 697 1171 thesim
719 1106 806 1195 ponit
825 1116 857 1168 et
875 1105 1011 1169 instituto
1039 1126 1099 1168 suo
1127 1124 1232 1167 eccon-
1277 1100 1280 1126 ²

105 1196 231 1262 modat:
259 1187 449 1258 libertate
470 1200 569 1279 opus
592 1216 701 1274 esse,
731 1214 767 1255 ac
785 1192 932 1279 quoniam
948 1192 1158 1273 homonymia
1176 1192 1233 1251 latet
1277 1176 1280 1211 l

105 1285 140 1347 iu
151 1266 231 1347 voce
249 1277 404 1358 libertas,
425 1300 505 1364 quae
519 1280 642 1343 liberta's
656 1281 708 1341 ille
722 1280 771 1358 sit,
792 1298 886 1364 quam
900 1272 1233 1340 dicetnecessariamed
1278 1272 1280 1353 f

105 1372 205 1434 vitam
227 1368 307 1429 bene
328 1363 562 1445 instituendam,
583 1376 723 1427 accurate
740 1362 885 1442 ostendit,
908 1382 1047 1425 errorem
1069 1362 1156 1445 vulgi
1174 1382 1233 1423 cou-

105 1458 224 1530 futans,
248 1450 300 1535 qui
311 1450 402 1512 aliam
413 1451 585 1513 libertatem
602 1449 661 1514 nisi
676 1452 799 1515 civilem
819 1461 851 1512 et
871 1470 906 1510 co
944 1468 1053 1511 oreem
1068 1470 1135 1511 non
1152 1466 1233 1529 agno

108 1542 231 1604 scebat:
248 1538 358 1623 probet
376 1536 471 1606 firmis
490 1536 659 1599 rationibus
677 1558 744 1598 non
764 1537 860 1615 hanc,
879 1555 914 1599 se
957 1534 1057 1597 animi
1080 1534 1234 1597 libertem
1260 1544 1264 1549 '

108 1646 187 1703 esse,
209 1643 288 1706 quae
300 1623 361 1683 hoc
373 1616 501 1683 nomine
514 1621 553 1684 sit
566 1643 641 1686 vere
657 1620 766 1702 dignae
786 1632 856 1683 tum
873 1630 977 1683 autem
996 1619 1085 1683 unde
1101 1630 1133 1683 et
1142 1620 1233 1705 quibu
1258 1640 1264 1650 ·

108 1709 277 1774 rationibus
298 1708 376 1769 haec
393 1707 433 1770 sit
453 1708 598 1792 parabilis
621 1718 652 1769 et
672 1708 741 1793 quis
762 1706 889 1769 demum
914 1705 1088 1769 censendus
1107 1706 1148 1769 sit
1165 1704 1234 1767 illan

107 1816 182 1861 vere
196 1804 392 1871 consecutus,
412 1794 565 1855 luculente
585 1792 790 1856 demonstret:
812 1794 855 1855 ita
875 1812 944 1877 pars
963 1792 1051 1876 prior
1069 1790 1234 1859 absolvitur

108 1892 218 1968 postea
230 1879 386 1957 subjicitur
396 1880 498 1956 altera,
519 1899 597 1965 quae
611 1881 650 1941 ab
669 1880 724 1942 illo
743 1900 835 1942 versu
847 1876 953 1958 [124]:

57 1968 111 2029 407
196 1961 307 2027 Liber
319 1982 405 2051 ego.-
426 1958 519 2025 unde
538 1962 662 2026 datum
678 1962 743 2027 boc
761 1962 886 2039 sumis,
908 1969 957 2024 tot
971 1956 1112 2025 subdite
1124 1956 1234 2023 robert

109 2050 230 2115 initium
240 2052 347 2113 hebet:
368 2048 438 2111 heic
453 2070 533 2135 quae
548 2061 578 2112 et
593 2071 686 2134 quarn
701 2048 775 2113 dure
787 2050 933 2114 vitiorum
947 2048 1079 2113 servitus
1091 2047 1141 2122 sit,
1158 2048 1235 2109 uber-

110 2138 167 2200 tim
190 2134 324 2198 docetur.
372 2133 493 2197 Profert
511 2138 652 2221 exempla
671 2136 844 2223 pigrorum,
873 2154 1055 2213 avarorum,
1079 2133 1234 2196 luxuriosu-

41 2231 202 2304 neopum,
232 2218 481 2297 ambitiosorum,
509 2240 546 2282 ec
566 2232 726 2308 postremo
747 2222 1045 2310 superstitiosorumr
1072 2240 1181 2291 omnes
1197 2212 1236 2279 isli

10 2354 13 2361 -
110 2330 205 2395 quam
227 2305 403 2369 difficilibus
429 2306 564 2370 serviant
590 2306 741 2387 dominis,
776 2320 808 2370 et
835 2306 960 2393 quidem
983 2307 1125 2391 pluribus
1151 2302 1235 2381 simvl,

110 2395 207 2480 aperit
219 2402 325 2454 noster
337 2392 388 2451 hic
404 2389 526 2469 doctor,
548 2402 638 2476 atque
656 2391 690 2454 id
701 2403 788 2471 ,tenta
810 2388 963 2475 ἐναργείᾳ
982 2404 1014 2455 et
1026 2392 1196 2469 evidentia,
1211 2396 1238 2449 ut

111 2502 176 2542 non
194 2490 259 2539 tam
278 2476 380 2538 dicere
396 2473 538 2539 videatur
556 2498 651 2563 quam
677 2478 848 2545 ostendere.
897 2478 944 2542 lta
961 2477 1087 2541 Persius
1114 2466 1238 2541 distinlte
1272 2472 1280 2547 l

111 2575 231 2652 partem
242 2572 402 2645 utramque
416 2560 566 2646 paradoxi
580 2564 665 2626 istius
683 2566 829 2645 tractavit,
850 2586 915 2626 non
927 2561 1051 2626 mixtim
1070 2573 1101 2627 et
1116 2564 1238 2639 conflue

111 2647 196 2737 quod
211 2647 317 2712 Cicero
332 2647 449 2710 feritet
468 2668 577 2710 omnes
600 2650 667 2727 alii,
688 2670 821 2735 quorum
839 2650 949 2737 scripta
968 2650 1124 2713 habemus
1141 2646 1239 2711 liodio:

110 2754 208 2799 unum
235 2733 355 2819 excipio
374 2730 539 2795 Philonem
561 2732 732 2814 Judaeum,
764 2736 816 2822 qui
840 2735 961 2799 duobus
983 2736 1070 2798 libris
1089 2732 1241 2823 separatim
1277 2778 1280 2805 ,

110 2824 173 2885 hoe
190 2820 300 2884 scitrmr
315 2816 438 2882 Stoicae
451 2820 576 2882 scholae
591 2822 803 2906 explicaverat,
824 2820 881 2886 sed
894 2820 1001 2884 ordine
1015 2820 1159 2885 diversor
1177 2836 1242 2881 uem

110 2908 196 2995 prior
214 2909 279 2986 ejus
294 2906 371 2969 liber
391 2902 430 2966 de
442 2906 589 2979 servitute
608 2907 667 2967 fuit
686 2910 856 2988 malorum,
878 2906 1031 2995 posterior
1050 2905 1091 2969 de
1115 2908 1241 2971 libanu

110 2992 274 3080 sapientis:
295 2992 347 3077 qui
363 2992 448 3053 solus
465 2988 505 3053 ad
526 3012 584 3054 nos
598 2994 753 3077 pervenit,
776 3014 847 3057 cum
866 2994 1027 3079 priorille,
1050 2990 1241 3079 quodsu'uur,
1271 3016 1275 3025 ·

111 3100 176 3142 non
190 3088 282 3141 extet.
324 3075 420 3139 Porro
435 3096 501 3139 uon
515 3077 609 3163 primi
623 3077 735 3158 Stoici,
758 3100 830 3141 cum
849 3078 889 3141 de
910 3079 1020 3143 vinute
1033 3098 1072 3141 ec
1091 3078 1170 3143 vitio
1188 3074 1243 3141 clis-

111 3174 269 3251 putarent,
299 3160 444 3225 libertatis
470 3172 501 3224 et
521 3164 675 3227 servitutis
695 3184 790 3232 voces
816 3184 836 3227 e
860 3164 1038 3251 corporibus
1065 3162 1107 3228 ad
1133 3164 1243 3227 enims

111 3251 341 3314 transtulerunt:
360 3248 428 3333 ipse
449 3247 533 3309 enim
552 3270 654 3312 rerum
676 3261 782 3313 natura
806 3262 836 3314 et
853 3250 1004 3337 prioribus
1016 3248 1148 3313 Zenone
1169 3248 1243 3312 ideut

112 3356 209 3415 genus
223 3332 344 3396 dicendi
354 3334 513 3413 suggessit,
534 3344 565 3395 et
578 3346 650 3420 post
661 3334 823 3400 Zenonem
837 3338 930 3400 etiam
946 3336 1030 3416 aliis,
1053 3336 1106 3423 qui
1118 3336 1161 3399 ds
1170 3330 1244 3399 Stui·

113 3422 156 3522 cis
178 3422 256 3521 nihil
277 3419 473 3565 ⁰⁰gilib³m²
503 3415 607 3483 Grates
623 3420 813 3523 ihebanm,
836 3423 973 3499 Zenonis
994 3418 1244 3511 praeceptumde

111 3528 164 3601 mi
187 3515 797 3676 iiidieririnoivudimiiiididievdddiluroe
814 3588 873 3657 καὶ
891 3586 1060 3669 tarenos

194 3670 385 3741 'Aseraeus
400 3675 569 3760 βασιλείαν
590 3674 787 3757 ἐλευθερίαν
806 3673 836 3743 τ’
852 3672 1016 3761 ἀγαπῶσι.

112 3761 162 3825 Ex
191 3762 287 3826 hortis
308 3758 456 3842 Gargettii
473 3761 607 3827 doctoris
632 3785 700 3827 vox
718 3766 770 3827 illa
791 3768 944 3851 profertur
968 3786 987 3828 a
1007 3762 1128 3829 seneca
1155 3760 1244 3851 [epist.

112 3847 225 3928 Vllllr
244 3846 487 3933 philosophiae
509 3846 640 3913 servios
655 3858 807 3935 oportet,
830 3860 869 3915 ot
887 3845 952 3915 tibi
970 3849 1245 3941 contingetem

68 3968 72 3983 ι
113 3931 277 4009 libertos3
305 3938 369 4015 jam
389 3955 464 3998 vero
494 3936 526 3997 in
547 3934 630 4001 Novi
657 3936 792 4002 foederis
810 3938 894 4001 libris
922 3956 1017 4039 quem
1042 3938 1105 4000 siut
1132 3938 1246 4001 crebros

61 4031 114 4088 408
123 4019 302 4099 hujusmodi
324 4019 511 4100 locutiones,
533 4043 627 4084 nemo
645 4023 784 4105 ignorat:
817 4046 882 4087 non
903 4022 995 4103 igitur
1007 4023 1103 4109 primi
1125 4034 1178 4087 eut
1194 4018 1246 4085 soli

112 4106 210 4171 Stoici
222 4108 282 4167 hoc
302 4105 494 4192 paradoxum
515 4111 717 4195 protulerunt,
739 4108 795 4173 sed
809 4120 968 4195 acceptum
986 4112 1026 4173 ab
1053 4110 1121 4174 aliis
1136 4108 1246 4175 studio-

111 4194 175 4257 sius
190 4192 415 4255 confirmarunt.

1 4275 3 4282 ’
198 4273 283 4343 Non
304 4275 389 4352 bac,
417 4284 456 4338 ut
480 4276 622 4365 quisque
649 4273 689 4343 V
685 4276 780 4341 atina
806 4274 952 4343 Publius
971 4278 1157 4361 emeruit]
1183 4278 1245 4345 Nou

112 4363 181 4427 dico
200 4365 371 4426 libertatem
386 4361 524 4443 civilem,
547 4386 642 4451 quem
660 4365 712 4427 ubi
728 4365 835 4450 aliquis
850 4378 956 4428 nactus
978 4377 1042 4443 est,
1062 4366 1104 4430 de
1117 4358 1246 4433 serrobt

110 4450 247 4515 libertus.
298 4448 417 4515 Seneca
439 4448 629 4515 Nettuelium
650 4451 703 4512 lib.
725 4448 772 4515 111
793 4452 913 4539 [praef-l
935 4450 976 4515 de
1000 4472 1076 4519 vera
1098 4454 1244 4521 libertate:
