2700 4972
16 1182 19 1189 .
148 1123 255 1189 olim
275 1118 411 1185 obrui.
440 1118 495 1185 On'

142 360 209 426 m
509 306 916 433 connnarsamfs

231 519 378 598 Omitte,
399 512 517 609 Lyde,
540 526 644 606 atque
659 536 744 585 aare
760 512 863 581 malo.

229 608 314 674 Jom
329 605 431 671 cessit
446 604 545 684 [eddt
559 601 719 685 excessit]
728 601 816 667 mihi
828 611 927 668 aetas
938 622 983 665 ex
995 601 1198 693 magisterio
1207 616 1261 675 tuo.

228 693 353 771 Fiam,
375 701 414 756 ut
427 712 488 779 ego
503 688 642 777 opinor,
662 686 852 768 Hercules,
875 697 915 751 tu
934 697 1054 751 autem
1069 687 1194 757 Linde.

147 782 385 864 [Proverbialem
397 779 584 841 locutionem
597 777 662 840 h.1.
676 798 694 838 a
708 775 812 839 Persio
824 777 961 863 paullum
970 774 1165 841 iamnutatain
1176 790 1263 845 ostea-
1304 766 1315 803 '⁸

148 871 192 933 dit
204 872 290 932 locus
303 864 414 943 Isidori
426 885 445 926 a
459 864 557 929 Web.
573 864 697 926 allatus:
722 858 863 925 Tutor
908 858 945 923 ui
955 859 1134 948 pupillum
1154 872 1267 961 tuetur¹¹
1306 912 1315 955 f

147 954 213 1021 hoo
232 962 281 1017 est
303 950 478 1013 intuetur:
497 945 540 1010 de
561 967 626 1034 quo
648 944 684 1009 in
705 957 844 1010 consuet
892 949 949 1013 ine
962 944 1112 1035 emigrari
1134 946 1269 1031 diciturs
1307 964 1316 975 '

149 1034 266 1122 Quid
296 1055 357 1099 me
386 1029 868 1199 monesPXE5tlipu1tprem
896 1043 939 1113 et
962 1030 1265 1127 paedagogum
1312 1048 1316 1103 ζ

499 1140 605 1200 055,
692 1164 751 1184 ,,
898 1142 902 1147 -

233 1213 286 1277 98.
311 1202 486 1294 Turgidus
498 1165 556 1267 hio
568 1201 701 1289 epulis]
727 1202 832 1267 Poena
847 1203 984 1268 luxuriae
1002 1216 1033 1268 et
1053 1226 1170 1287 ganeae
1182 1206 1267 1271 morbi

148 1318 185 1360 ac
197 1316 282 1359 mors
291 1315 344 1357 sae
368 1312 560 1379 epraesens3
581 1289 692 1353 eadem
713 1290 862 1353 sententia
877 1289 959 1375 apud
971 1289 1156 1357 iuvenalem
1172 1294 1205 1357 in
1215 1294 1269 1383 pti·

113 1426 116 1433 ·
148 1403 218 1463 ma,
236 1379 291 1443 nbi
303 1314 424 1444 videtur
438 1378 521 1439 hunc
537 1376 640 1438 locum
653 1376 787 1438 imitatus
807 1374 882 1454 [142
894 1382 989 1463 sqqh:

234 1464 357 1529 Poena
371 1472 489 1527 tamen
498 1480 682 1549 praesens,
705 1480 783 1523 cum
803 1468 842 1522 tu
858 1456 1003 1547 deponis
1020 1457 1173 1527 amictus
1228 1480 1231 1493 ¹

240 1545 418 1637 ilergidus
432 1556 466 1610 et
482 1545 627 1609 crudum
637 1565 810 1631 pavonem
824 1544 860 1608 in
880 1543 1007 1610 balnea
1014 1556 1158 1633 portast
1232 1580 1236 1589 ·

234 1632 333 1699 Hine
348 1631 482 1697 subitae
496 1641 623 1695 mortes
639 1638 744 1717 atque
763 1630 931 1695 intestata
949 1642 1119 1699 senectus.

149 1723 300 1791 Martialis·
314 1722 392 1801 libro
408 1718 475 1783 XII
499 1718 560 1804 [ep.
573 1717 625 1797 48,
638 1722 658 1782 9
671 1716 744 1803 sq.]:
898 1771 903 1789 ,

234 1805 426 1874 Mullorum
442 1802 665 1890 leporumque
683 1810 718 1864 et
730 1799 876 1865 suminis
891 1799 1007 1866 exitus
1027 1798 1084 1869 hie
1097 1808 1162 1883 esi,

299 1886 551 1978 Sulfureusque
578 1885 672 1951 color
694 1884 943 2036 carnificespue
958 1886 1080 1975 pedes.

235 1975 351 2064 Atque
368 1972 602 2054 adinvenire]
623 1974 718 2038 Albus
741 1984 793 2039 aut
813 1975 874 2036 albi
896 1996 932 2038 ns
953 1978 1038 2037 color
1061 1972 1200 2062 proprius
1220 1968 1272 2037 otio

91 2112 97 2129 t
151 2068 313 2130 marcentis
331 2074 362 2126 et
383 2062 588 2148 voluptatibus
605 2058 787 2127 diffluentis.
844 2057 907 2121 Dio
929 2058 1168 2143 Chrysostomus
1186 2060 1218 2121 in
1233 2054 1274 2123 ll

101 2228 105 2237 Ι
152 2152 193 2214 de
210 2172 306 2230 regno
329 2148 372 2234 [p.
385 2153 439 2228 77,
453 2146 522 2227 871:
551 2140 681 2220 Λευκὸς
703 2142 805 2219 lisia,
827 2139 1049 2228 irrevocatis,
1074 2138 1275 2227 eleplec‘sri
1314 2186 1318 2225 ἰ

151 2233 269 2301 πόνων
288 2229 432 2313 ἄπειρος.
473 2231 510 2295 In
532 2229 624 2293 LXII
645 2230 685 2316 [p.
699 2232 771 2310 588,
784 2229 857 2311 46]:
884 2225 953 2295 sind
975 2225 1095 2315 ἀργίας
1118 2228 1176 2297 sai
1196 2228 1276 2307 mit
1314 2230 1318 2253 ²

152 2316 279 2398 λευκός.
320 2320 465 2383 Horatius
491 2316 567 2397 [Sat.
580 2314 622 2395 ll,
642 2314 762 2397 2,21]:

631 2398 798 2488 pinguem
813 2397 910 2466 vitiis
930 2398 1128 2490 albumque.

153 2489 288 2578 Sulpicia
308 2489 342 2551 in
360 2486 458 2551 Satira
475 2483 563 2568 [36]:

239 2571 325 2642 Non
337 2570 453 2648 trabe,
473 2569 537 2633 sed
555 2578 653 2656 tergo
660 2567 852 2655 prolapsus
865 2578 899 2635 et
911 2568 1066 2659 ingluvie
1088 2568 1208 2655 elbus3

154 2662 198 2727 sic
212 2662 317 2747 accipe
334 2657 408 2722 illud
420 2657 558 2721 Senecae
576 2656 610 2717 in
629 2650 778 2741 principio
797 2655 847 2720 De
863 2659 1011 2723 brevitate
1031 2660 1134 2725 vitae:
1158 2656 1280 2741 Quom·

42 2792 45 2805 .
153 2745 260 2812 multi
279 2741 447 2808 continuis
470 2737 707 2825 voluptatibus
725 2739 893 2827 pallent?

210 2837 292 2981 d99.
313 2826 464 2895 Gutture
482 2824 691 2915 sulphureae
706 2824 799 2891 lente
821 2824 1006 2893 exhalante
1027 2826 1224 2919 mephites]
1247 2826 1282 2893 lh

153 2938 209 2983 mo
232 2939 269 2983 os

923 3028 926 3033 ·
992 2996 1116 3089 aegris
1216 3000 1224 3017 ¹

102 3076 158 3136 ³⁰²
241 3078 413 3154 Faustus
426 3089 615 3168 exsuperat
627 3079 751 3169 gravis
768 3078 916 3160 holitus3

155 3184 189 3240 et
201 3195 294 3260 saepe
305 3171 390 3259 apud
395 3170 549 3235 loannem
556 3167 811 3251 emysostomum
823 3170 855 3231 in
868 3170 1061 3254 πλησμονῆς
1075 3168 1284 3259 descriptione:

155 3255 324 3343 ἐρεύγεται
340 3254 526 3333 donatiuo:
545 3275 639 3340 quam
650 3256 887 3335 graveolentiam
901 3252 1110 3340 sulphureas
1124 3252 1285 3343 mephites

179 3346 360 3408 oiitsrocat.
401 3342 610 3423 Hieronymus
624 3337 768 3405 adversus
780 3338 995 3405 Jovinianums
1012 3340 1192 3427 pridianis
1212 3359 1287 3439 epu-

155 3369 203 3494 h's
223 3424 456 3491 distendimur
472 3434 509 3487 et
522 3432 649 3528 guttur
668 3432 826 3488 nostrum
847 3423 1113 3493 meditatorium
1135 3422 1289 3516 efficitur

157 3513 381 3583 latrinarum.
418 3510 513 3575 Plane
524 3509 589 3573 1dc
630 3511 732 3590 remit,
752 3511 835 3596 quod
848 3514 913 3575 mit
924 3513 993 3574 heic
1004 3513 1136 3579 Persius.
1179 3512 1291 3579 Seneca

127 3614 129 3621 '
158 3602 286 3689 epistola
308 3597 419 3667 XCV:
449 3593 565 3677 Quam
579 3532 685 3681 lhedi
711 3601 814 3683 atque
832 3595 1038 3681 pestilentes
1067 3606 1189 3665 ructus
1207 3604 1290 3675 suut

182 3694 326 3750 uantum
341 3678 535 3770 fastidium
554 3677 610 3743 sui
630 3676 876 3745 exhalantibus
901 3680 1090 3769 crapulam
1115 3680 1292 3749 veterem?

157 3710 260 3834 haias
283 3778 485 3857 putrescere
512 3774 645 3844 sumta,
672 3787 739 3830 non
757 3766 940 3854 'concoqui
990 3766 1082 3833 Idem
1107 3768 1294 3837 Nstmalinm

157 3859 212 3921 lib.
226 3856 260 3920 V
275 3856 334 3936 [412
361 3852 405 3918 ln
423 3850 551 3917 nostris
575 3849 775 3939 corporibus
791 3872 836 3916 ex
860 3850 935 3917 cibo
954 3846 1003 3937 fit
1019 3850 1179 3945 inflatio,
1209 3872 1292 3945 quae

159 3963 228 4007 non
240 3938 313 4004 sine
326 3937 467 4004 narium
480 3936 615 4022 injuria
627 3936 799 4003 emittitur
810 3948 845 4002 et
858 3948 1015 4005 ventrem
1025 3938 1207 4006 interdum
1219 3960 1294 4006 eum

159 4032 440 4105 conscenserat,
463 4020 638 4087 interdum
657 4022 834 4088 secretius.

245 4117 319 4178 100.
337 4108 408 4175 Sed
421 4119 551 4173 tremor
563 4107 654 4173 inter
667 4108 749 4175 vina
766 4107 880 4190 subit]
909 4109 1015 4175 Lasaia
1034 4112 1158 4189 nervis,
1178 4122 1215 4175 ut
1227 4122 1296 4175 ante

159 4198 349 4262 dicebamus.
402 4195 520 4259 Seneca
542 4194 676 4259 ibidem:
706 4194 804 4276 Quae
825 4193 1102 4261 desiderantibus
1124 4196 1296 4262 alimenta

159 4290 272 4359 eraut,
295 4302 401 4345 onera
414 4290 493 4345 sunt
501 4277 634 4367 plenist
655 4278 736 4345 inde
747 4280 868 4367 pallor
876 4290 911 4344 et
925 4302 1110 4346 nervorum
1124 4282 1206 4349 vino
1223 4304 1296 4348 mo-

158 4366 314 4434 dentium
337 4376 468 4431 tremor
493 4375 530 4429 et
550 4364 782 4431 miserabilior
810 4387 853 4430 ex
873 4364 1103 4431 cruditatibus
1123 4388 1232 4457 psam
1254 4390 1295 4433 es

153 4450 258 4543 sanas
271 4453 403 4523 macies
402 4474 422 4536 ,·
433 4448 514 4521 inde
529 4449 656 4519 incerti
668 4449 864 4549 labantium
871 4450 981 4543 pedes
994 4462 1030 4519 et
1041 4475 1184 4545 semper
1195 4452 1296 4548 quasi
