2700 4972
260 276 508 449 l’ttttsttnr
531 339 752 412 HORATII
772 326 1034 439 tttltt‘tto.
1163 336 1226 402 881

91 607 132 681 At
180 526 265 670 117.4
274 517 440 585 Astutam
456 514 584 605 vapido
607 538 723 583 servas
747 513 809 582 sub
826 526 970 602 pectore
992 518 1162 608 vulpem]
1193 522 1230 589 In

133 617 168 670 te·
200 628 231 671 v.
267 612 326 674 37:

170 655 179 686 ²
222 689 416 776 Nunquam
436 699 469 754 te
476 685 619 776 fallant
632 685 744 753 animi
756 686 816 752 sub
830 685 936 776 vulpe
951 686 1109 757 latentes.

182 783 254 845 121.
275 775 435 843 Haereat
449 774 484 839 in
499 775 616 841 stultis
630 772 740 840 brevis
757 783 797 841 ut
809 774 990 840 semuncia
1002 776 1111 859 teat]
1133 778 1232 847 Satira
1267 778 1271 795 '

92 864 180 927 tertia
195 867 264 931 libri
276 866 382 952 primi,
404 886 434 930 v.
448 868 507 928 77:

760 941 875 1009 excidi
894 982 914 994 -
938 981 958 995 -

228 1034 379 1098 Caetera
395 1031 480 1097 item
493 1039 669 1119 nequeunt
681 1028 797 1094 stultis
813 1030 1008 1102 haerentia.

184 1124 254 1185 128.
279 1118 365 1185 Tres
374 1128 511 1183 tantum
519 1117 736 1182 adnumeres
749 1115 871 1207 Satyri
882 1140 1042 1185 moveare
1056 1115 1230 1203 Restitit]

93 1205 276 1286 Legendum
289 1219 335 1271 est
345 1204 520 1292 Satyrum,
535 1217 568 1268 ut
579 1203 712 1268 saltare
720 1201 911 1287 Bacchum,
933 1204 1067 1271 saltare
1084 1202 1284 1291 Cirtae-,54⁹

96 1300 288 1356 mnestram
304 1304 334 1355 et
348 1293 459 1356 similia
471 1294 586 1377 passim
600 1292 666 1354 alii:
688 1292 731 1354 sic
745 1290 820 1353 dixit
827 1292 971 1355 Horatius
985 1290 1117 1356 moveri
1126 1289 1236 1380 Saty·
1290 1294 1295 1305 '

95 1396 175 1440 ram
191 1386 227 1441 et
242 1376 449 1466 Cyclopem:
471 1380 504 1442 in
521 1379 650 1466 epistola
663 1375 704 1441 ad
719 1376 836 1441 lulium
851 1374 980 1445 Florum
992 1378 1072 1443 libro
1086 1380 1236 1467 secanda,

93 1483 127 1528 v.
151 1467 231 1532 125:
487 1491 491 1501 ·
1055 1496 1058 1507 ·
1267 1488 1291 1543 χ

374 1598 377 1603 .
980 1564 983 1575 ’
1064 1547 1185 1636 utqui

227 1631 335 1700 Nune
348 1632 530 1721 Satyrum,
553 1654 643 1697 nunc
661 1655 684 1698 a
713 1643 839 1697 restem
858 1633 889 1698 0
910 1632 1013 1721 clopa
1026 1645 1193 1700 movetur.

97 1719 151 1784 Sic
166 1717 275 1796 Graeci
288 1715 437 1803 σάτυρον
450 1712 631 1804 ὀρχεῖσθαι.
705 1720 826 1784 σὲὼίυε
838 1721 871 1782 in
881 1652 1111 1808 bpigrammate
1129 1721 1178 1800 [Τ.
1195 1724 1236 1804 ΙΙ,

95 1829 129 1894 p.
145 1810 207 1873 127
221 1806 275 1870 Br.
289 1830 314 1871 s.
328 1807 366 1870 T.
381 1806 421 1887 Π,
434 1828 466 1891 p.
483 1806 545 1873 114
559 1805 635 1885 lae]
660 1804 699 1868 de
713 1805 829 1888 Pylade
843 1803 987 1889 Satyrum
1000 1810 1144 1872 saltante:
1246 1863 1250 1877 ‚

228 1884 378 1959 Oloris
447 1886 677 1974 'ets'llvto'tdnr
692 1885 861 1997 ὠρχήσατο
874 1894 996 1956 κεῖνον.
1185 1934 1188 1943 -
1218 1890 1249 1973 j

97 1976 364 2042 Pantomimorum
418 1974 530 2061 χήσεις
542 1989 574 2040 et
589 1979 773 2061 tvytepovg
785 1977 885 2040 Latini
903 1976 1046 2040 dixerunt
1058 1987 1187 2062 motus,
1206 1996 1239 2048 et

98 2061 232 2128 moveri
253 2086 309 2151 pro
334 2059 525 2148 ὀρχεῖσθαιε
551 2064 671 2126 nullum
692 2084 769 2128 vero
788 2062 918 2126 dubium
936 2085 1005 2127 esse
1027 2062 1136 2145 debet,
1164 2071 1238 2153 quin

97 2151 300 2214 Horatianam
313 2151 495 2230 elegantiam
509 2149 663 2212 retinuerit
675 2147 797 2212 Persius
815 2148 938 2213 imitans
958 2150 1040 2214 illius
1059 2152 1179 2219 locum:
1203 2166 1239 2218 ut

96 2234 191 2301 valde
211 2236 442 2307 mirernernini
461 2244 534 2298 ante
554 2255 629 2314 nos,
662 2233 746 2320 quod
769 2233 918 2311 sciamus,
947 2230 1183 2316 hujus'veuisse
1204 2232 1252 2304 in'

97 2333 248 2388 mentem.
288 2352 291 2357 ⁴
1014 2374 1022 2385 ,
1088 2352 1091 2357 ’

183 2412 259 2474 126.
281 2402 312 2486 I,
324 2424 424 2491 peter,
443 2413 479 2468 et
491 2401 648 2490 strig.]In
662 2404 725 2468 fine
737 2404 828 2492 primi
841 2403 904 2469 Sat
913 2404 1061 2470 dissimile
1074 2407 1239 2498 imperium

99 2515 166 2558 non
177 2491 318 2556 dissimili
331 2491 492 2554 mandatur
504 2511 614 2556 versu:
674 2506 677 2510 '
931 2496 935 2503 '

229 2575 264 2655 Ι,
283 2598 392 2664 puer,
415 2585 518 2664 atqne
534 2595 611 2639 meo
626 2572 715 2653 citus
728 2569 816 2640 lcaec
828 2571 1001 2642 subscribe
1015 2574 1116 2644 libell
1137 2627 1145 2642 .

189 2668 262 2731 128.
291 2660 371 2728 Nec
395 2658 820 2749 quicquam-extrinsecus
838 2661 962 2745 intrat,
991 2661 1096 2747 Quocl
1115 2686 1240 2736 nervos

62 2784 66 2789 ·
99 2747 236 2841 agitet]
259 2748 357 2813 Satira
371 2750 503 2836 septima
515 2748 584 2811 libri
597 2746 740 2827 secundi,
762 2769 793 2812 v.
805 2751 863 2812 82:
1040 2746 1044 2755 ’

97 2839 101 2843 “
229 2831 383 2900 Duceris
397 2841 438 2897 ut
450 2833 565 2898 nervis
578 2830 706 2896 alienis
721 2830 846 2896 mobile
862 2831 1018 2922 lignum:

99 2944 216 2989 vocem
232 2919 357 2985 alienis
372 2920 520 3008 expressit
538 2917 672 2999 duabus,
693 2916 908 2983 extrinsecus
922 2919 1042 2984 intrat.

190 3029 262 3093 130.
285 3021 356 3104 Qui
368 3032 407 3088 tu
421 3018 627 3108 impunitior
641 3019 753 3103 exir?]
774 3019 910 3103 Ibidem,
931 3043 963 3088 v.
978 3021 1056 3089 105:
1158 3078 1160 3083 .
1279 3056 1286 3069 ··

236 3106 351 3197 Terga
359 3108 500 3197 plector
513 3105 627 3173 enim:
647 3105 709 3194 qui
718 3116 757 3171 tu
772 3106 1002 3195 impunitior?

94 3287 98 3293 .
174 3288 178 3293 .
193 3228 265 3296 145.
286 3224 444 3293 Lubrica
459 3225 552 3308 Coa]
575 3226 784 3316 Exposuimus
796 3229 902 3293 mollia
914 3240 945 3291 et
956 3224 1141 3294 lamminis
1161 3253 1257 3317 quae,

102 3316 245 3382 atmbuta
260 3317 373 3379 scimus
385 3315 446 3396 legi
458 3335 551 3400 saepe
564 3314 647 3400 apud
659 3312 798 3378 medicos
811 3312 850 3378 de
862 3313 1046 3401 quibusdam
1059 3317 1157 3381 vinies
1177 3321 1243 3381 for:-

101 3416 186 3467 tasse
197 3415 302 3465 tamen
314 3424 378 3464 non
393 3402 475 3465 male
488 3403 602 3464 referas
622 3398 662 3463 ad
676 3422 751 3466 vasa
766 3401 850 3487 ipsa,
871 3402 980 3487 quibus
995 3401 1060 3465 Goa
1075 3402 1148 3467 vina
1167 3426 1242 3466 con-

102 3491 280 3552 tinerentur.
322 3486 480 3552 Fictilibus
499 3488 582 3549 enim
597 3486 680 3550 vasis
699 3487 773 3551 vina
795 3482 912 3571 Graeca
932 3487 966 3548 in
979 3485 1100 3550 Italiam
1122 3488 1245 3554 defere-

102 3578 230 3641 bantur=
257 3580 366 3636 testae
391 3568 552 3637 Graecae
580 3572 716 3636 maenae
733 3573 875 3635 meminit
897 3572 1042 3636 Horatius
1066 3573 1138 3638 Ode
1162 3574 1244 3640 XX.

103 3661 188 3725 libri.
212 3661 291 3740 rimi,
304 3682 335 3725 v.
352 3664 387 3724 2:
409 3680 448 3721 eo
461 3658 718 3722 autem-libentius
728 3658 771 3720 ita
784 3679 896 3723 rocem
908 3654 1046 3721 lubrica
1057 3659 1244 3747 interpreter,
1345 3684 1348 3689 ·

103 3747 178 3835 quia
224 3748 336 3810 oratius
350 3744 535 3825 conjunctim
552 3742 616 3807 vini
630 3742 687 3806 coi
698 3753 728 3806 et
737 3744 922 3808 lubricorum
936 3745 1167 3827 conchyliorum
1177 3768 1246 3809 me-

103 3830 205 3913 minit,
226 3831 323 3896 Satira
342 3843 446 3917 quarta
458 3830 527 3893 libri
539 3828 578 3908 H,
596 3850 626 3893 v.
643 3832 686 3893 28
700 3851 782 3915 sqq.:
803 3850 868 3891 non
883 3850 945 3916 quo
957 3830 1044 3892 illum
1054 3826 1245 3895 locum‘imi-

104 3930 187 3983 tatus
202 3919 242 3982 sit
254 3917 392 3995 Persius,
413 3915 470 3979 sed
483 3916 553 4000 quia
567 3914 688 3979 ridetur
708 3936 748 3977 ex
769 3913 892 3979 assidue
908 3914 1011 3979 Flacci
1030 3917 1163 4005 lectione
1177 3918 1305 3984 coisse·

104 4004 174 4073 vini
186 4003 279 4067 simul
296 4014 327 4066 et
343 4001 470 4089 epitheti
482 4002 562 4064 illius
577 4000 610 4063 in
625 4000 809 4064 memoriam
821 4001 882 4087 ipsi
896 4002 1028 4066 venisse.

196 4128 269 4191 136.
295 4116 397 4187 'I'olle
413 4140 534 4186 recens
549 4116 688 4205 primns
701 4116 826 4207 piper]
847 4118 969 4185 Eadem
989 4123 1140 4187 sententie
1152 4123 1315 4209 illicem)

532 4224 617 4271 cave
628 4224 671 4271 ne
683 4215 804 4292 portus
816 4215 960 4296 occupet
974 4205 1082 4271 altere

108 4296 240 4385 epistola
253 4307 338 4359 sexta
357 4292 463 4380 primi,
484 4316 515 4359 v.
530 4294 583 4359 82.
808 4290 810 4295 ’
1325 4348 1328 4353 .

200 4376 360 4447 itatem
390 4378 483 4442 neris
492 4372 1247 4467 pellems'accinctucetoenopltorumaptnsl

108 4467 210 4534 Satira
223 4466 353 4555 septime
361 4400 447 4549 fimo
459 4462 561 4548 sexte]
573 4463 642 4529 libri
658 4464 765 4551 primi,
786 4488 818 4534 v.
831 4469 893 4533 108
908 4484 971 4552 sq.:
