<?xml version="1.0" encoding="UTF-8"?>
<!DOCTYPE html PUBLIC "-//W3C//DTD XHTML 1.0 Transitional//EN"
    "http://www.w3.org/TR/xhtml1/DTD/xhtml1-transitional.dtd">
<html xmlns="http://www.w3.org/1999/xhtml" xml:lang="en" lang="en">
 <head>
  <title>
</title>
<meta http-equiv="Content-Type" content="text/html;charset=utf-8" />
  <meta name='ocr-system' content='tesseract 3.04.00' />
  <meta name='ocr-capabilities' content='ocr_page ocr_carea ocr_par ocr_line ocrx_word'/>
</head>
<body>
  <div class='ocr_page' id='page_1' title='image "./satirarumliber00persgoog_0113.png"; bbox 0 0 2700 4972; ppageno 0'>
   <div class='ocr_carea' id='block_1_1' title="bbox 103 361 927 444">
    <p class='ocr_par' dir='ltr' id='par_1_1' title="bbox 103 361 927 444">
     <span class='ocr_line' id='line_1_1' title="bbox 103 361 927 444; baseline -0.008 -9"><span class='ocrx_word' id='word_1_1' title='bbox 103 408 107 419; x_wconf 53' lang='grc' dir='ltr'>ι</span> <span class='ocrx_word' id='word_1_2' title='bbox 156 369 200 434; x_wconf 76' lang='lat'>82</span> <span class='ocrx_word' id='word_1_3' title='bbox 449 432 452 441; x_wconf 85' lang='grc'>,</span> <span class='ocrx_word' id='word_1_4' title='bbox 518 361 927 444; x_wconf 79' lang='lat' dir='ltr'>COMMENTARIUS</span> 
     </span>
    </p>
   </div>
   <div class='ocr_carea' id='block_1_2' title="bbox 67 528 1327 4570">
    <p class='ocr_par' dir='ltr' id='par_1_2' title="bbox 67 528 1327 4570">
     <span class='ocr_line' id='line_1_2' title="bbox 158 528 1294 622; baseline -0.008 -19"><span class='ocrx_word' id='word_1_5' title='bbox 158 560 227 603; x_wconf 86' lang='lat' dir='ltr'>esse</span> <span class='ocrx_word' id='word_1_6' title='bbox 248 558 326 622; x_wconf 92' lang='lat' dir='ltr'>quae</span> <span class='ocrx_word' id='word_1_7' title='bbox 348 537 443 618; x_wconf 84' lang='lat' dir='ltr'>vulgo</span> <span class='ocrx_word' id='word_1_8' title='bbox 456 532 576 599; x_wconf 88' lang='lat' dir='ltr'>Romae</span> <span class='ocrx_word' id='word_1_9' title='bbox 597 547 758 619; x_wconf 76' lang='lat' dir='ltr'>agerentur</span> <span class='ocrx_word' id='word_1_10' title='bbox 773 537 812 599; x_wconf 92' lang='lat' dir='ltr'>ab</span> <span class='ocrx_word' id='word_1_11' title='bbox 825 534 985 597; x_wconf 91' lang='lat' dir='ltr'>omnibus:</span> <span class='ocrx_word' id='word_1_12' title='bbox 1008 553 1044 594; x_wconf 86' lang='lat' dir='ltr'>ac</span> <span class='ocrx_word' id='word_1_13' title='bbox 1063 528 1294 618; x_wconf 79' lang='lat' dir='ltr'>quo‘procede-</span> 
     </span>
     <span class='ocr_line' id='line_1_3' title="bbox 157 619 1293 709; baseline -0.006 -22"><span class='ocrx_word' id='word_1_14' title='bbox 157 637 204 687; x_wconf 90' lang='lat' dir='ltr'>ret</span> <span class='ocrx_word' id='word_1_15' title='bbox 224 623 332 686; x_wconf 77' lang='lat' dir='ltr'><strong>ordine</strong></span> <span class='ocrx_word' id='word_1_16' title='bbox 352 621 528 709; x_wconf 86' lang='lat' dir='ltr'>disputatio,</span> <span class='ocrx_word' id='word_1_17' title='bbox 550 644 615 691; x_wconf 87' lang='lat' dir='ltr'>non</span> <span class='ocrx_word' id='word_1_18' title='bbox 636 623 798 685; x_wconf 78' lang='lat' dir='ltr'><strong>confertim</strong></span> <span class='ocrx_word' id='word_1_19' title='bbox 818 619 1082 683; x_wconf 82' lang='lat' dir='ltr'>omn&#39;eshomines</span> <span class='ocrx_word' id='word_1_20' title='bbox 1102 629 1157 680; x_wconf 91' lang='lat' dir='ltr'>aut</span> <span class='ocrx_word' id='word_1_21' title='bbox 1175 628 1293 681; x_wconf 87' lang='lat' dir='ltr'>temere</span> 
     </span>
     <span class='ocr_line' id='line_1_4' title="bbox 157 704 1327 794; baseline -0.007 -21"><span class='ocrx_word' id='word_1_22' title='bbox 157 711 288 773; x_wconf 87' lang='lat' dir='ltr'>obvium</span> <span class='ocrx_word' id='word_1_23' title='bbox 309 730 460 794; x_wconf 84' lang='lat' dir='ltr'>quemque</span> <span class='ocrx_word' id='word_1_24' title='bbox 483 709 598 794; x_wconf 81' lang='lat' dir='ltr'>arripit,</span> <span class='ocrx_word' id='word_1_25' title='bbox 619 707 676 772; x_wconf 87' lang='lat' dir='ltr'>sed</span> <span class='ocrx_word' id='word_1_26' title='bbox 697 708 836 770; x_wconf 90' lang='lat' dir='ltr'>distincte</span> <span class='ocrx_word' id='word_1_27' title='bbox 856 707 974 786; x_wconf 86' lang='lat' dir='ltr'>singula</span> <span class='ocrx_word' id='word_1_28' title='bbox 993 704 1159 767; x_wconf 91' lang='lat' dir='ltr'>hominum</span> <span class='ocrx_word' id='word_1_29' title='bbox 1182 724 1294 784; x_wconf 88' lang='lat' dir='ltr'>genera</span> <span class='ocrx_word' id='word_1_30' title='bbox 1322 778 1327 783; x_wconf 23' lang='grc' dir='ltr'>Ι</span> 
     </span>
     <span class='ocr_line' id='line_1_5' title="bbox 127 790 1295 880; baseline -0.007 -22"><span class='ocrx_word' id='word_1_31' title='bbox 127 844 130 849; x_wconf 32' lang='lat'>1</span> <span class='ocrx_word' id='word_1_32' title='bbox 158 796 190 858; x_wconf 92' lang='lat' dir='ltr'>in</span> <span class='ocrx_word' id='word_1_33' title='bbox 212 798 272 857; x_wconf 92' lang='lat' dir='ltr'>hoc</span> <span class='ocrx_word' id='word_1_34' title='bbox 292 816 387 880; x_wconf 89' lang='lat' dir='ltr'>opere</span> <span class='ocrx_word' id='word_1_35' title='bbox 404 805 577 879; x_wconf 68' lang='lat' dir='ltr'>spectantur</span> <span class='ocrx_word' id='word_1_36' title='bbox 591 806 621 856; x_wconf 90' lang='lat' dir='ltr'>et</span> <span class='ocrx_word' id='word_1_37' title='bbox 636 794 854 856; x_wconf 85' lang='lat' dir='ltr'>examinantur.</span> <span class='ocrx_word' id='word_1_38' title='bbox 897 790 991 871; x_wconf 83' lang='lat' dir='ltr'>Igitur</span> <span class='ocrx_word' id='word_1_39' title='bbox 1011 791 1165 870; x_wconf 88' lang='lat' dir='ltr'>nelonge</span> <span class='ocrx_word' id='word_1_40' title='bbox 1186 810 1295 851; x_wconf 85' lang='lat' dir='ltr'>exem-</span> 
     </span>
     <span class='ocr_line' id='line_1_6' title="bbox 157 873 1295 967; baseline -0.004 -25"><span class='ocrx_word' id='word_1_41' title='bbox 157 883 244 967; x_wconf 92' lang='lat' dir='ltr'>plum</span> <span class='ocrx_word' id='word_1_42' title='bbox 265 891 397 965; x_wconf 88' lang='lat' dir='ltr'>peteret,</span> <span class='ocrx_word' id='word_1_43' title='bbox 418 900 473 941; x_wconf 88' lang='lat' dir='ltr'>eos</span> <span class='ocrx_word' id='word_1_44' title='bbox 493 881 626 964; x_wconf 87' lang='lat' dir='ltr'>primum</span> <span class='ocrx_word' id='word_1_45' title='bbox 647 901 790 942; x_wconf 86' lang='lat' dir='ltr'>sermone</span> <span class='ocrx_word' id='word_1_46' title='bbox 811 880 872 939; x_wconf 92' lang='lat' dir='ltr'>hoc</span> <span class='ocrx_word' id='word_1_47' title='bbox 893 877 994 962; x_wconf 90' lang='lat' dir='ltr'>primo</span> <span class='ocrx_word' id='word_1_48' title='bbox 1015 873 1149 955; x_wconf 80' lang='lat' dir='ltr'>invadit,</span> <span class='ocrx_word' id='word_1_49' title='bbox 1183 876 1237 961; x_wconf 89' lang='lat' dir='ltr'>qui</span> <span class='ocrx_word' id='word_1_50' title='bbox 1257 875 1295 937; x_wconf 72' lang='lat' dir='ltr'>li</span> 
     </span>
     <span class='ocr_line' id='line_1_7' title="bbox 158 963 1294 1051; baseline -0.007 -21"><span class='ocrx_word' id='word_1_51' title='bbox 158 967 307 1030; x_wconf 89' lang='lat' dir='ltr'>beralium</span> <span class='ocrx_word' id='word_1_52' title='bbox 329 964 555 1050; x_wconf 89' lang='lat' dir='ltr'>disciplinarum</span> <span class='ocrx_word' id='word_1_53' title='bbox 572 963 707 1029; x_wconf 88' lang='lat' dir='ltr'>studium</span> <span class='ocrx_word' id='word_1_54' title='bbox 719 965 953 1051; x_wconf 85' lang='lat' dir='ltr'>profitebantur:</span> <span class='ocrx_word' id='word_1_55' title='bbox 973 982 1104 1046; x_wconf 89' lang='lat' dir='ltr'>quorum</span> <span class='ocrx_word' id='word_1_56' title='bbox 1126 982 1144 1024; x_wconf 92' lang='lat' dir='ltr'>e</span> <span class='ocrx_word' id='word_1_57' title='bbox 1165 972 1294 1022; x_wconf 86' lang='lat' dir='ltr'>numero</span> 
     </span>
     <span class='ocr_line' id='line_1_8' title="bbox 107 1044 1295 1136; baseline -0.008 -20"><span class='ocrx_word' id='word_1_58' title='bbox 107 1068 144 1123; x_wconf 73' lang='lat'>33</span> <span class='ocrx_word' id='word_1_59' title='bbox 161 1065 192 1115; x_wconf 89' lang='lat' dir='ltr'>et</span> <span class='ocrx_word' id='word_1_60' title='bbox 213 1052 333 1115; x_wconf 84' lang='lat' dir='ltr'>Persius</span> <span class='ocrx_word' id='word_1_61' title='bbox 360 1061 424 1113; x_wconf 92' lang='lat' dir='ltr'>erat</span> <span class='ocrx_word' id='word_1_62' title='bbox 448 1061 480 1113; x_wconf 93' lang='lat' dir='ltr'>et</span> <span class='ocrx_word' id='word_1_63' title='bbox 504 1051 556 1113; x_wconf 92' lang='lat' dir='ltr'>ille</span> <span class='ocrx_word' id='word_1_64' title='bbox 585 1054 660 1114; x_wconf 81' lang='lat' dir='ltr'>alter</span> <span class='ocrx_word' id='word_1_65' title='bbox 687 1052 738 1136; x_wconf 92' lang='lat' dir='ltr'>qui</span> <span class='ocrx_word' id='word_1_66' title='bbox 761 1071 830 1111; x_wconf 92' lang='lat' dir='ltr'>cum</span> <span class='ocrx_word' id='word_1_67' title='bbox 850 1070 889 1110; x_wconf 90' lang='lat' dir='ltr'>eo</span> <span class='ocrx_word' id='word_1_68' title='bbox 917 1049 1170 1132; x_wconf 86' lang='lat' dir='ltr'>colloquebatur:</span> <span class='ocrx_word' id='word_1_69' title='bbox 1192 1047 1236 1108; x_wconf 90' lang='lat' dir='ltr'>ita</span> <span class='ocrx_word' id='word_1_70' title='bbox 1255 1044 1295 1108; x_wconf 92' lang='lat' dir='ltr'>ad</span> 
     </span>
     <span class='ocr_line' id='line_1_9' title="bbox 159 1128 1296 1234; baseline -0.006 -32"><span class='ocrx_word' id='word_1_71' title='bbox 159 1137 327 1203; x_wconf 88' lang='lat' dir='ltr'>secundam</span> <span class='ocrx_word' id='word_1_72' title='bbox 348 1147 466 1222; x_wconf 84' lang='lat' dir='ltr'>partem</span> <span class='ocrx_word' id='word_1_73' title='bbox 486 1138 521 1198; x_wconf 90' lang='lat' dir='ltr'>fit</span> <span class='ocrx_word' id='word_1_74' title='bbox 540 1138 696 1212; x_wconf 82' lang='lat' dir='ltr'>transitus,</span> <span class='ocrx_word' id='word_1_75' title='bbox 718 1156 795 1234; x_wconf 88' lang='lat' dir='ltr'>quae</span> <span class='ocrx_word' id='word_1_76' title='bbox 816 1134 860 1197; x_wconf 92' lang='lat' dir='ltr'>ihi</span> <span class='ocrx_word' id='word_1_77' title='bbox 879 1132 1001 1218; x_wconf 85' lang='lat' dir='ltr'>incipit:</span> <span class='ocrx_word' id='word_1_78' title='bbox 1031 1128 1219 1195; x_wconf 78' lang='lat' dir='ltr'>Scribimus</span> <span class='ocrx_word' id='word_1_79' title='bbox 1240 1130 1296 1195; x_wconf 86' lang='lat' dir='ltr'>iu-</span> 
     </span>
     <span class='ocr_line' id='line_1_10' title="bbox 162 1216 1296 1309; baseline -0.007 -22"><span class='ocrx_word' id='word_1_80' title='bbox 162 1223 254 1287; x_wconf 84' lang='lat' dir='ltr'>docti</span> <span class='ocrx_word' id='word_1_81' title='bbox 273 1221 423 1309; x_wconf 81' lang='lat' dir='ltr'>doctique</span> <span class='ocrx_word' id='word_1_82' title='bbox 438 1225 607 1306; x_wconf 73' lang='lat' dir='ltr'>poimatu</span> <span class='ocrx_word' id='word_1_83' title='bbox 660 1244 776 1284; x_wconf 76' lang='lat' dir='ltr'>assim.</span> <span class='ocrx_word' id='word_1_84' title='bbox 819 1219 978 1283; x_wconf 84' lang='lat' dir='ltr'>Invehitur</span> <span class='ocrx_word' id='word_1_85' title='bbox 1005 1220 1064 1280; x_wconf 87' lang='lat' dir='ltr'>hac</span> <span class='ocrx_word' id='word_1_86' title='bbox 1091 1219 1126 1280; x_wconf 91' lang='lat' dir='ltr'>in</span> <span class='ocrx_word' id='word_1_87' title='bbox 1139 1228 1240 1304; x_wconf 88' lang='lat' dir='ltr'>&#39;parte</span> <span class='ocrx_word' id='word_1_88' title='bbox 1263 1216 1296 1278; x_wconf 91' lang='lat' dir='ltr'>in</span> 
     </span>
     <span class='ocr_line' id='line_1_11' title="bbox 160 1299 1297 1395; baseline -0.007 -21"><span class='ocrx_word' id='word_1_89' title='bbox 160 1311 209 1387; x_wconf 83' lang='lat' dir='ltr'>sui</span> <span class='ocrx_word' id='word_1_90' title='bbox 229 1309 377 1395; x_wconf 88' lang='lat' dir='ltr'>temporis</span> <span class='ocrx_word' id='word_1_91' title='bbox 400 1307 525 1394; x_wconf 72' lang='lat' dir='ltr'>poitas,</span> <span class='ocrx_word' id='word_1_92' title='bbox 555 1329 618 1372; x_wconf 83' lang='grc' dir='ltr'>κακ</span> <span class='ocrx_word' id='word_1_93' title='bbox 648 1321 730 1382; x_wconf 69' lang='lat' dir='ltr'>osus</span> <span class='ocrx_word' id='word_1_94' title='bbox 756 1307 815 1389; x_wconf 81' lang='grc' dir='ltr'>τῆς</span> <span class='ocrx_word' id='word_1_95' title='bbox 843 1305 1005 1395; x_wconf 48' lang='grc' dir='ltr'><strong><em>μουσικῆς</em></strong></span> <span class='ocrx_word' id='word_1_96' title='bbox 1025 1299 1083 1367; x_wconf 76' lang='grc' dir='ltr'>καὶ</span> <span class='ocrx_word' id='word_1_97' title='bbox 1104 1300 1297 1386; x_wconf 70' lang='grc' dir='ltr'><strong><em>φιλοδοξίας</em></strong></span> 
     </span>
     <span class='ocr_line' id='line_1_12' title="bbox 161 1392 1298 1479; baseline -0.006 -21"><span class='ocrx_word' id='word_1_98' title='bbox 161 1416 217 1458; x_wconf 92' lang='lat' dir='ltr'>eos</span> <span class='ocrx_word' id='word_1_99' title='bbox 239 1402 392 1475; x_wconf 85' lang='lat' dir='ltr'>arguens,</span> <span class='ocrx_word' id='word_1_100' title='bbox 413 1393 498 1479; x_wconf 91' lang='lat' dir='ltr'>quod</span> <span class='ocrx_word' id='word_1_101' title='bbox 526 1392 649 1456; x_wconf 89' lang='lat' dir='ltr'>dicendi</span> <span class='ocrx_word' id='word_1_102' title='bbox 676 1392 888 1477; x_wconf 89' lang='lat' dir='ltr'>scribendique</span> <span class='ocrx_word' id='word_1_103' title='bbox 914 1393 997 1473; x_wconf 85' lang='lat' dir='ltr'>leges</span> <span class='ocrx_word' id='word_1_104' title='bbox 1018 1399 1248 1474; x_wconf 82' lang='lat' dir='ltr'>corrumperent</span> <span class='ocrx_word' id='word_1_105' title='bbox 1267 1399 1298 1451; x_wconf 88' lang='lat' dir='ltr'>et</span> 
     </span>
     <span class='ocr_line' id='line_1_13' title="bbox 160 1475 1298 1561; baseline -0.006 -18"><span class='ocrx_word' id='word_1_106' title='bbox 160 1480 254 1543; x_wconf 90' lang='lat' dir='ltr'>literis</span> <span class='ocrx_word' id='word_1_107' title='bbox 276 1479 316 1541; x_wconf 90' lang='lat' dir='ltr'>ad</span> <span class='ocrx_word' id='word_1_108' title='bbox 335 1480 461 1561; x_wconf 84' lang='lat' dir='ltr'>inanem</span> <span class='ocrx_word' id='word_1_109' title='bbox 481 1480 684 1542; x_wconf 79' lang='lat' dir='ltr'>ambitionem</span> <span class='ocrx_word' id='word_1_110' title='bbox 706 1480 913 1541; x_wconf 84' lang='lat' dir='ltr'>abuterentur:</span> <span class='ocrx_word' id='word_1_111' title='bbox 943 1498 981 1539; x_wconf 84' lang='lat' dir='ltr'>ex</span> <span class='ocrx_word' id='word_1_112' title='bbox 1004 1497 1043 1538; x_wconf 92' lang='lat' dir='ltr'>eo</span> <span class='ocrx_word' id='word_1_113' title='bbox 1063 1476 1222 1537; x_wconf 77' lang='lat' dir='ltr'>manantia</span> <span class='ocrx_word' id='word_1_114' title='bbox 1242 1475 1298 1537; x_wconf 87' lang='lat' dir='ltr'>ali-</span> 
     </span>
     <span class='ocr_line' id='line_1_14' title="bbox 162 1561 1300 1651; baseline -0.004 -24"><span class='ocrx_word' id='word_1_115' title='bbox 162 1577 237 1651; x_wconf 92' lang='lat' dir='ltr'>quot</span> <span class='ocrx_word' id='word_1_116' title='bbox 255 1566 390 1628; x_wconf 89' lang='lat' dir='ltr'>instituta</span> <span class='ocrx_word' id='word_1_117' title='bbox 411 1576 635 1627; x_wconf 89' lang='lat' dir='ltr'>commemorat</span> <span class='ocrx_word' id='word_1_118' title='bbox 655 1565 863 1649; x_wconf 80' lang='lat' dir='ltr'>exagitatque:</span> <span class='ocrx_word' id='word_1_119' title='bbox 887 1563 974 1624; x_wconf 91' lang='lat' dir='ltr'>illum</span> <span class='ocrx_word' id='word_1_120' title='bbox 989 1561 1094 1624; x_wconf 89' lang='lat' dir='ltr'>nescio</span> <span class='ocrx_word' id='word_1_121' title='bbox 1114 1582 1209 1647; x_wconf 90' lang='lat' dir='ltr'>quem</span> <span class='ocrx_word' id='word_1_122' title='bbox 1230 1580 1300 1641; x_wconf 86' lang='lat' dir='ltr'>gra-</span> 
     </span>
     <span class='ocr_line' id='line_1_15' title="bbox 136 1648 1299 1737; baseline -0.007 -21"><span class='ocrx_word' id='word_1_123' title='bbox 136 1650 255 1716; x_wconf 81' lang='lat' dir='ltr'>&#39;vitate</span> <span class='ocrx_word' id='word_1_124' title='bbox 277 1651 415 1713; x_wconf 90' lang='lat' dir='ltr'>censoria</span> <span class='ocrx_word' id='word_1_125' title='bbox 440 1651 614 1737; x_wconf 85' lang='lat' dir='ltr'>increpans,</span> <span class='ocrx_word' id='word_1_126' title='bbox 645 1651 697 1734; x_wconf 91' lang='lat' dir='ltr'>qui</span> <span class='ocrx_word' id='word_1_127' title='bbox 717 1653 818 1712; x_wconf 88' lang='lat' dir='ltr'>malae</span> <span class='ocrx_word' id='word_1_128' title='bbox 839 1669 963 1711; x_wconf 86' lang='lat' dir='ltr'>caussae</span> <span class='ocrx_word' id='word_1_129' title='bbox 984 1648 1187 1733; x_wconf 88' lang='lat' dir='ltr'>patrocinium</span> <span class='ocrx_word' id='word_1_130' title='bbox 1207 1667 1299 1711; x_wconf 85' lang='lat' dir='ltr'>suum</span> 
     </span>
     <span class='ocr_line' id='line_1_16' title="bbox 95 1734 1298 1821; baseline -0.004 -20"><span class='ocrx_word' id='word_1_131' title='bbox 95 1790 97 1793; x_wconf 90' lang='lat'>.</span> <span class='ocrx_word' id='word_1_132' title='bbox 161 1736 398 1800; x_wconf 80' lang='lat' dir='ltr'>accommodare</span> <span class='ocrx_word' id='word_1_133' title='bbox 425 1736 600 1800; x_wconf 88' lang='lat' dir='ltr'>sustinebat.</span> <span class='ocrx_word' id='word_1_134' title='bbox 648 1735 677 1798; x_wconf 90' lang='lat' dir='ltr'><strong>T</strong></span> <span class='ocrx_word' id='word_1_135' title='bbox 679 1737 752 1798; x_wconf 88' lang='lat' dir='ltr'>ertia</span> <span class='ocrx_word' id='word_1_136' title='bbox 777 1756 848 1821; x_wconf 89' lang='lat' dir='ltr'>pars</span> <span class='ocrx_word' id='word_1_137' title='bbox 876 1734 1012 1819; x_wconf 84' lang='lat' dir='ltr'>sequitur</span> <span class='ocrx_word' id='word_1_138' title='bbox 1038 1734 1077 1796; x_wconf 85' lang='lat' dir='ltr'>ab</span> <span class='ocrx_word' id='word_1_139' title='bbox 1105 1734 1160 1795; x_wconf 93' lang='lat' dir='ltr'>illo</span> <span class='ocrx_word' id='word_1_140' title='bbox 1189 1753 1298 1796; x_wconf 84' lang='lat' dir='ltr'>versu:</span> 
     </span>
     <span class='ocr_line' id='line_1_17' title="bbox 167 1815 1300 1908; baseline -0.005 -23"><span class='ocrx_word' id='word_1_141' title='bbox 167 1822 252 1906; x_wconf 78' lang='lat' dir='ltr'>Quis</span> <span class='ocrx_word' id='word_1_142' title='bbox 275 1819 396 1907; x_wconf 82' lang='lat' dir='ltr'>popuii</span> <span class='ocrx_word' id='word_1_143' title='bbox 415 1842 527 1885; x_wconf 83' lang='lat' dir='ltr'>sermo</span> <span class='ocrx_word' id='word_1_144' title='bbox 551 1817 625 1887; x_wconf 83' lang='lat' dir='ltr'>est?</span> <span class='ocrx_word' id='word_1_145' title='bbox 659 1822 732 1908; x_wconf 84' lang='lat' dir='ltr'>quia</span> <span class='ocrx_word' id='word_1_146' title='bbox 757 1816 873 1884; x_wconf 82' lang='lat' dir='ltr'>euim?</span> <span class='ocrx_word' id='word_1_147' title='bbox 905 1818 975 1882; x_wconf 73' lang='lat' dir='ltr'>&#39;uisi</span> <span class='ocrx_word' id='word_1_148' title='bbox 1004 1816 1163 1881; x_wconf 70' lang='lat' dir='ltr'>carmine</span> <span class='ocrx_word' id='word_1_149' title='bbox 1183 1815 1300 1881; x_wconf 82' lang='lat' dir='ltr'>molli:</span> 
     </span>
     <span class='ocr_line' id='line_1_18' title="bbox 163 1903 1301 1995; baseline -0.001 -27"><span class='ocrx_word' id='word_1_150' title='bbox 163 1929 258 1995; x_wconf 85' lang='lat' dir='ltr'>quam</span> <span class='ocrx_word' id='word_1_151' title='bbox 276 1908 439 1970; x_wconf 89' lang='lat' dir='ltr'>mollitiem</span> <span class='ocrx_word' id='word_1_152' title='bbox 454 1919 485 1971; x_wconf 91' lang='lat' dir='ltr'>et</span> <span class='ocrx_word' id='word_1_153' title='bbox 503 1908 686 1994; x_wconf 88' lang='lat' dir='ltr'>imperitiam</span> <span class='ocrx_word' id='word_1_154' title='bbox 699 1908 912 1984; x_wconf 87' lang='lat' dir='ltr'>scribentium,</span> <span class='ocrx_word' id='word_1_155' title='bbox 934 1905 1071 1967; x_wconf 84' lang='lat' dir='ltr'>maxime</span> <span class='ocrx_word' id='word_1_156' title='bbox 1086 1915 1190 1967; x_wconf 81' lang='lat' dir='ltr'>autem</span> <span class='ocrx_word' id='word_1_157' title='bbox 1200 1903 1301 1969; x_wconf 79' lang='lat' dir='ltr'>Nero-</span> 
     </span>
     <span class='ocr_line' id='line_1_19' title="bbox 163 1988 1301 2080; baseline -0.004 -24"><span class='ocrx_word' id='word_1_158' title='bbox 163 1994 212 2056; x_wconf 89' lang='lat' dir='ltr'>nis</span> <span class='ocrx_word' id='word_1_159' title='bbox 233 2014 268 2055; x_wconf 91' lang='lat' dir='ltr'>ac</span> <span class='ocrx_word' id='word_1_160' title='bbox 291 1991 453 2080; x_wconf 76' lang='lat' dir='ltr'>depravata</span> <span class='ocrx_word' id='word_1_161' title='bbox 476 1993 649 2056; x_wconf 86' lang='lat' dir='ltr'>auditorum</span> <span class='ocrx_word' id='word_1_162' title='bbox 667 1991 792 2072; x_wconf 88' lang='lat' dir='ltr'>judicia,</span> <span class='ocrx_word' id='word_1_163' title='bbox 820 1993 897 2055; x_wconf 89' lang='lat' dir='ltr'>nihil</span> <span class='ocrx_word' id='word_1_164' title='bbox 917 1992 977 2054; x_wconf 92' lang='lat' dir='ltr'>nisi</span> <span class='ocrx_word' id='word_1_165' title='bbox 1004 1998 1143 2053; x_wconf 83' lang='lat' dir='ltr'>tenerum</span> <span class='ocrx_word' id='word_1_166' title='bbox 1164 2011 1200 2053; x_wconf 89' lang='lat' dir='ltr'>ac</span> <span class='ocrx_word' id='word_1_167' title='bbox 1223 1988 1301 2053; x_wconf 90' lang='lat' dir='ltr'>deli-</span> 
     </span>
     <span class='ocr_line' id='line_1_20' title="bbox 165 2074 1303 2163; baseline -0.003 -22"><span class='ocrx_word' id='word_1_168' title='bbox 165 2090 267 2141; x_wconf 89' lang='lat' dir='ltr'>catum</span> <span class='ocrx_word' id='word_1_169' title='bbox 287 2079 498 2163; x_wconf 80' lang='lat' dir='ltr'>probantium,</span> <span class='ocrx_word' id='word_1_170' title='bbox 529 2080 640 2142; x_wconf 84' lang='lat' dir='ltr'>festive</span> <span class='ocrx_word' id='word_1_171' title='bbox 659 2078 770 2141; x_wconf 88' lang='lat' dir='ltr'>irridet.</span> <span class='ocrx_word' id='word_1_172' title='bbox 814 2075 930 2157; x_wconf 85' lang='lat' dir='ltr'>Quarta</span> <span class='ocrx_word' id='word_1_173' title='bbox 952 2076 1064 2139; x_wconf 90' lang='lat' dir='ltr'>deinde</span> <span class='ocrx_word' id='word_1_174' title='bbox 1085 2098 1155 2163; x_wconf 87' lang='lat' dir='ltr'>pars</span> <span class='ocrx_word' id='word_1_175' title='bbox 1176 2074 1303 2156; x_wconf 88' lang='lat' dir='ltr'>subjici·</span> 
     </span>
     <span class='ocr_line' id='line_1_21' title="bbox 164 2162 1303 2249; baseline -0.001 -23"><span class='ocrx_word' id='word_1_176' title='bbox 164 2177 231 2227; x_wconf 90' lang='lat' dir='ltr'>tur:</span> <span class='ocrx_word' id='word_1_177' title='bbox 254 2164 538 2249; x_wconf 84' lang='lat' dir='ltr'>eaperstringuntur</span> <span class='ocrx_word' id='word_1_178' title='bbox 550 2166 936 2228; x_wconf 81' lang='lat' dir='ltr'>verborumobsoletorum</span> <span class='ocrx_word' id='word_1_179' title='bbox 957 2162 1079 2242; x_wconf 88' lang='lat' dir='ltr'>sordes,</span> <span class='ocrx_word' id='word_1_180' title='bbox 1101 2184 1234 2248; x_wconf 30' lang='lat' dir='ltr'>quas&#39;ex</span> <span class='ocrx_word' id='word_1_181' title='bbox 1246 2176 1303 2225; x_wconf 84' lang='lat' dir='ltr'>an-</span> 
     </span>
     <span class='ocr_line' id='line_1_22' title="bbox 165 2242 1303 2336; baseline -0.001 -24"><span class='ocrx_word' id='word_1_182' title='bbox 165 2249 256 2336; x_wconf 91' lang='lat' dir='ltr'>tiquis</span> <span class='ocrx_word' id='word_1_183' title='bbox 270 2249 370 2335; x_wconf 72' lang='lat' dir='ltr'>potitis</span> <span class='ocrx_word' id='word_1_184' title='bbox 384 2252 473 2325; x_wconf 87' lang='lat' dir='ltr'>multi</span> <span class='ocrx_word' id='word_1_185' title='bbox 492 2252 545 2313; x_wconf 92' lang='lat' dir='ltr'>illa</span> <span class='ocrx_word' id='word_1_186' title='bbox 558 2262 655 2313; x_wconf 88' lang='lat' dir='ltr'>aetate</span> <span class='ocrx_word' id='word_1_187' title='bbox 676 2253 870 2335; x_wconf 86' lang='lat' dir='ltr'>repetebant,</span> <span class='ocrx_word' id='word_1_188' title='bbox 892 2243 999 2332; x_wconf 74' lang='grc' dir='ltr'><strong><em>ὀρθῆς</em></strong></span> <span class='ocrx_word' id='word_1_189' title='bbox 1017 2247 1167 2325; x_wconf 79' lang='grc' dir='ltr'><strong><em>πὰιδείας</em></strong></span> <span class='ocrx_word' id='word_1_190' title='bbox 1185 2242 1303 2323; x_wconf 74' lang='grc' dir='ltr'><strong><em>τελέως</em></strong></span> 
     </span>
     <span class='ocr_line' id='line_1_23' title="bbox 166 2329 1302 2422; baseline -0.004 -22"><span class='ocrx_word' id='word_1_191' title='bbox 166 2329 327 2418; x_wconf 74' lang='grc' dir='ltr'><strong><em>οἷμύητοιε</em></strong></span> <span class='ocrx_word' id='word_1_192' title='bbox 347 2335 454 2422; x_wconf 90' lang='lat' dir='ltr'>incipit</span> <span class='ocrx_word' id='word_1_193' title='bbox 466 2358 505 2399; x_wconf 87' lang='lat' dir='ltr'>eo</span> <span class='ocrx_word' id='word_1_194' title='bbox 518 2339 606 2400; x_wconf 91' lang='lat' dir='ltr'>loco:</span> <span class='ocrx_word' id='word_1_195' title='bbox 628 2335 693 2399; x_wconf 83' lang='lat' dir='ltr'>Eat</span> <span class='ocrx_word' id='word_1_196' title='bbox 707 2358 797 2399; x_wconf 83' lang='lat' dir='ltr'>nunc</span> <span class='ocrx_word' id='word_1_197' title='bbox 809 2334 902 2399; x_wconf 82' lang='lat' dir='ltr'>Bria.</span> <span class='ocrx_word' id='word_1_198' title='bbox 946 2333 1062 2414; x_wconf 86' lang='lat' dir='ltr'>Quinta</span> <span class='ocrx_word' id='word_1_199' title='bbox 1074 2335 1211 2420; x_wconf 82' lang='lat' dir='ltr'>sequitur</span> <span class='ocrx_word' id='word_1_200' title='bbox 1222 2354 1302 2421; x_wconf 85' lang='lat' dir='ltr'>pars,</span> 
     </span>
     <span class='ocr_line' id='line_1_24' title="bbox 166 2420 1304 2508; baseline -0.001 -25"><span class='ocrx_word' id='word_1_201' title='bbox 166 2433 232 2484; x_wconf 89' lang='lat' dir='ltr'>tota</span> <span class='ocrx_word' id='word_1_202' title='bbox 253 2420 398 2484; x_wconf 82' lang='lat' dir='ltr'>adversus</span> <span class='ocrx_word' id='word_1_203' title='bbox 420 2442 490 2501; x_wconf 84' lang='lat' dir='ltr'>eos,</span> <span class='ocrx_word' id='word_1_204' title='bbox 519 2422 572 2507; x_wconf 92' lang='lat' dir='ltr'>qui</span> <span class='ocrx_word' id='word_1_205' title='bbox 587 2434 769 2508; x_wconf 84' lang='lat' dir='ltr'>corruptam</span> <span class='ocrx_word' id='word_1_206' title='bbox 796 2422 925 2483; x_wconf 92' lang='lat' dir='ltr'>mollitie</span> <span class='ocrx_word' id='word_1_207' title='bbox 951 2422 1122 2483; x_wconf 88' lang='lat' dir='ltr'>orationem</span> <span class='ocrx_word' id='word_1_208' title='bbox 1141 2421 1176 2483; x_wconf 94' lang='lat' dir='ltr'>in</span> <span class='ocrx_word' id='word_1_209' title='bbox 1198 2423 1304 2483; x_wconf 82' lang='lat' dir='ltr'>forum</span> 
     </span>
     <span class='ocr_line' id='line_1_25' title="bbox 165 2504 1305 2593; baseline 0 -24"><span class='ocrx_word' id='word_1_210' title='bbox 165 2504 408 2586; x_wconf 88' lang='lat' dir='ltr'>introducebant,</span> <span class='ocrx_word' id='word_1_211' title='bbox 430 2510 499 2592; x_wconf 90' lang='lat' dir='ltr'>plus</span> <span class='ocrx_word' id='word_1_212' title='bbox 521 2529 633 2593; x_wconf 90' lang='lat' dir='ltr'>operae</span> <span class='ocrx_word' id='word_1_213' title='bbox 652 2509 739 2569; x_wconf 87' lang='lat' dir='ltr'>ineo</span> <span class='ocrx_word' id='word_1_214' title='bbox 760 2517 920 2593; x_wconf 91' lang='lat' dir='ltr'>ponentes,</span> <span class='ocrx_word' id='word_1_215' title='bbox 941 2528 1002 2593; x_wconf 91' lang='lat' dir='ltr'>quo</span> <span class='ocrx_word' id='word_1_216' title='bbox 1024 2506 1137 2585; x_wconf 84' lang='lat' dir='ltr'>judicis¹</span> <span class='ocrx_word' id='word_1_217' title='bbox 1153 2526 1244 2571; x_wconf 85' lang='lat' dir='ltr'>aures</span> <span class='ocrx_word' id='word_1_218' title='bbox 1262 2507 1305 2569; x_wconf 87' lang='lat' dir='ltr'>ti-</span> 
     </span>
     <span class='ocr_line' id='line_1_26' title="bbox 166 2592 1304 2679; baseline -0.002 -22"><span class='ocrx_word' id='word_1_219' title='bbox 166 2592 307 2671; x_wconf 86' lang='lat' dir='ltr'>tillarent,</span> <span class='ocrx_word' id='word_1_220' title='bbox 328 2613 421 2677; x_wconf 86' lang='lat' dir='ltr'>quam</span> <span class='ocrx_word' id='word_1_221' title='bbox 439 2604 474 2655; x_wconf 92' lang='lat' dir='ltr'>ut</span> <span class='ocrx_word' id='word_1_222' title='bbox 495 2614 620 2656; x_wconf 86' lang='lat' dir='ltr'>caussae</span> <span class='ocrx_word' id='word_1_223' title='bbox 640 2597 719 2672; x_wconf 87' lang='lat' dir='ltr'>justa</span> <span class='ocrx_word' id='word_1_224' title='bbox 740 2603 945 2679; x_wconf 82' lang='lat' dir='ltr'>exponerent:</span> <span class='ocrx_word' id='word_1_225' title='bbox 966 2614 1044 2678; x_wconf 88' lang='lat' dir='ltr'>quae</span> <span class='ocrx_word' id='word_1_226' title='bbox 1065 2604 1130 2655; x_wconf 90' lang='lat' dir='ltr'>erat</span> <span class='ocrx_word' id='word_1_227' title='bbox 1149 2592 1304 2655; x_wconf 85' lang='lat' dir='ltr'>amentiae</span> 
     </span>
     <span class='ocr_line' id='line_1_27' title="bbox 167 2676 1304 2759; baseline 0.002 -20"><span class='ocrx_word' id='word_1_228' title='bbox 167 2678 274 2741; x_wconf 90' lang='lat' dir='ltr'>ultima</span> <span class='ocrx_word' id='word_1_229' title='bbox 297 2678 388 2742; x_wconf 77' lang='lat' dir='ltr'>linea</span> <span class='ocrx_word' id='word_1_230' title='bbox 432 2676 527 2742; x_wconf 85' lang='lat' dir='ltr'>Sexto</span> <span class='ocrx_word' id='word_1_231' title='bbox 548 2681 623 2741; x_wconf 91' lang='lat' dir='ltr'>loco.</span> <span class='ocrx_word' id='word_1_232' title='bbox 648 2682 760 2742; x_wconf 88' lang='lat' dir='ltr'>fractos</span> <span class='ocrx_word' id='word_1_233' title='bbox 788 2678 933 2741; x_wconf 89' lang='lat' dir='ltr'>orationis</span> <span class='ocrx_word' id='word_1_234' title='bbox 953 2700 1099 2742; x_wconf 88' lang='lat' dir='ltr'>numeros</span> <span class='ocrx_word' id='word_1_235' title='bbox 1120 2680 1254 2759; x_wconf 82' lang='lat' dir='ltr'>exagitat</span> <span class='ocrx_word' id='word_1_236' title='bbox 1274 2688 1304 2741; x_wconf 92' lang='lat' dir='ltr'>et</span> 
     </span>
     <span class='ocr_line' id='line_1_28' title="bbox 168 2761 1305 2867; baseline 0.001 -41"><span class='ocrx_word' id='word_1_237' title='bbox 168 2761 345 2827; x_wconf 88' lang='lat' dir='ltr'>Sotadicam</span> <span class='ocrx_word' id='word_1_238' title='bbox 363 2761 504 2867; x_wconf 72' lang='lat' dir='ltr'>poisim:</span> <span class='ocrx_word' id='word_1_239' title='bbox 525 2787 584 2849; x_wconf 92' lang='lat' dir='ltr'>qua</span> <span class='ocrx_word' id='word_1_240' title='bbox 598 2764 681 2829; x_wconf 88' lang='lat' dir='ltr'>Nero</span> <span class='ocrx_word' id='word_1_241' title='bbox 703 2777 734 2828; x_wconf 89' lang='lat' dir='ltr'>et</span> <span class='ocrx_word' id='word_1_242' title='bbox 754 2776 818 2827; x_wconf 90' lang='lat' dir='ltr'>tota</span> <span class='ocrx_word' id='word_1_243' title='bbox 839 2768 904 2844; x_wconf 87' lang='lat' dir='ltr'>ejus</span> <span class='ocrx_word' id='word_1_244' title='bbox 927 2766 1037 2828; x_wconf 90' lang='lat' dir='ltr'>cohors</span> <span class='ocrx_word' id='word_1_245' title='bbox 1058 2765 1198 2828; x_wconf 89' lang='lat' dir='ltr'>moribus</span> <span class='ocrx_word' id='word_1_246' title='bbox 1213 2764 1305 2829; x_wconf 87' lang='lat' dir='ltr'>Sota-</span> 
     </span>
     <span class='ocr_line' id='line_1_29' title="bbox 167 2848 1304 2937; baseline 0.002 -26"><span class='ocrx_word' id='word_1_247' title='bbox 167 2848 244 2912; x_wconf 85' lang='lat' dir='ltr'>dicis</span> <span class='ocrx_word' id='word_1_248' title='bbox 266 2848 404 2935; x_wconf 86' lang='lat' dir='ltr'>praedrta</span> <span class='ocrx_word' id='word_1_249' title='bbox 423 2851 550 2914; x_wconf 90' lang='lat' dir='ltr'>mirifice</span> <span class='ocrx_word' id='word_1_250' title='bbox 580 2849 799 2915; x_wconf 84' lang='lat' dir='ltr'>delectabatur:</span> <span class='ocrx_word' id='word_1_251' title='bbox 828 2849 989 2914; x_wconf 90' lang='lat' dir='ltr'>Romanus</span> <span class='ocrx_word' id='word_1_252' title='bbox 1009 2873 1084 2915; x_wconf 84' lang='lat' dir='ltr'>vero</span> <span class='ocrx_word' id='word_1_253' title='bbox 1109 2853 1243 2937; x_wconf 91' lang='lat' dir='ltr'>populus</span> <span class='ocrx_word' id='word_1_254' title='bbox 1261 2851 1304 2913; x_wconf 86' lang='lat' dir='ltr'>ita</span> 
     </span>
     <span class='ocr_line' id='line_1_30' title="bbox 167 2935 1306 3017; baseline 0.002 -19"><span class='ocrx_word' id='word_1_255' title='bbox 167 2956 287 2999; x_wconf 85' lang='lat' dir='ltr'>novum</span> <span class='ocrx_word' id='word_1_256' title='bbox 307 2936 469 3000; x_wconf 81' lang='lat' dir='ltr'>inventum</span> <span class='ocrx_word' id='word_1_257' title='bbox 494 2937 675 3017; x_wconf 88' lang='lat' dir='ltr'>mirabatur,</span> <span class='ocrx_word' id='word_1_258' title='bbox 703 2949 737 2998; x_wconf 91' lang='lat' dir='ltr'>ut</span> <span class='ocrx_word' id='word_1_259' title='bbox 762 2939 856 3017; x_wconf 77' lang='lat' dir='ltr'>vulgo</span> <span class='ocrx_word' id='word_1_260' title='bbox 877 2937 1060 3016; x_wconf 85' lang='lat' dir='ltr'>jactitaretur</span> <span class='ocrx_word' id='word_1_261' title='bbox 1081 2948 1155 2999; x_wconf 91' lang='lat' dir='ltr'>tunc</span> <span class='ocrx_word' id='word_1_262' title='bbox 1176 2935 1306 3000; x_wconf 87' lang='lat' dir='ltr'>demum</span> 
     </span>
     <span class='ocr_line' id='line_1_31' title="bbox 114 3019 1305 3109; baseline 0.003 -26"><span class='ocrx_word' id='word_1_263' title='bbox 114 3029 156 3093; x_wconf 57' lang='lat'>&lt;34</span> <span class='ocrx_word' id='word_1_264' title='bbox 172 3019 312 3107; x_wconf 80' lang='lat' dir='ltr'>poiisim,</span> <span class='ocrx_word' id='word_1_265' title='bbox 339 3043 434 3108; x_wconf 90' lang='lat' dir='ltr'>quam</span> <span class='ocrx_word' id='word_1_266' title='bbox 461 3024 665 3103; x_wconf 88' lang='lat' dir='ltr'>amajoribus</span> <span class='ocrx_word' id='word_1_267' title='bbox 690 3023 903 3108; x_wconf 87' lang='lat' dir='ltr'>imperfectam</span> <span class='ocrx_word' id='word_1_268' title='bbox 929 3023 1132 3109; x_wconf 81' lang='lat' dir='ltr'>accepissent,</span> <span class='ocrx_word' id='word_1_269' title='bbox 1161 3023 1305 3086; x_wconf 82' lang='lat' dir='ltr'>ommhus</span> 
     </span>
     <span class='ocr_line' id='line_1_32' title="bbox 168 3108 1305 3195; baseline 0 -24"><span class='ocrx_word' id='word_1_270' title='bbox 168 3108 304 3171; x_wconf 89' lang='lat' dir='ltr'>numeris</span> <span class='ocrx_word' id='word_1_271' title='bbox 332 3129 400 3172; x_wconf 86' lang='lat' dir='ltr'>esee</span> <span class='ocrx_word' id='word_1_272' title='bbox 428 3112 609 3195; x_wconf 83' lang='lat' dir='ltr'>perfectam:</span> <span class='ocrx_word' id='word_1_273' title='bbox 638 3131 657 3172; x_wconf 90' lang='lat' dir='ltr'>e</span> <span class='ocrx_word' id='word_1_274' title='bbox 683 3109 833 3171; x_wconf 86' lang='lat' dir='ltr'>contrario</span> <span class='ocrx_word' id='word_1_275' title='bbox 861 3110 1037 3194; x_wconf 86' lang='lat' dir='ltr'>pronuntiat</span> <span class='ocrx_word' id='word_1_276' title='bbox 1062 3109 1185 3173; x_wconf 88' lang='lat' dir='ltr'>Persius</span> <span class='ocrx_word' id='word_1_277' title='bbox 1213 3110 1305 3177; x_wconf 85' lang='lat' dir='ltr'>talem</span> 
     </span>
     <span class='ocr_line' id='line_1_33' title="bbox 139 3192 1305 3281; baseline 0.003 -26"><span class='ocrx_word' id='word_1_278' title='bbox 139 3212 145 3237; x_wconf 77' lang='lat'><strong>¹</strong></span> <span class='ocrx_word' id='word_1_279' title='bbox 167 3192 291 3280; x_wconf 73' lang='lat' dir='ltr'>poesim</span> <span class='ocrx_word' id='word_1_280' title='bbox 312 3192 513 3258; x_wconf 84' lang='lat' dir='ltr'>detestatione</span> <span class='ocrx_word' id='word_1_281' title='bbox 535 3194 668 3276; x_wconf 85' lang='lat' dir='ltr'>dignam,</span> <span class='ocrx_word' id='word_1_282' title='bbox 689 3216 755 3257; x_wconf 93' lang='lat' dir='ltr'>non</span> <span class='ocrx_word' id='word_1_283' title='bbox 775 3197 877 3258; x_wconf 88' lang='lat' dir='ltr'>solum</span> <span class='ocrx_word' id='word_1_284' title='bbox 899 3216 1016 3275; x_wconf 92' lang='lat' dir='ltr'>eorum,</span> <span class='ocrx_word' id='word_1_285' title='bbox 1035 3196 1090 3281; x_wconf 92' lang='lat' dir='ltr'>qui</span> <span class='ocrx_word' id='word_1_286' title='bbox 1108 3193 1150 3257; x_wconf 89' lang='lat' dir='ltr'>ad</span> <span class='ocrx_word' id='word_1_287' title='bbox 1170 3194 1305 3281; x_wconf 73' lang='lat' dir='ltr'>politices</span> 
     </span>
     <span class='ocr_line' id='line_1_34' title="bbox 167 3278 1307 3367; baseline 0.001 -24"><span class='ocrx_word' id='word_1_288' title='bbox 167 3298 275 3343; x_wconf 82' lang='lat' dir='ltr'>veram</span> <span class='ocrx_word' id='word_1_289' title='bbox 295 3278 419 3343; x_wconf 90' lang='lat' dir='ltr'>laudem</span> <span class='ocrx_word' id='word_1_290' title='bbox 439 3280 635 3367; x_wconf 86' lang='lat' dir='ltr'>adspirarent,</span> <span class='ocrx_word' id='word_1_291' title='bbox 661 3280 718 3344; x_wconf 92' lang='lat' dir='ltr'>sed</span> <span class='ocrx_word' id='word_1_292' title='bbox 732 3282 881 3361; x_wconf 92' lang='lat' dir='ltr'>omnium,</span> <span class='ocrx_word' id='word_1_293' title='bbox 903 3282 964 3367; x_wconf 26' lang='lat' dir='ltr'>qui·</span> <span class='ocrx_word' id='word_1_294' title='bbox 976 3283 1037 3343; x_wconf 86' lang='lat' dir='ltr'>ho&#39;c</span> <span class='ocrx_word' id='word_1_295' title='bbox 1060 3282 1171 3345; x_wconf 88' lang='lat' dir='ltr'>saltem</span> <span class='ocrx_word' id='word_1_296' title='bbox 1193 3281 1307 3344; x_wconf 88' lang='lat' dir='ltr'>memi-</span> 
     </span>
     <span class='ocr_line' id='line_1_35' title="bbox 168 3363 1307 3452; baseline 0.005 -26"><span class='ocrx_word' id='word_1_297' title='bbox 168 3363 294 3442; x_wconf 88' lang='lat' dir='ltr'>nissent,</span> <span class='ocrx_word' id='word_1_298' title='bbox 314 3366 398 3428; x_wconf 83' lang='lat' dir='ltr'>viros</span> <span class='ocrx_word' id='word_1_299' title='bbox 420 3387 454 3428; x_wconf 90' lang='lat' dir='ltr'>se</span> <span class='ocrx_word' id='word_1_300' title='bbox 472 3378 573 3429; x_wconf 87' lang='lat' dir='ltr'>natos:</span> <span class='ocrx_word' id='word_1_301' title='bbox 594 3366 724 3452; x_wconf 88' lang='lat' dir='ltr'>proinde</span> <span class='ocrx_word' id='word_1_302' title='bbox 745 3368 873 3430; x_wconf 87' lang='lat' dir='ltr'>exoletis</span> <span class='ocrx_word' id='word_1_303' title='bbox 896 3388 964 3429; x_wconf 89' lang='lat' dir='ltr'>esse</span> <span class='ocrx_word' id='word_1_304' title='bbox 985 3365 1237 3452; x_wconf 87' lang='lat' dir='ltr'>relinquendam:</span> <span class='ocrx_word' id='word_1_305' title='bbox 1257 3368 1307 3431; x_wconf 86' lang='lat' dir='ltr'>in-</span> 
     </span>
     <span class='ocr_line' id='line_1_36' title="bbox 170 3449 1306 3546; baseline 0.007 -36"><span class='ocrx_word' id='word_1_306' title='bbox 170 3449 242 3546; x_wconf 88' lang='lat' dir='ltr'>cipit</span> <span class='ocrx_word' id='word_1_307' title='bbox 264 3471 303 3511; x_wconf 91' lang='lat' dir='ltr'>eo</span> <span class='ocrx_word' id='word_1_308' title='bbox 323 3451 398 3513; x_wconf 78' lang='lat' dir='ltr'>loci:</span> <span class='ocrx_word' id='word_1_309' title='bbox 420 3449 490 3515; x_wconf 79' lang='lat' dir='ltr'>Sed</span> <span class='ocrx_word' id='word_1_310' title='bbox 501 3452 653 3515; x_wconf 67' lang='lat' dir='ltr'>numeria</span> <span class='ocrx_word' id='word_1_311' title='bbox 675 3452 778 3516; x_wconf 82' lang='lat' dir='ltr'>decor</span> <span class='ocrx_word' id='word_1_312' title='bbox 795 3461 844 3515; x_wconf 83' lang='lat' dir='ltr'>est</span> <span class='ocrx_word' id='word_1_313' title='bbox 866 3462 900 3516; x_wconf 83' lang='lat' dir='ltr'>et</span> <span class='ocrx_word' id='word_1_314' title='bbox 903 3450 1070 3540; x_wconf 78' lang='lat' dir='ltr'>junctura</span> <span class='ocrx_word' id='word_1_315' title='bbox 1085 3451 1220 3517; x_wconf 75' lang='lat' dir='ltr'>additu</span> <span class='ocrx_word' id='word_1_316' title='bbox 1228 3475 1306 3518; x_wconf 87' lang='lat' dir='ltr'>cru-</span> 
     </span>
     <span class='ocr_line' id='line_1_37' title="bbox 169 3531 1307 3628; baseline 0.007 -32"><span class='ocrx_word' id='word_1_317' title='bbox 169 3531 234 3598; x_wconf 81' lang='lat' dir='ltr'>dia.</span> <span class='ocrx_word' id='word_1_318' title='bbox 276 3535 364 3598; x_wconf 89' lang='lat' dir='ltr'>Hanc</span> <span class='ocrx_word' id='word_1_319' title='bbox 386 3535 482 3599; x_wconf 89' lang='lat' dir='ltr'>Persii</span> <span class='ocrx_word' id='word_1_320' title='bbox 503 3537 678 3600; x_wconf 83' lang='lat' dir='ltr'>liberiorem</span> <span class='ocrx_word' id='word_1_321' title='bbox 698 3537 959 3619; x_wconf 86' lang='lat' dir='ltr'>indignationem,</span> <span class='ocrx_word' id='word_1_322' title='bbox 992 3560 1085 3625; x_wconf 81' lang='lat' dir='ltr'>quam</span> <span class='ocrx_word' id='word_1_323' title='bbox 1104 3561 1163 3625; x_wconf 87' lang='lat' dir='ltr'>pro</span> <span class='ocrx_word' id='word_1_324' title='bbox 1185 3551 1307 3628; x_wconf 89' lang='lat' dir='ltr'>tempo-</span> 
     </span>
     <span class='ocr_line' id='line_1_38' title="bbox 167 3619 1305 3712; baseline 0.008 -31"><span class='ocrx_word' id='word_1_325' title='bbox 167 3619 251 3683; x_wconf 85' lang='lat' dir='ltr'>ribus</span> <span class='ocrx_word' id='word_1_326' title='bbox 280 3622 420 3707; x_wconf 89' lang='lat' dir='ltr'>publicae</span> <span class='ocrx_word' id='word_1_327' title='bbox 448 3622 600 3687; x_wconf 83' lang='lat' dir='ltr'>servitutis</span> <span class='ocrx_word' id='word_1_328' title='bbox 629 3626 687 3686; x_wconf 89' lang='lat' dir='ltr'>sub</span> <span class='ocrx_word' id='word_1_329' title='bbox 707 3625 845 3710; x_wconf 90' lang='lat' dir='ltr'>principe</span> <span class='ocrx_word' id='word_1_330' title='bbox 868 3623 992 3687; x_wconf 91' lang='lat' dir='ltr'>Nerone</span> <span class='ocrx_word' id='word_1_331' title='bbox 1009 3626 1305 3712; x_wconf 73' lang='lat' dir='ltr'>¹excipitfamiliun&#39;s</span> 
     </span>
     <span class='ocr_line' id='line_1_39' title="bbox 169 3707 1306 3798; baseline 0.008 -32"><span class='ocrx_word' id='word_1_332' title='bbox 169 3707 292 3783; x_wconf 86' lang='lat' dir='ltr'>ejus-ac</span> <span class='ocrx_word' id='word_1_333' title='bbox 312 3709 462 3788; x_wconf 89' lang='lat' dir='ltr'>monitor,</span> <span class='ocrx_word' id='word_1_334' title='bbox 490 3728 634 3795; x_wconf 89' lang='lat' dir='ltr'>praesens</span> <span class='ocrx_word' id='word_1_335' title='bbox 662 3709 708 3771; x_wconf 91' lang='lat' dir='ltr'>illi</span> <span class='ocrx_word' id='word_1_336' title='bbox 738 3730 757 3771; x_wconf 89' lang='lat' dir='ltr'>a</span> <span class='ocrx_word' id='word_1_337' title='bbox 776 3711 970 3791; x_wconf 85' lang='lat' dir='ltr'>magnatibus</span> <span class='ocrx_word' id='word_1_338' title='bbox 996 3713 1168 3798; x_wconf 85' lang='lat' dir='ltr'>periculum</span> <span class='ocrx_word' id='word_1_339' title='bbox 1187 3712 1306 3775; x_wconf 88' lang='lat' dir='ltr'>denun-</span> 
     </span>
     <span class='ocr_line' id='line_1_40' title="bbox 167 3790 1306 3885; baseline 0.012 -34"><span class='ocrx_word' id='word_1_340' title='bbox 167 3790 257 3870; x_wconf 89' lang='lat' dir='ltr'>tians,</span> <span class='ocrx_word' id='word_1_341' title='bbox 279 3792 306 3855; x_wconf 90' lang='lat' dir='ltr'>si</span> <span class='ocrx_word' id='word_1_342' title='bbox 326 3807 465 3881; x_wconf 88' lang='lat' dir='ltr'>pergeret</span> <span class='ocrx_word' id='word_1_343' title='bbox 484 3797 543 3857; x_wconf 92' lang='lat' dir='ltr'>hac</span> <span class='ocrx_word' id='word_1_344' title='bbox 564 3795 702 3859; x_wconf 87' lang='lat' dir='ltr'>libertate</span> <span class='ocrx_word' id='word_1_345' title='bbox 726 3816 765 3858; x_wconf 89' lang='lat' dir='ltr'>ea</span> <span class='ocrx_word' id='word_1_346' title='bbox 784 3795 1031 3881; x_wconf 78' lang='lat' dir='ltr'>reprehendere,</span> <span class='ocrx_word' id='word_1_347' title='bbox 1066 3819 1124 3861; x_wconf 87' lang='lat' dir='ltr'>uae</span> <span class='ocrx_word' id='word_1_348' title='bbox 1144 3799 1222 3885; x_wconf 82' lang='lat' dir='ltr'>ipsis</span> <span class='ocrx_word' id='word_1_349' title='bbox 1243 3799 1306 3884; x_wconf 79' lang='lat' dir='ltr'>plt-</span> 
     </span>
     <span class='ocr_line' id='line_1_41' title="bbox 170 3821 1305 3967; baseline 0.011 -31"><span class='ocrx_word' id='word_1_350' title='bbox 170 3888 286 3957; x_wconf 81' lang='lat' dir='ltr'>carent,</span> <span class='ocrx_word' id='word_1_351' title='bbox 321 3881 458 3943; x_wconf 86' lang='lat' dir='ltr'>maxime</span> <span class='ocrx_word' id='word_1_352' title='bbox 486 3892 589 3944; x_wconf 87' lang='lat' dir='ltr'>autem</span> <span class='ocrx_word' id='word_1_353' title='bbox 617 3880 814 3967; x_wconf 64' lang='lat' dir='ltr'>fflperatori:</span> <span class='ocrx_word' id='word_1_354' title='bbox 840 3883 910 3945; x_wconf 93' lang='lat' dir='ltr'>heic</span> <span class='ocrx_word' id='word_1_355' title='bbox 938 3897 1019 3947; x_wconf 72' lang='lat' dir='ltr'>vcro¹</span> <span class='ocrx_word' id='word_1_356' title='bbox 1039 3821 1178 3963; x_wconf 63' lang='lat' dir='ltr'>llersius,</span> <span class='ocrx_word' id='word_1_357' title='bbox 1207 3884 1305 3948; x_wconf 79' lang='lat' dir='ltr'>ironia</span> 
     </span>
     <span class='ocr_line' id='line_1_42' title="bbox 169 3961 1306 4056; baseline 0.011 -35"><span class='ocrx_word' id='word_1_358' title='bbox 169 3961 302 4047; x_wconf 85' lang='lat' dir='ltr'>quadarn</span> <span class='ocrx_word' id='word_1_359' title='bbox 323 3966 408 4052; x_wconf 91' lang='lat' dir='ltr'>prius</span> <span class='ocrx_word' id='word_1_360' title='bbox 428 3988 511 4046; x_wconf 88' lang='lat' dir='ltr'>usus,</span> <span class='ocrx_word' id='word_1_361' title='bbox 533 3968 620 4052; x_wconf 90' lang='lat' dir='ltr'>quasi</span> <span class='ocrx_word' id='word_1_362' title='bbox 634 3968 795 4031; x_wconf 88' lang='lat' dir='ltr'>consilium</span> <span class='ocrx_word' id='word_1_363' title='bbox 816 3965 962 4048; x_wconf 85' lang='lat' dir='ltr'>laudaret,</span> <span class='ocrx_word' id='word_1_364' title='bbox 982 3992 1059 4031; x_wconf 85' lang='lat' dir='ltr'>mox</span> <span class='ocrx_word' id='word_1_365' title='bbox 1079 3982 1184 4056; x_wconf 85' lang='lat' dir='ltr'>aperte</span> <span class='ocrx_word' id='word_1_366' title='bbox 1205 3970 1306 4035; x_wconf 90' lang='lat' dir='ltr'>multis</span> 
     </span>
     <span class='ocr_line' id='line_1_43' title="bbox 170 4050 1305 4139; baseline 0.005 -28"><span class='ocrx_word' id='word_1_367' title='bbox 170 4050 320 4133; x_wconf 87' lang='lat' dir='ltr'>exemplis</span> <span class='ocrx_word' id='word_1_368' title='bbox 340 4052 464 4138; x_wconf 86' lang='lat' dir='ltr'>prolatis</span> <span class='ocrx_word' id='word_1_369' title='bbox 485 4074 575 4116; x_wconf 89' lang='lat' dir='ltr'>suam</span> <span class='ocrx_word' id='word_1_370' title='bbox 596 4065 625 4116; x_wconf 92' lang='lat' dir='ltr'>et</span> <span class='ocrx_word' id='word_1_371' title='bbox 648 4055 775 4117; x_wconf 91' lang='lat' dir='ltr'>omnino</span> <span class='ocrx_word' id='word_1_372' title='bbox 796 4055 950 4139; x_wconf 90' lang='lat' dir='ltr'>publicam</span> <span class='ocrx_word' id='word_1_373' title='bbox 969 4057 1141 4119; x_wconf 85' lang='lat' dir='ltr'>libertatem</span> <span class='ocrx_word' id='word_1_374' title='bbox 1162 4058 1305 4121; x_wconf 88' lang='lat' dir='ltr'>acerrime</span> 
     </span>
     <span class='ocr_line' id='line_1_44' title="bbox 67 4139 1305 4227; baseline 0.006 -30"><span class='ocrx_word' id='word_1_375' title='bbox 67 4160 70 4167; x_wconf 92' lang='lat'>·</span> <span class='ocrx_word' id='word_1_376' title='bbox 167 4147 355 4219; x_wconf 79' lang='lat' dir='ltr'>propugnat3</span> <span class='ocrx_word' id='word_1_377' title='bbox 380 4149 469 4223; x_wconf 90' lang='lat' dir='ltr'>atque</span> <span class='ocrx_word' id='word_1_378' title='bbox 491 4140 570 4202; x_wconf 86' lang='lat' dir='ltr'>hanc</span> <span class='ocrx_word' id='word_1_379' title='bbox 585 4140 714 4209; x_wconf 78' lang='lat' dir='ltr'>facimus</span> <span class='ocrx_word' id='word_1_380' title='bbox 730 4142 894 4224; x_wconf 85' lang='lat' dir='ltr'>septimam</span> <span class='ocrx_word' id='word_1_381' title='bbox 910 4139 1027 4203; x_wconf 85' lang='lat' dir='ltr'>Satirae</span> <span class='ocrx_word' id='word_1_382' title='bbox 1044 4153 1180 4227; x_wconf 86' lang='lat' dir='ltr'>partem,</span> <span class='ocrx_word' id='word_1_383' title='bbox 1203 4144 1305 4208; x_wconf 89' lang='lat' dir='ltr'>abillo</span> 
     </span>
     <span class='ocr_line' id='line_1_45' title="bbox 123 4219 1305 4310; baseline 0.003 -23"><span class='ocrx_word' id='word_1_384' title='bbox 123 4280 129 4287; x_wconf 93' lang='lat'>.</span> <span class='ocrx_word' id='word_1_385' title='bbox 168 4219 373 4287; x_wconf 70' lang='lat' dir='ltr'>versus-Sed</span> <span class='ocrx_word' id='word_1_386' title='bbox 393 4221 477 4310; x_wconf 84' lang='lat' dir='ltr'>quid</span> <span class='ocrx_word' id='word_1_387' title='bbox 500 4247 583 4310; x_wconf 83' lang='lat' dir='ltr'>opus</span> <span class='ocrx_word' id='word_1_388' title='bbox 606 4235 748 4289; x_wconf 80' lang='lat' dir='ltr'>teneros·</span> <span class='ocrx_word' id='word_1_389' title='bbox 762 4223 930 4288; x_wconf 80' lang='lat' dir='ltr'>mordaci.</span> <span class='ocrx_word' id='word_1_390' title='bbox 982 4224 1101 4292; x_wconf 72' lang='lat' dir='ltr'>Oetaea</span> <span class='ocrx_word' id='word_1_391' title='bbox 1123 4226 1239 4293; x_wconf 86' lang='lat' dir='ltr'>deinde</span> <span class='ocrx_word' id='word_1_392' title='bbox 1255 4249 1305 4292; x_wconf 86' lang='lat' dir='ltr'>se-</span> 
     </span>
     <span class='ocr_line' id='line_1_46' title="bbox 167 4306 1304 4402; baseline 0.009 -35"><span class='ocrx_word' id='word_1_393' title='bbox 167 4306 271 4390; x_wconf 87' lang='lat' dir='ltr'>quitur</span> <span class='ocrx_word' id='word_1_394' title='bbox 288 4318 319 4369; x_wconf 88' lang='lat' dir='ltr'>et</span> <span class='ocrx_word' id='word_1_395' title='bbox 340 4309 447 4371; x_wconf 90' lang='lat' dir='ltr'>ultima</span> <span class='ocrx_word' id='word_1_396' title='bbox 469 4312 507 4373; x_wconf 90' lang='lat' dir='ltr'>ab</span> <span class='ocrx_word' id='word_1_397' title='bbox 528 4310 582 4372; x_wconf 94' lang='lat' dir='ltr'>illo</span> <span class='ocrx_word' id='word_1_398' title='bbox 603 4313 693 4374; x_wconf 91' lang='lat' dir='ltr'>loco:</span> <span class='ocrx_word' id='word_1_399' title='bbox 716 4309 855 4374; x_wconf 82' lang='lat' dir='ltr'>Audaci</span> <span class='ocrx_word' id='word_1_400' title='bbox 877 4310 1061 4400; x_wconf 80' lang='lat' dir='ltr'>quicunque</span> <span class='ocrx_word' id='word_1_401' title='bbox 1081 4309 1208 4402; x_wconf 68' lang='lat' dir='ltr'>assiste</span> <span class='ocrx_word' id='word_1_402' title='bbox 1221 4310 1304 4379; x_wconf 60' lang='lat' dir='ltr'>Gran</span> 
     </span>
     <span class='ocr_line' id='line_1_47' title="bbox 167 4389 1302 4502; baseline 0.009 -49"><span class='ocrx_word' id='word_1_403' title='bbox 167 4389 347 4479; x_wconf 64' lang='lat' dir='ltr'>tinorum</span> <span class='ocrx_word' id='word_1_404' title='bbox 375 4393 507 4458; x_wconf 87' lang='lat' dir='ltr'>declarat</span> <span class='ocrx_word' id='word_1_405' title='bbox 526 4394 636 4481; x_wconf 75' lang='lat' dir='ltr'>potita,</span> <span class='ocrx_word' id='word_1_406' title='bbox 665 4396 775 4482; x_wconf 90' lang='lat' dir='ltr'>quibus</span> <span class='ocrx_word' id='word_1_407' title='bbox 803 4398 860 4459; x_wconf 91' lang='lat' dir='ltr'>has</span> <span class='ocrx_word' id='word_1_408' title='bbox 883 4395 998 4461; x_wconf 85' lang='lat' dir='ltr'>Satiras</span> <span class='ocrx_word' id='word_1_409' title='bbox 1020 4400 1131 4463; x_wconf 85' lang='lat' dir='ltr'>scribat</span> <span class='ocrx_word' id='word_1_410' title='bbox 1153 4413 1184 4463; x_wconf 89' lang='lat' dir='ltr'>et</span> <span class='ocrx_word' id='word_1_411' title='bbox 1205 4421 1224 4462; x_wconf 88' lang='lat' dir='ltr'>a</span> <span class='ocrx_word' id='word_1_412' title='bbox 1243 4404 1302 4502; x_wconf 81' lang='lat' dir='ltr'>&#39;quo</span> 
     </span>
     <span class='ocr_line' id='line_1_48' title="bbox 167 4482 1303 4570; baseline 0.004 -28"><span class='ocrx_word' id='word_1_413' title='bbox 167 4482 544 4563; x_wconf 50' lang='lat' dir='ltr'>geherehominurntsua</span> <span class='ocrx_word' id='word_1_414' title='bbox 563 4482 639 4547; x_wconf 85' lang='lat' dir='ltr'>&#39;velit</span> <span class='ocrx_word' id='word_1_415' title='bbox 658 4483 750 4564; x_wconf 59' lang='lat' dir='ltr'>legip-</span> <span class='ocrx_word' id='word_1_416' title='bbox 762 4483 914 4570; x_wconf 58' lang='lat' dir='ltr'>arquibus</span> <span class='ocrx_word' id='word_1_417' title='bbox 941 4485 1034 4567; x_wconf 89' lang='lat' dir='ltr'>nolit,</span> <span class='ocrx_word' id='word_1_418' title='bbox 1061 4497 1096 4549; x_wconf 88' lang='lat' dir='ltr'>ut</span> <span class='ocrx_word' id='word_1_419' title='bbox 1120 4484 1237 4551; x_wconf 86' lang='lat' dir='ltr'>dictum</span> <span class='ocrx_word' id='word_1_420' title='bbox 1256 4483 1303 4549; x_wconf 88' lang='lat' dir='ltr'>uti</span> 
     </span>
    </p>
   </div>
   <div class='ocr_carea' id='block_1_3' title="bbox 0 0 1368 4972">
    <p class='ocr_par' dir='ltr' id='par_1_3' title="bbox 0 0 1368 4972">
     <span class='ocr_line' id='line_1_49' title="bbox 0 0 1368 4972; baseline 0 0"><span class='ocrx_word' id='word_1_421' title='bbox 0 0 1368 4972; x_wconf 95' lang='lat' dir='ltr'> </span> 
     </span>
    </p>
   </div>
  </div>
 </body>
</html>
