2700 4972
154 344 218 413 ιον
519 321 920 411 oouururrmus
949 282 953 289 „

134 535 247 601 ·φεις;
269 509 350 579 θεάν
362 507 554 597 μυμνάζειςς
574 511 656 578 θεὸν
671 509 878 599 πιριφὲρεις;
899 508 1018 593 τάλας,
1041 513 1123 598 [nat]
1139 510 1266 601 άμνοιῖςς
1305 528 1310 589 t

133 640 135 644 ,
157 603 265 677 δοκεῖς
281 621 320 682 με
334 597 438 683 λέγειν
455 594 625 682 ἀργυροῦν
640 622 714 664 τινα
742 596 757 622 '¹
775 602 924 684 χρυσοῦν
947 597 1087 678 liutem
1117 600 1155 669 ἐν
1172 608 1266 695 camp
1307 611 1310 681 t

157 684 267 769 φέρεις
280 680 383 750 αὐτὸν
397 681 454 748 καὶ
467 680 622 767 μολύνων
636 680 699 749 οὐκ
718 624 879 770 αάσθάνμ,
900 681 1108 768 άκαθαρτοῖς
1131 684 1193 769 μὲν
1211 690 1266 757 ta·
1308 726 1310 757 t

155 768 312 853 νοήμασι,
334 768 502 851 ῥυπαραῖς
523 766 559 835 δὲ
585 764 740 850 πράξεσιι
776 771 880 834 dextre
903 773 1021 857 accipe,
1058 772 1144 858 quod
1161 786 1266 839 mauu

155 858 410 942 divinae'partem
420 858 453 917 in
464 856 593 918 homine
608 858 673 920 vult
687 878 770 935 esse,
791 878 883 942 quem
896 878 1029 920 errorem
1042 856 1143 921 Stoici
1153 872 1267 923 errarat

84 968 87 973 ·
156 965 227 1004 cum
246 943 395 1029 plerIsque
417 952 555 1004 veterum
579 963 612 1003 sa
633 941 766 1004 ientum:
797 954 1028 1026 caeteraquam
1047 941 1179 1009 divina?
1217 943 1267 1009 set

154 1018 269 1091 rursus:
292 1022 385 1105 Quid
397 1033 448 1089 ert
463 1024 590 1088 homo?
611 963 746 1089 ἕσποιτο
760 1030 931 1090 τετάνυσται
944 1025 984 1088 ad
997 1027 1149 1091 Marciam
1164 1029 1201 1106 [c.
1212 1032 1266 1110 1112

103 1109 369 1176 rrstmtectttum
385 1130 509 1196 corpus
526 1117 561 1172 et
570 1109 724 1199 fragile,
746 1108 878 1175 nudum
882 1158 895 1189 ,
917 1118 1039 1196 suapte
1053 1121 1185 1178 nutura
1195 1110 1267 1179 ina-

154 1220 227 1276 me,
251 1195 389 1260 alienae
406 1193 667 1282 opirindigene‚
694 1194 742 1259 ad
758 1218 895 1259 omnem
910 1192 1268 1283 fortunaecoutumt·

154 1282 243 1348 liam
258 1279 469 1368 projectum
491 1281 546 1345 sed
563 1282 644 1367 apud
654 1283 756 1368 ipsum
772 1295 888 1345 caetera
899 1285 1054 1362 legantur:
1078 1295 1128 1347 est
1141 1284 1267 1349 enimlo·

136 1438 138 1443 ,
155 1392 207 1433 cus
220 1369 379 1455 prolixi0r3
403 1368 451 1428 cui
462 1378 492 1430 et
509 1367 560 1429 alii
572 1370 737 1431 multorum
749 1368 806 1430 scri
827 1379 928 1430 torum
943 1368 1142 1453 pulcherrimi
1159 1378 1267 1455 possent

68 1458 71 1463 '
153 1455 294 1533 adjungi,
313 1452 372 1515 nisi
386 1453 525 1515 brevitati
547 1464 627 1515 esset
648 1390 878 1519 consulentium.
921 1451 1046 1537 Spectat
1063 1452 1180 1523 eodem
1196 1454 1267 1541 nqi-

154 1538 305 1602 entissimi
321 1536 419 1613 Marci
427 1548 621 1622 praeceptum
632 1539 708 1601 hoc:
732 1538 852 1616 Cogita,
870 1538 984 1623 inquit,
1005 1538 1268 1605 continuorum-

154 1647 224 1688 sum
245 1645 356 1687 aevum
374 1634 405 1685 et
429 1623 604 1686 universam
632 1645 734 1691 rerum
756 1635 911 1702 naturam,
942 1644 977 1684 ac
999 1634 1160 1689 memento
1182 1620 1267 1711 pitto

153 1712 286 1791 singulas
306 1709 351 1785 (in
364 1709 412 1771 his
424 1709 520 1771 homo
540 1707 599 1789 est)
611 1707 658 1770 ad
675 1710 765 1772 istam
777 1729 855 1771 ,esse
876 1719 909 1769 ut
926 1730 1023 1770 unum
1039 1729 1058 1770 e
1079 1710 1158 1773 fieus
1174 1708 1268 1789 pant,

153 1795 195 1857 ad
211 1793 287 1857 illud
306 1806 340 1856 ut
353 1796 487 1859 terebrae
505 1795 746 1857 couversionem.
769 1793 890 1871 [Habes
902 1791 948 1867 X,
970 1791 1085 1874 §.-17]:
1111 1794 1184 1859 Tuti
1199 1786 1268 1859 itu

139 1880 285 1954 αἰῶνος
295 1875 352 1943 aul
371 1882 429 1962 τῆς
444 1874 520 1962 ὅλης
531 1871 648 1954 οὐσίας
662 1880 806 1960 συνεχῶς
826 1876 1009 1961 φαντασία,
1029 1875 1089 1943 καὶ
1104 1872 1160 1943 ὅτι
1174 1872 1269 1943 πάντα

153 1963 195 2030 τά
209 1960 292 2030 κατά
304 1959 402 2046 μέρος
416 1959 461 2039 ὥς
474 1961 534 2047 μὲν
546 1958 629 2043 πρὸς
643 1958 761 2028 οὐσίαν
773 1961 960 2047 κεγχραμάςτ
982 1956 1026 2038 ὥς
1039 1960 1078 2031 δὲ
1098 1958 1187 2046 πρός
1200 1958 1267 2047 χρά-

95 2100 100 2119 ι
154 2071 217 2114 νον
233 2044 406 2131 τρυπάνου
418 2044 632 2131 περιστροφή.
660 2048 710 2113 De
721 2050 853 2134 corporis
867 2069 902 2110 ac
913 2060 1038 2111 naturae
1054 2050 1268 2117 humanat·-

154 2136 267 2215 gilitate
278 2156 351 2203 vere
372 2135 447 2199 ista:
469 2133 541 2220 quid
560 2133 710 2219 dicemus,
737 2135 763 2198 si
781 2132 1031 2219 depravationem
1050 2135 1148 2197 animi
1163 2144 1269 2220 specte·¹

70 2258 72 2262 ·
154 2223 249 2287 mus?
277 2223 338 2283 hoc
358 2241 487 2307 nempe,
517 2219 600 2306 quod
623 2219 875 2302 Chrysostotnus:
905 2215 1082 2302 μάθωμεν,
1108 2219 1170 2296 ait,
1195 2217 1269 2295 :tm
1307 2262 1310 2299 2

91 2373 94 2378 ,
154 2302 268 2389 ἐσμὲν,
290 2303 346 2369 καὶ
358 2300 452 2386 ipati
467 2309 565 2369 τοῦτο
581 2304 625 2379 εἰς
642 2299 949 2387 ταπεινοφροσύνης
963 2299 1137 2371 ὑπόθεσιν.
1179 2302 1217 2367 Et
1228 2314 1268 2367 ert

153 2392 195 2453 ita
211 2392 356 2453 omnino}
378 2412 477 2475 neque
492 2390 557 2452 fieri
574 2402 686 2475 potest,
706 2402 739 2451 ut
751 2391 892 2476 superbia
902 2392 953 2453 vel
966 2390 1138 2470 arrogantia
1154 2398 1267 2468 tument,

156 2477 205 2537 cui
230 2477 320 2537 fucrit
340 2476 501 2561 aliquando
521 2497 608 2537 curae
629 2477 688 2537 hoc
709 2476 787 2539 serio
818 2476 963 2554 cogitare,
992 2472 1101 2559 quid
1127 2494 1267 2537 eumue.

155 2560 236 2625 cum
252 2564 350 2621 fructu
367 2562 443 2623 haec
455 2572 485 2623 et
495 2561 605 2623 similia
616 2561 682 2638 his,
704 2582 780 2644 quae
796 2561 889 2623 solius
901 2572 1024 2622 naturae
1044 2556 1171 2623 ducmm
1184 2558 1270 2637 secali

154 2648 313 2732 scriptores
334 2645 367 2708 oi
388 2642 508 2723 ἔξωθεν
526 2640 790 2726 άπεφθέμξαντο,
813 2646 990 2706 contulerint
1004 2644 1135 2708 studiosi
1148 2644 1268 2723 cumis,
1308 2684 1310 2689 ·

154 2753 233 2817 quae
248 2731 368 2793 meliori
380 2734 447 2793 luce
460 2733 596 2794 illustrati
608 2730 710 2794 Patres
723 2729 938 2793 facundissime
954 2730 1123 2815 disputant:
1143 2728 1268 2793 Joannet
1308 2810 1310 2815 Ι

86 2851 88 2854 -
152 2811 330 2902 praesertim
345 2815 581 2897 Chrysostor'nus
597 2828 628 2878 et
640 2816 769 2896 lllagnus
788 2814 919 2878 Basilius
939 2836 1009 2877 cum
1027 2815 1102 2879 alibi
1118 2816 1269 2879 tumintc·

151 2903 213 2983 gris
227 2903 340 2985 aliquot
353 2903 385 2964 in
399 2901 462 2963 Sex
475 2901 592 2963 dierum
605 2924 682 2987 opus
697 2901 849 2964 Homiliis·
1236 2950 1242 2971 ,

237 2983 312 3050 Aut
333 2985 499 3072 quidnam
517 2985 643 3052 victuri
658 2983 864 3074 gignimur]
892 2982 1042 3049 Cohaeret
1061 3006 1136 3049 cum
1155 3006 1270 3073 praece-

152 3071 272 3137 cedenti
290 3073 427 3158 quaestio
446 3075 539 3136 haec:
560 3095 647 3150 nam,
669 3085 701 3134 ut
725 3073 767 3133 ait
779 3072 899 3134 lllarcus
914 3069 1097 3156 imperator,
1118 3074 1173 3157 qui
1183 3071 1270 3141 nesdt

102 3177 154 3231 280
162 3158 306 3242 quidnam
320 3160 454 3222 victurus
471 3158 510 3221 sit
528 3160 661 3238 genitus,
685 3157 757 3242 quid
770 3158 809 3220 sit
826 3157 891 3241 ipse
904 3156 1039 3236 ignorat:
1062 3149 1082 3220 ὁ
1104 3155 1151 3241 μὴ
1174 3152 1269 3233 alitia

153 3246 194 3305 ait
217 3242 323 3322 [VllI,
347 3242 375 3324 §.
396 3243 455 3323 tt]
480 3239 566 3323 πρὸς
593 3239 622 3317 ὅ,
633 3265 663 3306 τι
688 3239 851 3325 πέφυκεν,
888 3237 951 3306 οὐκ
979 3234 1045 3307 ott’
1068 3236 1163 3318 ὅστις
1181 3238 1269 3307 ἔσάν.

152 3326 203 3390 De
218 3330 278 3389 hoc
292 3338 393 3389 extant
404 3331 568 3391 multorum
582 3340 718 3392 veterum
729 3329 899 3413 sapientum
912 3327 1079 3390 sententiae
1089 3328 1268 3413 praeclarae:

152 3434 226 3473 nam
244 3413 503 3497 voluptuariorum
520 3435 643 3493 gregem
655 3414 820 3477 omittimus
846 3424 876 3474 et
897 3411 925 3475 si
949 3414 1014 3497 quis
1040 3413 1117 3475 alius
1143 3411 1269 3479 homin'!

152 3497 354 3583 appellatione
369 3498 445 3573 uixit
456 3497 614 3577 indignus3
634 3500 773 3584 reliquia
794 3520 868 3561 vero
888 3520 951 3559 non
970 3498 1077 3582 procul
1094 3499 1270 3575 aberrarunt.

152 3585 208 3645 etsi
226 3584 301 3645 alius
317 3583 375 3645 alio
389 3583 514 3668 propius
527 3584 615 3644 feriit.
657 3584 791 3647 Platonis
811 3583 991 3647 sententiam
1004 3584 1101 3645 habes
1118 3583 1153 3644 in
1165 3578 1271 3663 Gorgia

151 3679 182 3729 et
198 3669 281 3744 alibi3
302 3669 663 3748 tergeminushristoteles
679 3667 718 3730 ad
732 3667 807 3732 duas
820 3690 877 3746 res,
894 3664 1125 3747 intelligendum
1140 3680 1174 3731 et
1183 3688 1276 3749 agab,

152 3751 243 3825 dum,
266 3751 368 3814 docuit
386 3755 528 3816 homines
548 3775 615 3817 esse
636 3766 739 3833 nat0s3
761 3755 812 3816 alii
833 3752 873 3816 ad
895 3751 1045 3814 mundum
1064 3763 1189 3817 contem
1210 3754 1270 3815 lan·

152 3836 225 3899 dum
239 3848 268 3898 et
287 3837 477 3916 imitandum,
498 3851 532 3901 ut
544 3840 577 3901 in
590 3837 631 3902 ΙΙ.
653 3839 703 3903 De
724 3850 828 3901 natura
848 3837 976 3900 deorum
987 3837 1031 3900 lll-
1045 3836 1165 3903 Tullius
1180 3775 1287 3919 (itta

151 3933 182 3983 et
194 3923 294 4001 alibil;
316 3935 346 3986 et
360 3922 398 3986 de
411 3923 583 4005 Pythagora
596 3919 685 4010 atque
699 3924 876 4004 Anaxagora
893 3924 981 3985 multi
993 3934 1128 4003 narrant3
1152 3921 1270 4010 quidam

151 4009 342 4086 generaliter:
363 4008 402 4070 ad
420 4011 624 4089 cognitionem
643 4033 760 4088 rerum,
782 4022 816 4071 ut
827 4004 1008 4072 Plutarchus
1020 4009 1054 4070 in
1069 4009 1176 4072 libello
1193 4003 1285 4088 Περά

149 4093 212 4157 τοῦ
232 4087 313 4156 λάθε
333 4089 470 4174 βιάσαςς
499 4094 594 4159 Stoici
613 4119 687 4160 vero
710 4097 844 4181 optime:
874 4094 913 4156 ad
933 4093 1168 4178 contemplanda
1185 4105 1269 4178 atque

150 4178 315 4239 enarranda
328 4177 389 4240 Dei
403 4200 494 4263 opera
509 4183 669 4244 hominem
691 4179 873 4267 productum
887 4202 954 4243 esse
969 4181 1000 4240 in
1016 4181 1098 4241 hunc
1112 4177 1267 4241 mundum.

148 4263 288 4326 Arrianus
302 4264 379 4326 libro
393 4266 500 4348 primo,
516 4268 612 4351 capite
623 4279 710 4330 sexto
728 4263 845 4346 [§.19]:
872 4261 937 4329 Τόν
953 4258 1138 4345 ἄνθρωπον
1149 4254 1267 4345 θεατὴν

149 4343 352 4431 εἰσήγαγενὸ
371 4343 451 4424 Θεὸς
471 4345 621 4416 orizonte
641 4348 696 4416 καὶ
716 4353 783 4412 τῶν
808 4345 914 4431 ἔργον
934 4352 1002 4415 τῶν
1023 4342 1139 4429 αὐτοῦ,
1154 4344 1211 4415 καὶ
1228 4336 1267 4413 νά

149 4431 255 4516 μόνον
278 4430 420 4519 θεατήν,
456 4429 539 4502 tut
558 4434 621 4503 ιιιά
648 4431 805 4522 ἐξηγητάν
834 4429 982 4527 αὐτῶνθ,
998 4434 1112 4525 repetit.
1131 4430 1268 4527 illan}
1302 4468 1307 4483 ·

1140 4786 1256 4835 hair·
