2700 4972
335 372 398 438 an
428 321 885 445 rnnsnsr‘rrarnr.
932 438 939 449 ,
1117 385 1183 451 na
1295 365 1302 381 ‘

65 542 128 621 lea,
156 543 274 629 inquit,
299 546 383 625 leget
396 545 438 624 is,
461 547 513 630 qui
532 544 652 631 scriptis
669 543 846 631 Eupolidis,
864 546 992 619 'Cratini
1015 561 1046 612 et
1065 551 1182 615 Aristo-
1286 613 1291 620 ,

65 629 148 691 honis
171 650 208 691 ac
228 629 413 714 reliquonun
436 633 553 716 priscae
568 631 747 695 comoediae
762 631 923 718 poiitarum
942 634 1032 697 fuerit
1053 635 1182 703 innutri—

65 736 117 861 std
122 716 186 778 hos
197 717 281 779 euim
294 716 491 796 suggillandis
509 719 628 782 vitiosh
649 718 828 783 hominibus
845 720 1016 799 imitamur,
1036 718 1115 785 hino
1124 724 1183 785 toti

65 822 95 862 sn
119 822 219 863 emus.
371 862 374 869 ,

119 883 269 951 Audaci
287 883 455 965 Cratino]
477 887 562 950 Vere
580 886 706 952 audaci:
730 889 871 952 omnium
891 888 975 953 enim
990 890 1103 954 veteris
1117 913 1180 973 ,co-

67 969 362 1058 oediaepoeftarum
380 971 517 1036 Cratinus
541 973 712 1038 liberrimus
732 977 790 1036 fuit
804 977 857 1037 val
870 975 971 1060 potius
992 975 1181 1039 maledicen-
1269 1018 1270 1023 κ
1299 1034 1303 1053 ,

65 1057 188 1135 annus,
212 1069 242 1119 et
263 1059 315 1143 qui
335 1058 482 1133 convitia,
504 1058 613 1142 quibus
633 1063 762 1122 refertae
788 1071 872 1123 erant
893 1061 973 1125 illius
990 1060 1180 1142 comoediae,

65 1145 118 1213 illo
131 1145 199 1206 sale
218 1143 342 1206 condire
357 1155 484 1222 curaret,
506 1143 589 1228 quod
605 1143 732 1230 Eupolis
748 1156 778 1207 et
788 1146 1006 1231 Aristophanes
1020 1142 1182 1232 studiosisf

65 1250 111 1291 me
126 1231 284 1307 fecerunt,
306 1228 361 1292 sed
379 1240 483 1314 aperto
498 1230 610 1313 capite,
634 1230 835 1313 quodajunt,
859 1253 929 1293 cum
949 1232 1031 1296 vitiis
1052 1253 1182 1296 manum

65 1325 218 1377 mereret.
276 1314 485 1400 Aristophanis
511 1317 693 1379 scholiastae
724 1317 762 1396 [e
785 1316 943 1381 Platonio:
971 1339 1001 1402 p·
1030 1316 1108 1399 Vlll
1131 1317 1181 1382 ed.

65 1400 167 1463 zharn.
178 1396 355 1480 Dindort'.]:
378 1401 562 1480 Κρατῖνος,
585 1393 674 1483 ὁτής
688 1404 830 1478 παλαιᾶς
841 1401 1018 1485 κωμῳδίας
1029 1397 1181 1488 ποιητής,
1250 1454 1254 1471 ι

65 1505 87 1548 :a
100 1479 147 1568 δή
162 1480 248 1549 aare
263 1481 323 1561 τὰς
333 1479 521 1567 Ἀρχιλόχου
536 1480 681 1568 ζητήσεις
694 1486 786 1568 (forte
803 1483 886 1552 narei
907 1483 949 1551 τοί
960 1482 1055 1571 ιἈρχ.
1080 1485 1181 1573 ζήσας

65 1568 102 1654 q)
120 1570 244 1649 [·„rniro
257 1571 308 1633 hic
325 1593 425 1633 errore
440 1573 543 1655 lapsus
559 1582 605 1634 est
618 1571 703 1651 ὕσας
725 1574 823 1636 scribe
845 1574 947 1657 potius
961 1565 1180 1658 Ἀριστάρχου

65 1646 310 1739 οἈρχιλόρον,
332 1678 411 1742 quae
423 1656 551 1719 nomina
565 1658 810 1742 frequentissimo
833 1679 933 1721 errore
952 1660 1032 1723 inter
1050 1681 1085 1723 se
1105 1684 1180 1733 con,-

65 1738 121 1809 udi
133 1738 242 1805 doerit
252 1740 417 1823 Ruhnken.
425 1743 522 1827 praef.
534 1739 574 1803 ad
588 1743 723 1824 Hesych.
736 1766 767 1828 p.
775 1742 868 1807 Vll.“
886 1743 1024 1811 Meinek.
1036 1742 1178 1825 Quaere.

67 1846 231 1915 emper.
252 1824 279 1891 l.
300 1850 332 1914 p.
361 1833 431 1901 19.]
455 1823 621 1908 aderanda
635 1832 708 1903 ταῖς
723 1825 912 1906 ,λοιδορίαις
930 1825 1035 1893 ἐστίν·
1059 1824 1179 1914 eripio

65 1928 149 1999 usq
169 1904 218 1994 [δ]
236 1904 477 1995 Ἀριστοφάνης
499 1907 676 1994 ἐπιτρέχειν
699 1909 762 1997 τήν
790 1910 889 1998 χάριν
911 1918 981 1991 τοῖς
1004 1911 1179 2000 σκσίμμρισι
1267 1916 1271 1929 ’

65 2002 144 2077 reri,
164 1995 205 2067 τδ
220 1996 383 2079 φορτικὸν
396 2001 454 2080 τῆς
464 1993 680 2080 ἐπιτιμήσεως
695 1994 896 2083 διὰταύτης
917 1994 1085 2081 ἀναιρῶν,
1104 1996 1230 2067 ἀλλ’157

65 2086 147 2161 eicie
167 2082 248 2166 [eal]
271 2080 356 2149 ιιατοί
369 2080 430 2166 τήν
450 2085 635 2167 παροιμίαν
658 2086 770 2171 γυμνῇ
785 2088 827 2149 τ’
847 2089 977 2169 κεφαλή
990 2086 1103 2169 τίδ’ήσι
1121 2086 1179 2165 τὰς

65 2169 246 2254 ασφήμίας
265 2166 350 2236 ιιατίι
372 2171 439 2233 τῶν
462 2165 733 2252 ἁμαρτανόντων.
776 2106 960 2251 [ὅοατδων
975 2194 1023 2258 ap.
1038 2172 1123 2238 Pass.
1144 2197 1176 2260 p.

65 2259 103 2325 52.
157 2281 185 2338 .;
206 2255 263 2320 sed
286 2278 318 2321 v.
340 2255 476 2320 Meinek.
498 2256 595 2319 modo
617 2255 698 2320 laud.
718 2278 749 2342 p.
778 2256 929 2334 14-253
953 2255 1120 2321 Cratinus
1143 2267 1178 2323 et

65 2363 134 2429 τιμο
159 2342 199 2420 e,
218 2341 293 2405 diss.
312 2364 367 2404 scr.
391 2363 409 2402 a
430 2340 463 2405 C.
482 2338 520 2404 G.
544 2342 660 2421 Lucas3
682 2340 828 2422 Bonnae,
859 2347 950 2411 1826.
992 2343 1176 2426 Fragmenta

68 2430 156 2510 llegit
167 2427 213 2490 M.
226 2426 358 2491 Runkel.
374 2428 457 2512 Lips.
476 2427 582 2507 1822]

65 2620 132 2664 rea
200 2607 233 2661 te
249 2597 409 2674 Cratino,
432 2619 489 2685 pro
504 2609 576 2669 otu
600 2599 770 2684 quicunque
790 2621 824 2662 es
846 2601 966 2664 afflatus
981 2600 1121 2684 Cratin03
1143 2604 1175 2664 in
1221 2611 1227 2623 ¹
1312 2644 1316 2651 ,

65 2508 179 2592 „Af
226 2521 260 2575 te
282 2511 458 2590 Cratino]
487 2511 658 2575 Fanniliaris
675 2511 780 2576 Persio
802 2515 954 2594 enallage:
984 2535 1004 2577 o
1029 2512 1175 2600 quicun-
1265 2513 1270 2521 ’

65 2510 225 2767 &adigi

119 2771 347 2836 censoremve
360 2778 461 2833 taum
474 2768 532 2837 ναί
546 2767 639 2856 quod
653 2768 810 2834 trahente
826 2769 972 2835 salutas.
995 2773 1062 2861 [ubi
1080 2771 1126 2853 n]

65 2859 142 2920 citur
152 2868 257 2920 autem
275 2851 419 2943 afflatus
428 2853 575 2919 Cratino
588 2857 631 2934 is,
660 2858 713 2942 qui
732 2857 845 2922 Cratini
858 2860 1030 2920 fabularum
1042 2861 1174 2923 lectione

65 2943 154 3008 edua
171 2944 443 3005 luerit'affmtuset
454 2963 593 3006 amorem
612 2943 730 3005 virtutis
746 2942 819 3004 inde
840 2945 1024 3028 conceperit:
1047 2949 1175 3007 transla-

65 3052 96 3092 m
120 3032 161 3093 ab
176 3029 374 3106 animalibus,
403 3048 482 3113 quae
503 3029 544 3112 τῇ
566 3024 658 3100 ἐντὸς
679 3023 767 3108 adop
786 3027 1047 3107 προσπνὲονσιν,
1069 3041 1104 3091 ut
1123 3033 1174 3091 λοι

65 3116 133 3190 titur
154 3115 195 3176 Hi
216 3126 354 3200 pocrates
370 3113 402 3174 in
423 3115 550 3197 epistola
569 3111 609 3173 ad
631 3112 792 3176 Cratevarn
811 3113 868 3193 [T.
881 3112 921 3175 ll.
944 3137 975 3199 p.
992 3119 1050 3179 931
1072 3114 1120 3177 ed.
1136 3137 1169 3177 v.
1233 3160 1235 3163 ,

65 3199 121 3264 nd.
135 3200 170 3263 L.
186 3136 249 3280 lii,
264 3201 315 3261 vel
325 3220 346 3260 a
359 3199 469 3284 pratis,
491 3196 755 3282 quemadmodum
769 3199 808 3260 de
820 3199 960 3263 Platonis,
972 3197 1105 3263 dictione
1124 3199 1173 3263 di-

65 3286 223 3367 tDionys.
237 3285 336 3346 Halia.
362 3280 456 3364 [περὶ
475 3286 533 3365 τής
551 3288 703 3365 Δήμοσθ.
723 3276 849 3348 δεινόν»
867 3306 898 3369 p.
920 3287 961 3348 53
985 3307 1011 3348 s.
1037 3290 1107 3364 166,
1125 3288 1171 3355 ,12
1260 3300 1264 3313 ’

65 3371 148 3477 νΙί).]ι
173 3367 283 3449 ὥσπερ
299 3363 365 3434 eiad
386 3371 454 3432 τῶν
470 3365 702 3434 εὐωδεστάτων
715 3365 886 3451 λειμώνων
902 3357 991 3449 adoni
1006 3391 1057 3446 τις
1076 3366 1172 3455 ήδεία

83 3460 191 3541 αντής
209 3453 363 3540 (piperata
383 3453 438 3518 sed
461 3452 569 3518 Graeci
586 3476 690 3519 auram
711 3457 864 3542 appellant
886 3467 918 3518 et
942 3457 1081 3532 alilatum
1101 3459 1220 3535 ἡττήθη

65 3565 174 3622 anem,
202 3562 280 3628 quae
300 3544 338 3604 ab
355 3541 416 3602 alio
437 3541 581 3605 inalium
593 3542 715 3621 transit3
737 3553 771 3603 ut
792 3563 882 3620 cum,
905 3543 1037 3626 exempli
1055 3562 1170 3622 caussa,

67 3626 250 3692 nsuetudine
270 3624 454 3711 sapientium
467 3628 620 3712 sapientes
634 3624 742 3706 ninus,
765 3626 930 3689 doctorum*
946 3625 1044 3706 docti,
1065 3628 1109 3690 sic
1129 3630 1171 3691 ait

65 3717 136 3794 ailo,
158 3713 210 3777 De
223 3713 399 3789 insomniis,
422 3713 591 3796 sapientem
604 3713 742 3797 spiritum
762 3710 915 3796 quendam
937 3714 1036 3792 longe
1050 3715 1169 3798 lateque

65 3801 176 3878 ndere,
198 3818 295 3885 quem*
309 3799 492 3861 attrahentes
514 3801 580 3877 ejus
597 3799 690 3862 vicirn
707 3799 850 3860 meliores
869 3818 974 3860 mores
994 3810 1168 3864 assumant:
1280 3826 1293 3851 ν

65 3884 275 3969 terrationes,
298 3885 355 3962 ait,
374 3880 435 3946 ιιαὶ
454 3877 573 3963 ὅμοροι
598 3885 709 3964 σοφοῦ
731 3886 790 3965 τῆς
813 3874 872 3944 ἀπ’
894 3876 1003 3945 αὐτοῦ
1025 3887 1170 3960 σπῶντες

65 3968 137 4053 ίρως
149 3968 204 4035 ἐπί
220 3965 381 4054 μήκιστον
393 3965 548 4052 χεσμένιρς
561 3969 790 4050 βιλτιοοῦνται
805 3963 846 4031 τοὶ
857 3961 946 4050 ttae.-
967 3968 1040 4031 inde
1054 3972 1168 4054 passim
1230 4008 1232 4013 ,

65 4058 112 4121 ud
125 4059 212 4120 illum
223 4059 307 4136 leges
322 4057 380 4136 τῆς
396 4049 513 4136 τίριτής
530 4053 617 4139 αὔρᾳ
631 4049 842 4119 ἐπιπντίσδαι
862 4064 892 4114 et
909 4047 997 4133 αίίρα
1017 4057 1075 4137 τής
1094 4053 1167 4119 ἐπι-

65 4141 154 4227 ήμης
169 4144 412 4208 καταπνεῖσθαι
428 4161 464 4203 ac
481 4140 592 4204 similia
605 4143 716 4219 rnulta3
737 4141 781 4203 sie
800 4135 889 4218 αὔρα
905 4116 1069 4214 συνίστωρ
1084 4140 1167 4226 apud
1199 4146 1201 4150 '

65 4231 85 4293 ιί
108 4231 253 4306 hanium3
284 4225 443 4291 veritatis
461 4244 589 4287 auram
612 4223 780 4312 colligere
798 4223 881 4310 apud
901 4225 1107 4303 Lucterium,
1133 4225 1165 4287 in

65 4329 115 4380 na
126 4315 339 4386 Institutione3
360 4323 392 4375 et
412 4308 571 4375 veritatis
593 4309 698 4373 odore
720 4306 842 4399 afflari
862 4330 900 4373 eo
919 4331 1011 4375 sensu
1027 4309 1114 4373 idem
1132 4311 1167 4373 in
1304 4362 1310 4369 .

65 4402 101 4467 [t.
120 4436 134 4445 --
148 4401 187 4463 Ut
200 4411 301 4463 autem
315 4392 474 4485 efflatio
490 4394 650 4473 Gratiae,
672 4399 734 4461 hoc
755 4408 801 4462 est
825 4395 945 4480 scriptis
966 4394 1096 4474 Cratini,
1119 4394 1185 4468 dt..
1297 4458 1300 4463 ,

65 4487 225 4563 tl’ersius,
247 4476 593 4567 saevaesaeuae
613 4482 754 4549 dicuntur
773 4480 908 4547 Graecis.
961 4479 1172 4577 origenesin,
1242 4496 1273 4555 -ζ

853 4562 905 4630 e*
1150 4594 1159 4629 ,¹
1307 4556 1311 4559 “

1048 4658 1118 4676 .
1173 4614 1259 4680 m
