2700 4972
404 283 842 413 INPERSiUin.
1096 376 1247 423 κινεῖ.

24 539 84 589 ‚ut
104 527 211 626 soluto
241 543 277 584 eo
306 521 427 601 quidam
456 521 504 581 usi
524 520 604 594 sint,
634 529 671 579 ut
691 519 831 595 Plautus,
867 520 920 599 qui
940 540 994 600 per
1014 525 1193 609 solutionem

51 636 90 673 m
103 623 224 765 ,gabio
245 694 340 769 mr'lti,
364 696 393 751 si
405 694 518 767 audes,
543 703 695 770 quaeest,
719 712 813 768 quam
827 692 931 749 ducere
949 696 994 751 ris
1005 701 1150 757 uxorem?
1205 720 1207 725 ’

133 785 171 844 V.
197 786 269 848 103.
294 780 487 863 Tandemque
506 776 656 856 beatulus]
680 777 878 836 Ambitionern
898 779 1024 857 irridet,
1046 786 1193 863 nunquia

80 866 90 891 Ι

52 894 184 955 pompm
205 877 247 926 et·
268 862 413 949 porcinam
438 865 583 923 dicuntur
604 863 733 937 mortui,
767 883 832 922 non
861 872 905 921 est
933 868 1012 925 enim
1041 871 1193 930 Romanae

10 958 34 1205 j
53 952 297 1028 consuetudinis,
319 952 371 1009 sed
393 952 462 1027 quia
483 950 612 1029 pretiosa
628 949 660 1006 in
676 949 832 1007 funeribus
853 959 937 1009 veste
953 956 1106 1033 stragula.
1124 978 1192 1017 cae-

20 1088 28 1099 .
52 1044 169 1123 rurique
198 1041 288 1099 etiam
317 1037 494 1118 pauperculi
528 1035 765 1114 exponebantur.
815 1036 958 1096 Beatulus
989 1038 1103 1119 autem,
1139 1044 1192 1122 qui

18 1118 28 1175 Ξ
53 1148 207 1208 nunquam
226 1124 428 1205 splendidiore
441 1122 550 1181 habitu
565 1121 637 1179 suit:
668 1130 721 1179 aut
736 1129 830 1195 cene,
860 1123 929 1200 quia
943 1126 1097 1186 Romanae
1117 1152 1192 1189 con-

22 1208 26 1231 '
53 1214 216 1277 suetudinis
236 1212 293 1269 suit
308 1210 480 1289 simpliciter
496 1208 627 1286 sepelire.

10 1284 35 1441 V
135 1302 171 1359 V,
189 1302 268 1363 106.
297 1299 441 1354 Hastensi
459 1297 560 1372 cupite
583 1290 699 1369 induto]
728 1290 885 1367 Hesterni,
920 1295 978 1368 ait,
1009 1300 1191 1360 adesunoto

54 1389 148 1468 Prjdje
161 1383 356 1458 manumissi,
382 1382 495 1457 idest,
517 1379 633 1453 liberti,
655 1386 686 1435 et
703 1376 775 1435 civis
794 1378 921 1438 Romani
936 1381 1018 1442 sacti.

133 1471 213 1532 lbid,
238 1469 345 1545 Capite
360 1466 477 1547 induro]
508 1465 588 1539 Quia
601 1464 775 1523 manumissi
793 1475 864 1524 ante
880 1469 1105 1530 manumissoris
1121 1492 1192 1531 cor-

54 1554 221 1639 puspileati
239 1554 430 1613 incedebant.
681 1594 684 1605 ·

10 1644 15 1689 ¹.
133 1646 169 1703 v,
195 1646 268 1708 112.
292 1642 411 1717 Populi
429 1638 524 1698 arbro
545 1638 670 1697 &cussa
682 1635 806 1715 forsita]
828 1636 986 1714 Farinam,
1008 1662 1116 1719 panem
1131 1666 1193 1703 non

55 1731 218 1791 delitiosius
239 1727 345 1809 cribro
363 1725 527 1785 discussum
537 1768 547 1800 ,
573 1722 625 1783 sed
639 1721 808 1802 plebejum,
830 1722 868 1782 de
884 1726 989 1805 populi
1004 1748 1124 1788 annona
1130 1774 1140 1807 ‚
1159 1731 1192 1790 id

24 1884 27 1889 ¹
55 1826 108 1895 est,
128 1817 282 1891 fiscalem,
304 1812 385 1873 dicit.

11 2218 67 2313 '²‘
170 2272 177 2285 '
304 2297 914 2374 1nsar1nAM1v.

23 2388 33 2433 l

19 2514 31 2561 ,·
134 2493 173 2553 V.
198 2495 248 2555 10.
272 2491 337 2548 Scis
349 2493 457 2548 atenim
465 2493 595 2569 justum]
617 2492 735 2549 Revera
747 2489 805 2548 scis
817 2489 967 2570 justitiam
976 2491 1009 2550 in
1019 2494 1104 2554 lance
1116 2517 1194 2576 pen·
1296 2532 1298 2543 =

58 2599 131 2654 sare,
155 2588 188 2637 et
201 2577 296 2656 ipsius
312 2577 406 2635 lancis
421 2577 529 2635 dubiae
542 2577 752 2635 rectitudinem
768 2576 855 2635 colles
870 2577 1054 2656 discernere,
1077 2594 1108 2641 et
1121 2605 1194 2644 cur-

20 2666 23 2671 '
59 2687 120 2724 vam
135 2664 273 2741 regulam
284 2671 488 2739 momentano,
510 2663 562 2721 ubi
582 2663 662 2720 inter
682 2682 776 2721 curva
795 2663 893 2736 subit,
923 2665 1019 2725 donec
1033 2669 1064 2726 in
1080 2670 1194 2747 liquido

59 2761 111 2811 stet
125 2748 287 2809 sententia.
334 2750 473 2827 Regulam
489 2749 562 2807 dicit
577 2750 676 2828 ipsum
690 2759 915 2807 momentaneae
929 2753 1040 2812 stilum.
1222 2746 1225 2753 ¹

137 2838 174 2897 V.
198 2842 248 2900 1-8.
272 2838 410 2912 Mgrum
418 2836 589 2912 prefigere
609 2835 717 2914 ΤΙιεία]
740 2836 858 2895 ludices
874 2837 1007 2897 litteram
1022 2839 1117 2899 Thcta
1138 2863 1194 2921 ap-

60 2934 171 3003 ponunt
184 2922 225 2981 sd
239 2942 346 2981 eorum
358 2923 494 2997 nomina,
525 2943 599 2999 quos
614 2922 760 3000 supplicio
773 2923 918 2982 afficiunt.
961 2925 1080 2985 Merito.
1112 2932 1196 3008 Θῆτα

62 3003 114 3073 dod
127 3014 186 3073 τοῦ
199 3002 353 3082 θανάτου,
369 3027 403 3066 eo
419 3008 502 3086 quod
511 3009 594 3085 quasi
609 3006 720 3067 habeat
735 3008 830 3066 telum
847 3030 944 3090 suum,
967 3012 1094 3091 ideoque
1109 3016 1196 3073 triste

61 3095 247 3176 intelligitur:
271 3094 319 3153 vel
333 3094 440 3153 mortis
453 3094 585 3173 signum:
609 3093 690 3152 unde
706 3094 828 3171 quidam
845 3094 905 3169 ait,

227 3181 255 3238 0
270 3182 399 3239 multum
414 3193 484 3239 ante
497 3182 579 3238 alias
593 3180 700 3257 infelix
714 3182 801 3238 litera
824 3181 931 3240 Thera.

139 3267 175 3328 V.
201 3270 252 3331 18.
279 3267 393 3326 Curato
408 3268 539 3335 cuticula
554 3267 625 3343 sole]
650 3267 778 3339 Curata,
800 3266 946 3325 sciliceta
965 3267 1195 3328 chromatisriis.

63 3352 128 3412 Nam
142 3353 351 3413 chromatiarii
367 3353 512 3411 dicuntur
527 3351 676 3427 colomani,
690 3352 740 3411 vel
747 3351 800 3429 qui
816 3360 884 3412 toto
899 3353 993 3413 disin
1009 3373 1100 3413 arena
1115 3358 1197 3430 sunt,

67 3442 106 3499 rel
121 3441 153 3499 in
165 3440 237 3499 sole.
281 3438 406 3517 Antiqui
420 3439 497 3496 enim
513 3438 666 3515 ungebant
681 3457 728 3513 se,
751 3438 824 3496 etin
839 3441 901 3500 sole
918 3450 1020 3517 erant',
1043 3449 1080 3500 ut
1098 3442 1197 3500 oleum

65 3545 163 3607 corpus
179 3525 353 3585 imbiberet:
375 3535 411 3583 ut
425 3525 593 3599 luvenalis,

222 3614 337 3671 Nostra
352 3611 436 3669 bibat
448 3633 571 3669 remum
586 3623 741 3669 contracta
754 3612 887 3669 cuticula
906 3612 1023 3687 Solem,

181 3754 185 3759 .
221 3697 424 3778 Effugiotque
444 3711 559 3774 togam.

138 3783 175 3844 V.
197 3787 250 3847 26.
278 3785 433 3860 Quantum
448 3805 507 3840 nou
524 3785 635 3841 milvus
649 3783 766 3862 oberret]
796 3782 968 3840 Secundum
983 3781 1196 3860 proverbium:

229 3870 385 3945 Quantum
408 3870 495 3926 milvi
515 3871 629 3926 volant.

25 4000 29 4005 .
140 3953 176 4013 V.
199 3957 251 4019 28.
274 3958 406 4013 Pertusa
422 3954 465 4013 ad
478 3953 622 4034 compito]
645 3953 781 4033 Compita
798 3963 870 4011 sunt
884 3953 952 4011 loce
968 3953 999 4011 in
1021 3952 1194 4030 quadriviis,

68 4038 142 4115 qussi
153 4049 273 4115 turres,
295 4042 346 4101 ubi
361 4041 519 4115 sacrificia,
541 4040 626 4099 finita
644 4040 843 4118 agriculture,
875 4039 981 4099 rustici
997 4040 1197 4100 celebrabant.

68 4120 321 4205 tantummono,
349 4128 419 4205 quia
431 4145 485 4206 per
502 4146 609 4185 omnes.
619 4136 751 4205 quatuor
763 4135 864 4204 partes
877 4134 1000 4206 pateant
1008 4170 1017 4201 ,
1043 4127 1093 4186 vcl
1106 4135 1199 4185 vetu-
1309 4126 1315 4147 ¹

70 4216 123 4271 ro:
142 4212 192 4271 vel
209 4214 340 4292 compita
359 4235 421 4272 non
436 4213 531 4272 solum
548 4222 619 4272 sunt
636 4213 669 4271 in
682 4213 757 4271 urbe
773 4214 859 4287 loca,
887 4212 939 4271 sed
955 4212 1045 4271 etiam
1057 4215 1124 4271 viae
1138 4232 1199 4292 pu-

70 4290 152 4357 llius
165 4317 203 4359 so
214 4298 395 4360 diverticula
408 4299 579 4377 aliquorum
592 4299 766 4374 confinium,
786 4299 840 4358 ubi
854 4298 1005 4357 aediculae
1020 4317 1198 4357 consecran-

30 4412 54 4435 -ι
73 4384 270 4465 hrpntcrttea.
313 4387 348 4446 In
366 4385 413 4446 his
431 4387 611 4467 jugelracts
627 4386 666 4446 sb
680 4386 816 4467 agricolis
830 4393 1002 4466 ponuntur,
1031 4384 1148 4443 emeriti
1160 4393 1199 4442 et

31 4536 42 4585 ι
76 4466 204 4547 robusti
219 4473 319 4554 operis
335 4473 428 4533 indici
482 4517 490 4532 .
557 4512 560 4519 ·
744 4492 747 4499 ·

915 4723 924 4739 ,ἱ
957 4710 975 4733 ι,

818 4808 822 4819 .
867 4770 895 4824 ⁸³¹:
1093 4780 1096 4785 ’
1130 4762 1135 4773 ¹

804 4854 849 4888 ru
893 4824 896 4829 Ι
928 4819 1099 4936 ivs*
1158 4886 1188 4920 r

788 4908 792 4915 ·
854 4890 859 4903 ’
932 4904 937 4935 r
979 4888 1045 4936 ..Ἲς
1266 4910 1269 4919 ·
