2700 4972
337 326 402 393 so
429 326 602 397 aaran
625 326 849 397 sarrana
873 329 941 415 ¹vr
1147 342 1251 426 aa,

13 568 17 573 ,
63 496 114 576 alc
129 500 206 582 φῶς
220 492 326 584 lipia:
345 520 432 563 caro
443 497 567 586 genio,
588 497 711 565 diversa
736 499 780 580 [v.
795 500 910 583 Plum]
929 501 1035 569 indole
1049 517 1142 594 atque
1159 509 1211 573 in-

62 587 177 667 genio,
200 587 272 671 quia
281 586 398 666 ingenii
412 585 499 650 dator
515 598 546 650 et
565 587 653 649 fictor
671 608 709 649 ac
725 591 875 652 formator
890 611 1014 655 morum
1031 597 1211 661 censebatur

62 669 320 838 {henimllquem
338 671 494 748 nascendo
515 673 645 763 quisque
662 684 745 739 esset
758 687 955 739 consecutus:
978 675 1051 741 ideo
1064 679 1211 747 Horatius

125 757 175 821 ist
247 763 360 832 2,187
382 783 391 821 ε
745 782 749 790 ·

105 780 126 843 p
194 806 271 906 S’cit
286 761 435 922 Gealaa,
457 839 578 906 natale
596 863 712 907 comae
724 842 786 930 qui
802 850 975 930 temperat
989 855 1135 913 astrum.

151 932 205 997 19.
232 927 325 993 Solia
339 925 540 1010 cotehham]
562 929 710 1016 Proponit
724 934 901 1018 exemplum
913 935 1087 1029 praeparci,
1111 958 1130 999 a
1145 958 1208 1023 quo

64 1013 144 1079 vitio
166 1014 285 1080 dicebat
300 1015 397 1079 modo
410 1037 454 1079 se
474 1013 620 1079 alienum.
661 1016 711 1078 Ait
735 1029 839 1081 autem
853 1015 937 1081 cola
954 1017 1153 1101 natalibus,
1174 1036 1208 1086 ut

62 1122 104 1163 ex
118 1123 157 1165 eo
174 1101 349 1181 conjiciatur
368 1100 562 1167 desordibus
581 1103 664 1167 ritae
679 1103 884 1188 quotidianae.
926 1102 1044 1171 Similis
1057 1105 1208 1187 δείνωσις
1276 1114 1279 1123 “

60 1189 120 1251 sub
138 1188 201 1255 fine
215 1189 305 1268 hujus
317 1186 451 1269 Satiraer
1176 1188 1178 1193 ’
1200 1260 1203 1275 Ι

478 1269 567 1337 mihi
584 1268 686 1363 festa
707 1270 786 1339 luca
809 1282 979 1362 coquatur
1100 1356 1102 1361 Ι

54 1418 60 1435 ,
197 1352 335 1422 Unica:

59 1439 207 1525 EtinIV
228 1445 314 1526 [28]:
460 1450 463 1461 '

190 1527 262 1612 Qui
279 1523 484 1617 quandoque
496 1526 637 1627 jugum

146 1620 200 1682 20.
228 1613 362 1705 Tiagat
377 1613 455 1679 olas
470 1635 605 1681 caccum
617 1610 736 1701 maria
748 1609 874 1703 casea]
896 1614 1059 1698 Signatum
1072 1621 1204 1685 verbum

57 1695 195 1789 tingat:
215 1703 260 1767 sic
280 1724 374 1790 saepe
399 1700 536 1790 tingere
557 1700 595 1765 in
614 1708 717 1765 aceto
738 1698 919 1767 lactucam
939 1706 992 1769 vel
1011 1707 1097 1769 oleas
1118 1705 1203 1792 apud
1305 1738 1307 1743 v

58 1785 230 1865 Catonem,
249 1787 392 1869 Celsum,
414 1791 507 1870 alios3
536 1800 567 1852 et
590 1782 699 1851 Graeci
715 1787 931 1871 χρεμετίζειν
954 1784 1022 1871 ὄξει
1040 1802 1071 1854 et
1086 1802 1253 1875 xpeto-484

57 1868 169 1953 adata,
190 1886 225 1937 ut
249 1873 332 1961 apud
347 1875 540 1939 Athenaeum
561 1883 592 1937 et
604 1872 856 1959 Theophrastum
873 1870 955 1959 περὶΙ
973 1876 1200 1961 μικρολργίας.

55 1957 181 2025 Mutia
193 1959 255 2023 duo
269 1961 435 2041 significat:
457 1981 570 2045 aquam
584 1960 712 2038 salsam,
733 1960 767 2021 in
781 1981 840 2046 qua
855 1958 969 2046 aliquid
988 1964 1047 2025 fuit
1061 1983 1199 2026 macera-

55 2056 126 2111 tum
138 2058 191 2111 aut
208 2058 378 2124 servatmn,
406 2058 440 2109 ut
459 2044 577 2109 muria
602 2042 751 2130 cappari
769 2045 852 2131 apud
873 2045 1051 2111 Cornelium
1074 2046 1200 2113 Celsum
1316 2112 1319 2117 .

54 2131 136 2195 libro
152 2129 210 2199 lv.
233 2132 332 2218 capite
349 2130 459 2212 VIII3.
476 2130 631 2195 interdum
651 2142 699 2193 est
720 2152 816 2211 genus
839 2131 1029 2216 liquaminis,
1056 2133 1141 2218 quod
1159 2156 1199 2197 ex
1311 2200 1319 2215 ,

54 2218 247 2283 thunaormn
259 2219 344 2282 sanie
360 2217 576 2296 conficiebant,
598 2227 633 2278 ut
646 2237 753 2296 garum
763 2219 993 2298 scombrum,
1015 2220 1104 2282 halec
1119 2220 1201 2284 evi-

26 2336 31 2342 ·
54 2303 100 2367 tio
119 2304 184 2384 gari
209 2316 239 2367 et
261 2304 348 2390 quasi
370 2307 476 2367 faece:
506 2305 589 2365 olera
607 2313 710 2364 autom
733 2301 866 2365 edebant
907 2323 1035 2390 auperes
1056 2306 1198 2385 emuria,

53 2388 140 2475 quod
159 2401 190 2452 et
203 2389 356 2452 interdum
370 2388 484 2453 medici
495 2388 741 2475 praecipiebant,
760 2398 794 2450 ut
813 2324 905 2475 apudl
909 2385 1035 2452 Celsum
1048 2391 1126 2454 libro
1137 2389 1196 2471 IV.

54 2476 156 2562 capite
169 2474 236 2539 XV
249 2476 414 2562 imperatur
426 2477 582 2562 portulaca
595 2496 635 2537 ex
651 2472 726 2535 dura
739 2473 839 2537 muria
856 2485 887 2537 et
901 2495 995 2559 quam
1012 2478 1196 2562 asperrirna3
1323 2534 1331 2553 Χ

54 2572 194 2649 etaaepe
209 2560 292 2648 apud
306 2563 400 2627 aliast
423 2573 455 2625 et
477 2560 517 2623 de
535 2558 716 2640 hujusmodi
734 2560 835 2623 muria
857 2559 1008 2646 praedura
1035 2573 1066 2623 et
1088 2584 1196 2649 aspera

52 2647 189 2733 loquitur
205 2644 343 2727 Persius,
371 2646 456 2734 quod
479 2645 644 2709 declaravit
661 2666 742 2709 voce
763 2643 913 2709 ciccum:
947 2666 1021 2709 nam
1042 2667 1121 2732 quae
1143 2649 1198 2712 tali
1243 2713 1246 2720 ,
1321 2696 1325 2705 ,

52 2732 155 2797 muria
164 2734 333 2814 tingantur,
357 2754 438 2819 pene
456 2732 537 2797 sicca
552 2742 722 2796 remaneat.
763 2731 906 2817 Alioquin
922 2731 1022 2796 siccus
1037 2735 1122 2797 cibus
1138 2756 1196 2820 op·

74 2819 178 2883 onitur
189 2830 297 2883 uncto:
320 2816 404 2883 unde
418 2818 625 2903 xerophagiae
637 2828 708 2880 sunt
722 2820 908 2904 appellatae3
929 2815 1003 2882 inde
1036 2820 1197 2884 roverbia·

65 2905 74 2922 '
103 2904 220 2969 locatio
234 2916 298 2969 orta
312 2900 397 2971 κατὰ
419 2903 525 2988 ξηροῦ
541 2903 677 3005 accipere
696 2900 821 2989 aliquod
840 2901 971 2982 dictran,
999 2839 1037 2967 id
1054 2916 1102 2968 est
1120 2903 1197 2969 dure

53 2990 166 3055 etsine
178 2989 363 3055 commodae
375 2989 646 3093 interpretationis,
668 2999 702 3051 ut
718 2989 762 3053 sic
776 2988 895 3068 fficam,
917 2987 1132 3053 condimento:
1153 2991 1196 3055 ita
1310 3015 1313 3023 ·

51 3076 185 3163 loquitar
203 3074 241 3139 Β.
256 3076 453 3141 Athanasius:
482 3069 543 3141 dciv
563 3095 649 3141 aava
668 3070 774 3157 ξηροῦ
794 3069 854 3150 τὰς
874 3070 976 3153 λέξεις
995 3069 1196 3160 Antidama,

50 3160 99 3238 εἰς
116 3155 295 3244 ἀθεμίτους
310 3160 441 3238 ἐννοίας
454 3155 744 3243 περιπεσούμεθαε
764 3154 869 3245 vafer
879 3162 950 3225 heic
963 3180 1021 3247 pro
1031 3160 1125 3227 valde
1138 3183 1195 3248 pe-

51 3248 111 3312 rito
127 3250 236 3311 talium
249 3246 404 3314 sordium:
427 3258 510 3311 amat
520 3246 642 3313 Persius
657 3268 728 3311 earn
737 3268 859 3317 vocem.

137 3330 262 3399 Mucia
280 3332 319 3398 in
341 3331 452 3397 colica
472 3335 619 3418 empta]
645 3330 748 3397 Etiam
771 3335 833 3395 hoc
871 3329 1008 3417 roprium
1023 3332 1140 3397 tenacis
1162 3344 1194 3397 ct

50 3417 188 3487 sordidi:
209 3430 246 3484 ut
257 3419 339 3506 apud
352 3420 397 3485 M.
411 3419 548 3483 Tullium
561 3419 604 3497 [ia
615 3418 677 3483 Pis
694 3424 747 3485 27.
761 3417 791 3504 §.
804 3353 996 3498 dllpvr'aum
1015 3436 1130 3481 amere
1149 3416 1193 3483 da

51 3526 164 3593 cupa,
185 3504 299 3593 dequo
312 3505 479 3571 adlibrum
489 3505 532 3573 V.
547 3503 689 3569 Suetonii
713 3504 752 3586 [c.
764 3506 817 3583 40,
832 3503 888 3567 ubi
903 3524 936 3571 a.
949 3514 981 3569 et
994 3501 1195 3586 Burmann.];
1257 3554 1259 3559 .

49 3594 150 3657 muria
163 3603 268 3657 autem
282 3605 312 3657 et
326 3593 438 3659 similia
451 3593 486 3655 in
502 3590 595 3657 calice
608 3612 712 3655 emere
723 3590 819 3655 morie
832 3589 908 3669 fuit,
931 3600 965 3652 ut
975 3592 1194 3671 ¹cognoscimus

49 3700 91 3744 ex
102 3678 221 3831 Ἕκ
247 3680 292 3745 sic
309 3677 584 3767 apudVarronem
599 3672 706 3741 muta
727 3673 873 3749 calicem
892 3694 1024 3754 emera,
1045 3676 1078 3741 in
1094 3676 1194 3741 Satira

48 3785 110 3852 qm
136 3856 190 3917 21.
209 3847 290 3938 Ipsa
303 3868 448 3915 sacrum
459 3845 619 3912 irrorans
626 3844 770 3933 patinae
781 3842 912 3935 piperi]
933 3845 1051 3913 Omnia
1063 3848 1193 3950 empha-

48 3935 123 4001 tica:
144 3934 221 4022 ipse
238 3935 391 4017 irrorat,
412 3957 478 4001 non
499 3956 631 4022 coquas,
657 3954 722 3997 non
740 3933 969 4018 aliquisservus
985 3931 1244 4002 mediasbuustbt

47 4034 105 4092 aut
117 4045 226 4109 proma
246 4021 346 4087 conda
367 4025 419 4089 vel
432 4021 492 4087 alia
511 4021 643 4106 quaeris¹
658 4017 824 4083 diobolaris
845 4021 971 4101 ancilla,
1000 4030 1032 4082 et
1049 4017 1205 4099 irrorat,¹
1342 4076 1345 4083 .

47 4109 184 4172 infundit
202 4130 295 4196 parce
315 4120 347 4173 et
367 4108 527 4191 guttatim:
559 4104 644 4169 unde
664 4116 696 4168 et
714 4111 839 4192 gratus
863 4116 911 4170 est
933 4106 1118 4191 appellatum
1146 4105 1192 4168 sic

48 4191 161 4260 Graeci
173 4187 283 4280 ἡρέμα
294 4190 523 4274 braccarae:
547 4211 691 4256 caeram
704 4201 808 4254 autem
821 4191 925 4279 piper,
950 4192 1001 4255 cui
1013 4192 1145 4277 parcitur
1156 4200 1192 4253 ut

47 4281 94 4347 rei
108 4302 232 4347 sacrae:
254 4279 330 4345 vide
343 4280 377 4343 in
392 4280 564 4347 imitatione
576 4277 755 4342 Horatiana.

133 4373 188 4435 22.
216 4365 290 4435 Hic
320 4363 411 4431 bona
438 4363 543 4429 dante
573 4359 738 4427 Grandia
769 4360 1020 4450 magnanimae
1042 4360 1260 4449 peragitati)

44 4456 161 4542 paca]
173 4452 362 4541 Exemplum
370 4450 512 4542 prodigia
533 4449 619 4539 quod
633 4448 817 4517 costumiam
827 4460 876 4515 est
888 4449 998 4531 aititur
1011 4448 1192 4536 superioria
