2700 4972
94 357 97 361 '
167 346 233 412 842
327 346 363 415 ,’
417 396 419 401 .
539 334 996 406 COMMENTARIUS

253 504 333 581 Ne‘c
346 504 466 574 Croesi
475 502 622 594 fortuna
633 527 803 609 unquam,
825 526 888 572 nec
906 501 1059 570 Persica
1076 524 1204 594 regna,

254 589 443 741 Sufficiant
457 592 586 673 animo,
607 616 668 659 uec
686 592 831 659 divitiae
849 588 1028 667 Narcissi,

255 678 298 746 In
323 678 408 744 ulsit
424 680 555 745 Caesar
573 679 631 745 cui
649 677 816 746 Claudius
835 676 970 757 omnia,
994 673 1100 761 cujus

253 764 384 833 Paruit
403 764 561 852 imperiis
583 787 728 847 uxorem
750 762 903 829 occidere
920 761 1055 848 jussus.
1230 830 1236 845 ,

168 850 240 916 Non
256 855 304 916 lac
322 853 392 915 lacti
405 852 534 916 similius
549 874 642 938 quern
657 864 727 915 sunt
745 853 822 914 fines
836 849 964 911 duarum
981 849 1115 912 istarum
1128 844 1289 909 Satirarum:

167 941 277 1017 hujus,
298 937 440 1023 inquam,
462 937 556 1001 Persii
582 949 613 1000 et
631 938 711 1001 illius
728 935 826 999 XIV.
848 934 929 1021 apud
947 935 1147 998 Juvenalem.
1189 929 1248 995 sed
1260 924 1290 995 ri

170 1017 356 1100 diductiori,
379 1020 463 1109 quod
485 1024 622 1109 pluribus
639 1024 776 1086 versibus
789 1021 945 1084 luvenalis
968 1031 1015 1082 est
1036 1026 1227 1103 persecutus,
1244 1016 1289 1079 istu

170 1110 261 1171 unico
276 1106 397 1172 Bersius
414 1109 576 1195 expressit:
600 1129 707 1173 verum
725 1108 857 1172 brevitas
871 1105 1100 1185 elegantissima
1114 1102 1196 1167 illiue
1207 1103 1291 1167 suble·

170 1192 273 1258 tanda
292 1204 338 1256 est
359 1194 622 1279 interpretatione,
645 1205 735 1279 atque
759 1194 802 1254 ita
822 1188 970 1277 capienda
993 1193 1062 1268 ejus
1085 1191 1199 1267 verba,
1224 1186 1291 1249 utel

171 1276 301 1342 diceret:
326 1277 415 1341 Doce
435 1300 487 1341 me
506 1279 602 1340 finem
621 1289 693 1353 tuae
711 1277 869 1347 auaritiae:
894 1276 977 1358 atqui
997 1274 1135 1337 modurn
1155 1275 1291 1359 imponere

171 1375 242 1426 tuae
259 1361 430 1447 πλεονεξίᾳ
448 1385 512 1426 non
531 1364 629 1444 magis
648 1375 735 1449 potes
753 1376 782 1424 tu
820 1384 889 1424 uam
909 1364 986 1423 olir‘n
998 1360 1111 1507 dpotuit
1127 1358 1291 1444 Chrysippus

172 1449 267 1511 finem
281 1449 380 1520 soritis
393 1449 531 1512 invenire
548 1460 582 1511 'et
601 1451 655 1511 ubi
670 1385 872 1513 resistendum
887 1458 975 1526 esset,
1021 1445 1143 1531 efinire7
1186 1442 1292 1507 Similli·

173 1556 244 1597 mae
272 1533 494 1617 βραχυλογίας
528 1538 669 1636 exempla
700 1533 782 1621 apud
813 1533 947 1618 optimos
982 1532 1150 1616 scriptores
1175 1528 1291 1615 plurime.

172 1618 251 1682 Tale
271 1619 347 1681 illud
364 1631 411 1683 est
425 1618 508 1705 apud
522 1620 684 1682 Horatium
696 1621 729 1681 in
747 1619 874 1705 epistola
888 1615 928 1679 ad
942 1616 1133 1697 Augustum:
1154 1615 1221 1695 ubi,
1239 1634 1292 1676 cum

173 1707 268 1770 vellet
288 1705 458 1786 significare
474 1727 628 1769 summam
652 1706 698 1768 rei
721 1702 938 1768 absurditatem
956 1702 1037 1780 [31],

122 1799 176 1856 520
490 1812 558 1852 non
577 1797 630 1852 eat
636 1837 648 1867 ,
671 1791 727 1865 ait,
750 1785 842 1876 quod
856 1786 969 1850 multa
983 1784 1189 1873 loquamure

263 1868 332 1937 Nil
346 1871 441 1937 intra
456 1885 508 1937 est
522 1874 650 1955 oleam,
673 1874 727 1938 nil
740 1884 841 1937 extra
860 1881 912 1935 est
929 1871 964 1934 in
983 1893 1072 1935 nuce
1087 1867 1191 1935 duri:

79 1960 94 1973 ‘
175 1979 251 2021 nam
265 1959 403 2022 similiter
418 1962 552 2047 suppleri
568 1960 659 2024 debet
670 1961 698 2031 is
710 1962 809 2024 locus:
831 1960 857 2022 si
873 1959 933 2022 hoc
949 1956 1003 2037 (de
1020 1978 1083 2043 quo
1101 1954 1192 2035 dixit)
1208 1972 1296 2019 vetum

177 2055 268 2129 atque
285 2064 417 2129 aequum
435 2053 498 2124 esd,
519 2046 613 2108 etiam
634 2044 710 2108 illud
730 2067 839 2109 uerum
858 2055 920 2125 est,
946 2065 1049 2128 neque
1068 2045 1215 2105 nucleum
1228 2042 1296 2104 otae

142 2148 145 2155 ·
176 2150 279 2215 neque
292 2130 379 2203 nucis
394 2131 531 2210 ligneum
549 2144 694 2217 putamen
709 2152 777 2194 esse
800 2130 927 2193 durum:
950 2128 1034 2212 quod
1054 2129 1128 2215 qnia
1144 2129 1242 2214 palam
1256 2126 1297 2187 ab·

178 2213 306 2278 surdum
325 2225 385 2294 est,
408 2218 543 2301 sequitur
561 2216 749 2281 etiamillud
773 2238 840 2279 esse
860 2214 1043 2294 absurdum,
1067 2213 1110 2277 de
1131 2234 1193 2299 quo
1213 2210 1252 2275 ibi
1264 2219 1297 2272 at

177 2321 297 2363 sermo:
327 2300 369 2362 ita
389 2302 476 2366 heic:
502 2302 779 2387 impossibilitatem
801 2301 941 2378 (utamur
960 2303 1019 2362 hac
1044 2300 1149 2381 voce)
1168 2294 1297 2361 finiatdne

177 2385 321 2448 avaritiae
342 2388 452 2469 probat
477 2388 566 2450 tacite
593 2409 772 2472 comparans
794 2409 864 2449 cum
887 2387 945 2449 alia
967 2407 1017 2464 re,
1048 2406 1147 2470 quarn
1166 2383 1299 2447 constabat

178 2469 301 2533 eruditis
322 2471 402 2531 liniri
422 2493 484 2532 non
497 2493 606 2558 posse:
628 2474 705 2535 nihil
718 2473 800 2535 enirn
811 2481 992 2558 tempestate
1008 2471 1061 2533 illa
1080 2466 1221 2533 doctrina
1235 2465 1300 2531 Stoi·

180 2577 286 2617 corum
307 2556 466 2634 vulgatius.
519 2554 616 2635 Quod
639 2570 742 2620 autem
766 2558 834 2620 linis
855 2579 916 2619 non
960 2557 1037 2619 ossit
1055 2556 1194 2620 inveniri
1212 2552 1301 2629 soritis,

179 2662 274 2727 quem
292 2651 383 2702 vocat
404 2640 525 2713 Persius
543 2662 710 2705 acervum
729 2644 902 2724 [cf.'Horat.
951 2664 979 2726 p.
1004 2639 1047 2719 Π,
1070 2648 1101 2720 1,
1121 2643 1195 2720 46],
1216 2638 1302 2703 Cicero

180 2738 212 2789 et
232 2725 442 2789 Jurisconsulti
462 2725 725 2790 cavillationem
745 2725 962 2805 acervalem,
987 2725 1126 2788 declaret
1145 2726 1191 2792 Μ.
1206 2723 1303 2788 Tullius

180 2813 213 2874 in
235 2809 424 2874 Academicis
448 2815 691 2897 quaestionibus,
721 2815 774 2876 ubi
796 2814 839 2877 sic
863 2813 995 2899 loquitur
1013 2813 1070 2897 qui
1091 2806 1304 2895 ἀκαταληψίαν

181 2907 281 2960 tuetur
297 2898 352 2982 [pr.
367 2896 408 2968 ll,
420 2902 462 2963 28
479 2920 523 2984 sq.
549 2898 575 2982 ξ.
595 2900 667 2979 llil:
690 2893 797 2962 Venit
816 2895 865 2959 ad
883 2894 1028 2974 soritae,
1050 2895 1230 2961 lubricum
1240 2916 1305 2958 aunt

154 2981 159 2991 “
183 2993 219 3045 et
227 2980 463 3066 periculosam
476 2983 608 3062 locum,·
631 2982 724 3072 quod
742 2992 779 3045 tu
795 2981 897 3046 modo
913 2978 1054 3045 dicebar
1070 3003 1151 3045 esee
1165 2982 1306 3048 vitiosum

101 3102 104 3107 ’
184 3064 563 3216 interrogandilfenus.
609 3068 706 3151 Quid
726 3091 763 3132 er
790 3072 833 3134 o?
863 3067 962 3131 istius
981 3064 1061 3130 vitii
1091 3090 1181 3132 num
1207 3076 1328 3132 narra.

185 3151 291 3235 culpa
307 3153 383 3215 eu?
456 3175 551 3231 erum
565 3164 694 3218 natura
710 3090 847 3219 nullam
862 3152 960 3217 nobis
976 3149 1076 3215 dedit
1091 3152 1308 3244 cognitionem

176 3232 325 3324 finium,
357 3245 396 3300 ut
417 3238 485 3302 illa
510 3240 611 3318 [eddr
631 3238 716 3322 ulln]
738 3239 774 3303 in
797 3261 832 3301 re
855 3248 1007 3302 statuere
1025 3239 1211 3325 possimus
1229 3237 1307 3322 Quc-

187 3332 303 3386 tenus:
332 3342 394 3386 nec
417 3322 482 3387 boc
507 3325 543 3388 in
563 3347 686 3389 acervo
709 3324 819 3389 tritici
843 3325 970 3400 colum,
1001 3322 1096 3387 unde
1115 3346 1243 3390 nomen
1261 3334 1308 3401 at,

186 3404 248 3472 sed
261 3404 338 3470 ulla
354 3407 431 3487 [imo
446 3409 559 3492 nulla]
577 3410 714 3474 omuino
735 3411 770 3474 in
791 3434 828 3474 re
847 3408 1049 3474 minutatim
1075 3409 1309 3503 interroganti:
1337 3368 1340 3463 l

189 3491 302 3573 dives,
322 3512 476 3578 pauper3
499 3496 634 3572 clarus,
658 3494 903 3561 obscurascit:
933 3493 1059 3572 multa,
1082 3518 1228 3584 pauca3
1247 3518 1309 3563 ma-
1327 3466 1340 3529 'l

115 3644 118 3648 ,
185 3598 277 3668 gna,
305 3598 435 3663 parva3
463 3578 587 3668 longa,
617 3580 736 3645 brevia
745 3603 756 3658 3
785 3583 876 3662 lata,
906 3604 951 3645 aa
978 3589 1077 3654 usta3
1116 3591 1247 3671 quanto
1263 3590 1310 3647 cu

191 3660 312 3739 addito
337 3675 401 3727 aut
415 3662 528 3729 demto
550 3676 684 3730 certum
707 3665 798 3754 quod
816 3602 1110 3755 respondeamus,
1134 3692 1203 3733 non
1218 3668 1311 3735 babe-
1338 3660 1340 3671 ¹

191 3768 278 3812 mus.
323 3749 421 3814 Vides
437 3751 547 3817 diserte
562 3755 704 3816 affirmari
720 3764 886 3817 naturam
909 3776 975 3817 non
998 3750 1140 3816 dedisse
1162 3756 1311 3846 cognitio·
1337 3802 1340 3811 ·

190 3828 420 3918 nemfiuium‚
442 3841 551 3924 quibus
571 3841 635 3903 sisti
654 3841 751 3926 possit
770 3863 946 3927 progressus
965 3840 1024 3921 τῆς
1044 3836 1312 3929 σωρειτικῆςᾶιο-
1336 3868 1340 3901 t

192 3918 286 3999 plac:
307 3923 398 4006 plane
418 3923 478 3984 hoc
498 3925 599 4010 ipsum
616 3926 657 3988 ait
677 3925 852 3990 Eustathius
868 3927 900 3988 in
917 3925 957 3989 Π.
977 3925 1313 4009 Nicomacheorum,in

191 4004 261 4090 ipso
276 4006 359 4106 finer
379 4008 404 4070 si
418 4021 509 4089 negat
520 4011 586 4094 ipsa
600 4023 720 4090 natura,
741 4023 775 4074 ut
791 4014 833 4074 ait
848 4010 964 4089 Cicero,
987 4010 1056 4095 quis
1070 4015 1209 4161 amplius
1219 4015 1314 4081 dubitet
1337 4038 1340 4049 ·

192 4111 260 4154 rem
275 4111 402 4154 omnmo
424 4096 553 4158 inveniri
566 4118 628 4159 non
649 4099 764 4182 posse?
785 4098 902 4184 optimo
923 4097 1014 4178 igitur
1034 4098 1103 4175 jure
1146 4104 1242 4167 ersius
1255 4104 1314 4165 inter
1337 4112 1340 4155 l

142 4186 195 4242 521
208 4167 356 4240 ἀδύνατα
373 4174 406 4239 id
419 4181 536 4244 retulit:
560 4194 718 4268 propterea
732 4194 763 4246 et
775 4182 871 4249 Stoici
882 4185 1008 4249 sonitem
1017 4182 1099 4246 inter
1113 4179 1237 4273 ἄπορα,
1274 4206 1315 4249 uae

196 4283 260 4324 non
277 4274 404 4347 possunt
417 4265 506 4344 solvi,
527 4270 717 4332 referebant:
739 4267 783 4331 sic
803 4267 885 4354 apud
899 4268 1027 4333 Sextum
1042 4266 1241 4376 Empiricum
1252 4210 1316 4339 don-

196 4356 241 4408 tra
259 4349 492 4413 mathematicos
510 4353 587 4415 libro
602 4354 703 4437 primo
724 4358 875 4439 profertur
895 4350 1071 4435 σωρειτικὴ
1090 4360 1240 4441 utconlu,
1260 4376 1317 4446 quae

195 4432 381 4497 solutionem
400 4438 514 4499 nullam
528 4436 675 4501 admittit:
697 4440 745 4501 cui
760 4441 875 4506 similes
891 4442 967 4505 aliae
990 4439 1075 4526 apud
1088 4448 1244 4529 eundem,
1263 4448 1317 4509 item
1338 4428 1340 4443 Ι

612 4770 750 4867 β.
