2700 4972
165 374 229 443 1so
496 348 940 442 'connumeratus

162 556 196 609 ut
204 541 250 608 ait
260 539 376 607 Arbiter
394 540 433 618 11.
449 542 502 621 31,
523 536 596 602 sine
617 534 854 625 speproedes
875 537 1049 607 >moriatur
1070 541 1108 609 iu
1131 543 1284 634 seopuiog
1307 572 1310 577 ·

110 643 162 699 259
168 629 224 693 sed
231 633 309 691 hanc
320 626 550 690 excusationem
561 624 769 693 non-admittit
781 623 957 688 Stoicorum
970 628 1067 708 rigor:
1112 632 1283 697 uibus-nuta

161 726 262 802 potest
274 713 437 777 necessitas
452 711 570 796 imponi
579 722 677 789 tanta,
693 732 774 795 quae
792 731 811 772 a
825 712 899 773 recti
916 714 1036 776 tramite
1056 652 1220 781 debentem
1238 741 1283 783 eos

162 812 266 880 cogat,
288 810 446 884 propterea
459 796 579 859 Persius
591 796 711 858 sitnon
723 816 807 858 suno
827 793 1019 882 magistro:
1038 800 1099 862 illis
1111 802 1283 887 1111110111-

160 896 206 947 ter
219 885 388 968 sapientem
400 903 495 943 unum
515 902 623 945 amnes
645 881 754 943 insani.
796 878 945 962 [intellige
967 883 1085 968 potius:
1109 887 1163 971 qui
1182 888 1215 949 in
1228 890 1283 951 lau-

161 969 262 1031 dando
280 968 344 1030 non
358 987 468 1031 sanum
484 987 519 1030 se
534 977 664 1048 gereret3
680 966 800 1045 insane,
822 969 898 1028 ultra
911 968 1036 1032 affectus
1050 972 1215 1037 veritatem
1228 975 1282 1035 lan-

64 1059 70 1068 “
162 1055 246 1117 daret
258 1053 409 1139 puerum]

247 1139 300 1202 47.
323 1135 421 1216 Quae
439 1142 544 1221 poter
558 1130 720 1198 adductis
733 1129 862 1197 sudans
877 1131 1018 1200 audiret
1028 1137 1188 1221 amicis]
1211 1138 1283 1205 Taa-

161 1225 204 1304 git
216 1223 438 1308 setirographus
452 1220 652 1283 ambitionem
666 1231 800 1304 patrum,
823 1222 874 1306 qui
887 1222 967 1285 tilios
982 1245 1054 1286 suos
1074 1247 1171 1312 saepe
1192 1225 1283 1290 decla·

160 1331 244 1372 mare
262 1296 411 1389 cogebant
426 1319 457 1369 et
472 1305 510 1367 ad
518 1327 576 1373 Ι101
596 1303 765 1367 audiendos
789 1327 858 1367 cum
879 1307 984 1370 anricis
1006 1313 1173 1391 corrogatis
1191 1313 1225 1375 in
1243 1314 1282 1385 ta-

160 1394 235 1456 dum
251 1394 430 1457 veniebant:
450 1391 591 1452 meminit
608 1402 639 1453 et
655 1387 860 1469 Quintilianus
874 1392 951 1456 libro
965 1391 1005 1456 IL
1021 1415 1088 1482 cap.
1104 1394 1181 1461 VH.
1196 1398 1281 1461 11111.

159 1478 206 1542 Χ.
228 1500 260 1540 ca
283 1477 349 1541 .V.
373 1477 383 1553 [
426 1479 488 1554 tt]

243 1475 411 1640 dictand
424 1556 587 1642 1111111111
593 1558 773 1637 1,,1011111111
785 1557 827 1629 de
839 1581 895 1644 spe
907 1561 1161 1645 1111111011111111,“
1181 1564 1282 1643 Com,

160 1647 200 1711 de
214 1669 274 1733 quo
293 1669 358 1709 non
366 1657 448 1709 recte
468 1648 618 1708 statuebat
636 1643 739 1707 Barth.
761 1644 801 1705 ad
816 1643 891 1708 Stat
907 1644 982 1710 Sttv.
1001 1645 1058 1725 IV,
1079 1645 1110 1725 4,
1132 1648 1216 1731 454:
1235 1674 1282 1725 ex.

158 1735 249 1817 plicat
264 1730 375 1794 Statius
390 1731 423 1793 in
437 1729 573 1817 epicedio
588 1731 679 1814 patris
694 1729 742 1793 sui
765 1729 851 1809 [Silr.
869 1729 910 1808 V,
924 1736 953 1809 3,
968 1731 1030 1798 215
1041 1731 1142 1816 sqq.]:
1168 1810 1171 1815 Ι

243 1815 367 1897 Qualis
386 1835 479 1890 eras,
500 1811 623 1877 Latios
638 1812 770 1898 quoties
785 1833 847 1899 ego
861 1814 1016 1897 carmine
1027 1824 1153 1901 potres

243 1895 604 1986 Mulceremfelixque
619 1897 671 1962 tui
687 1907 858 1984 spectator
872 1897 1012 1962 adesses
1114 1902 1121 1923 ¹

241 1984 422 2051 Muneris!
441 1983 510 2048 beu
526 1981 624 2070 quodi
639 1980 803 2070 confusus
812 1983 952 2071 gaudio
964 1983 1063 2072 fietu,

245 2066 340 2136 Vota
354 2070 494 2156 piosque
508 2076 620 2132 metus
637 2067 726 2151 iuter
739 2067 936 2156 laetumque
950 2070 1137 2157 pudorem.

159 2155 262 2237 [Multi
278 2160 379 2219 minus
391 2168 486 2218 recte:
508 2151 637 2217 sudans
648 2177 721 2241 prae
736 2154 871 2235 laetitia]

242 2243 293 2309 48.
315 2239 420 2307 Jure:
441 2236 566 2303 etenim
582 2237 620 2302 id
633 2261 823 2317 summum,
847 2236 932 2324 quid
951 2236 1074 2304 dexter
1094 2241 1192 2307 senio
1205 2240 1280 2329 Jer-

157 2336 221 2402 ret,
237 2325 334 2389 Scire
350 2335 427 2389 erut
441 2324 477 2388 in
489 2324 596 2403 rota]
618 2321 701 2388 Jure
722 2349 786 2388 non
799 2326 947 2406 significat
964 2339 1044 2389 recte
1064 2329 1125 2390 hoc
1141 2334 1280 2394 tacturas

154 2411 276 2489 Persio,
297 2411 353 2475 sed
368 2414 449 2475 vaiet
462 2410 681 2474 convenienter
694 2411 784 2489 vitae,
807 2432 899 2496 quarn
918 2414 1035 2490 agebat,
1055 2424 1087 2474 et
1100 2414 1173 2495 fini,
1197 2438 1280 2503 quem

155 2499 197 2560 ob
213 2498 316 2559 oculos
328 2497 518 2582 propositum
531 2497 673 2558 habebat.
716 2495 752 2556 in
771 2497 834 2559 vita
853 2498 919 2558 laus
940 2499 1101 2581 praecipua
1122 2500 1221 2564 finem
1234 2524 1281 2565 re·

156 2592 237 2643 ctum
248 2582 309 2644 sibi
321 2581 530 2667 proposuisse,
552 2602 613 2664 quo
627 2583 793 2643 referantur
813 2585 894 2643 sacta
915 2581 1018 2642 omnia
1033 2581 1192 2669 dictaque3
1214 2607 1280 2671 pm-

57 2732 59 2737 ,
154 2667 237 2729 xima
251 2667 322 2728 huic
335 2669 401 2729 laus
421 2667 586 2729 constantia
607 2678 637 2727 et
655 2666 717 2748 rita
733 2660 1005 2748 ὁμολογουμένως
1021 2668 1067 2750 τῷ
1080 2668 1279 2757 προκειμένῳ

154 2748 238 2815 τέλει
256 2763 342 2814 acta:
372 2772 445 2814 nam
465 2752 517 2836 qui
540 2760 696 2814 summum
718 2754 833 2814 bonum
851 2750 886 2813 in
902 2752 1059 2836 voluptate
1080 2758 1239 2839 ponebant
1253 2768 1280 2819 et

154 2828 261 2922 postea
275 2837 401 2920 quaeris
413 2838 475 2920 pati
488 2858 543 2921 pro
560 2837 668 2899 virtute
684 2849 803 2921 paratos
814 2858 851 2899 se
866 2835 1019 2915 dicebant,
1041 2859 1106 2900 non
1120 2841 1279 2905 1111011111-

155 2923 339 2985 constantiae
351 2922 450 2984 notati
460 2933 530 2984 sunt
540 2943 631 3007 quam
645 2923 703 2998 iili,
724 2923 775 3006 qui
792 2923 933 2984 virtutem
953 2943 1009 3006 pro
1023 2944 1118 3009 scopo
1138 2926 1198 2988 sibi
1212 2948 1280 3012 pro-

153 3020 302 3093 ponentes
326 3006 366 3069 ad
386 3010 575 3093 voluptatem
602 3005 754 3069 interdum
779 3005 988 3070 deflectebant.
1042 3007 1167 3074 Persius
1187 3013 1279 3093 igitur,

124 3126 126 3131 ·
153 3093 206 3177 qui
216 3113 292 3177 puer
303 3114 458 3154 summum
476 3095 593 3156 bonum
607 3113 669 3154 non
686 3090 768 3153 aliud
784 3094 967 3171 agnoscebat
1008 3105 1104 3157 raeter
1124 3094 1233 3160 iudum
1251 3110 1279 3161 ct

101 3192 154 3248 260
159 3182 271 3255 jocum,
292 3181 357 3256 jure
372 3179 464 3251 serias
477 3199 564 3239 curas
578 3178 665 3257 nugis
681 3178 743 3239 suis
757 3179 969 3262 postponebat.
1025 3177 1093 3241 ides
1107 3202 1202 3264 quam
1213 3194 1277 3267 apte

154 3262 267 3342 dogma
280 3261 418 3324 Stoicum
437 3273 538 3327 servet
553 3263 753 3348 philosophus
771 3273 889 3324 noster:
918 3283 991 3323 nam
1012 3266 1135 3345 qualem
1156 3268 1277 3353 quisquo

153 3348 247 3409 finem
265 3347 325 3409 sibi
339 3348 561 3432 proposuisset,
583 3350 657 3409 tales
675 3350 789 3409 futuras
812 3350 954 3431 cujusque
974 3349 1108 3410 actiones
1132 3349 1277 3417 docebant

153 3430 257 3493 Stoici.
299 3430 415 3493 Seneca
430 3432 557 3528 epistola
573 3431 683 3495 XCV:
707 3427 839 3494 Omnia
852 3431 992 3493 honeste
1005 3425 1110 3514 fient,
1132 3431 1167 3496 si
1177 3434 1277 3519 bone-

154 3525 206 3578 sto
220 3531 280 3578 nos
293 3513 530 3580 addixerimus
550 3515 652 3600 idque
672 3536 778 3579 renum
797 3515 835 3578 in
853 3513 953 3579 rebus
970 3512 1134 3580 Immanis
1156 3516 1276 3585 bouum

144 3598 423 3686 judicaverimus
438 3621 593 3688 quaeque
605 3620 647 3661 ex
660 3621 701 3662 ee
716 3607 802 3666 sunt.
844 3599 944 3688 Ergo
964 3595 1068 3688 infigi
1081 3600 1184 3668 debet
1192 3627 1275 3695 per·

56 3680 60 3691 '
153 3684 269 3749 suasio
285 3683 333 3748 ad
352 3695 461 3752 totum
477 3682 656 3771 pertinens
678 3682 809 3748 citu-mr
835 3683 969 3749 1111111
991 3684 1081 3771 quod
1102 3685 1274 3755 decretum

152 3793 249 3846 voc03
272 3769 385 3857 qualis
399 3769 482 3835 11111
495 3770 674 3854 persuasio
693 3766 821 3852 fuerit,
842 3768 932 3834 talia
947 3778 1045 3851 erunt
1062 3794 1151 3859 quae
1168 3798 1272 3865 ‹rgen-

153 3864 225 3933 tur,
256 3877 343 3941 quoe
365 3854 614 3944 cogitabantur.
670 3856 832 3943 Propterea
852 3857 984 3937 singulas
1003 3857 1139 3924 actiones
1158 3882 1273 3949 semper

152 3939 192 4003 ad
209 3942 349 4004 ultimum
362 3943 456 4005 tinem
473 3943 577 4005 referri
591 3941 702 4006 debere
715 3944 824 4006 scitum
837 3954 884 4006 est
904 3945 967 4020 ejus
982 3943 1116 4008 scholae.
1162 3945 1271 4011 Seneca

153 4048 171 4088 e
192 4026 414 4091 istolaLXXl:
433 4024 621 4089 Consilium
633 4025 922 4109 quaemadmodum
932 4024 1147 4102 inveniatur,
1165 4042 1270 4094 osteu-

152 4048 247 4172 diam.
299 4109 458 4191 Quoties,
486 4108 569 4196 quid
588 4106 613 4197 f
660 4109 799 4175 demtum
823 4112 868 4176 sit
889 4120 952 4174 out
973 4110 1056 4197 quid
1069 4115 1268 4199 petendum,

152 4192 362 4273 volesscire,
385 4194 616 4259 adsurrzmum
654 4219 759 4260 ouum
769 4205 803 4260 11
812 4192 1031 4284 propositum
1054 4200 1159 4285 totius
1182 4205 1267 4267 uitas

153 4281 302 4364 respice:
325 4279 381 4344 itti
395 4279 692 4363 111111111111111111ι
706 4278 806 4344 debet
823 4279 987 4368 quicquid
998 4279 1149 4368 agimus.
1193 4283 1268 4351 Nou

152 4361 311 4450 disponet
330 4364 468 4453 singula
483 4363 551 4429 nisi
566 4364 622 4429 cui
632 4364 716 4454 jam
735 4366 828 4430 vitoe
845 4387 928 4430 suae
945 4387 1081 4453 summa
1094 4370 1267 4455 proposito

151 4457 219 4525 est,·
240 4462 270 4514 et
275 4449 396 4517 Marcus
403 4453 566 4541 imperator
573 4451 682 4518 diserte
689 4465 780 4536 negat
788 4454 879 4518 aliam
887 4451 927 4516 ad
940 4455 1140 4528 constantiam
1153 4459 1186 4519 in
1199 4456 1266 4519 acti-
