2700 4972
93 347 160 411 aaa
454 339 863 431 cauusussatas

92 505 318 603 imprudentem
338 512 478 587 Persium
502 514 537 577 in
562 515 642 576 hanc
671 507 877 598 α’μφιβοίίαν
903 516 1047 603 putamus
1078 516 1221 601 incidisse,

92 620 202 666 vetum
224 601 263 663 de
277 599 423 663 industria
439 601 619 679 ambiguum
638 621 763 663 sensum
782 601 937 686 posuisse,
958 614 992 664 ut
1011 614 1043 665 et
1056 600 1096 666 de
1109 604 1222 671 Nerone

92 688 249 772 aptissime
261 697 366 772 posset
378 686 506 765 intelligi
525 684 609 747 etde
623 687 682 747 alio
698 687 772 748 item
792 708 885 771 quarn
899 686 1024 751 Nerone
1045 692 1223 755 convenien-

91 784 137 835 ter
157 775 283 857 exponi:
313 770 389 835 duas
413 771 503 851 igitur
521 772 729 857 expositiones
754 772 928 837 afferemus.
979 774 1067 838 Prior
1086 798 1157 840 cum
1180 800 1223 842 su-

90 859 259 945 perioribus
277 852 379 922 verbis
396 856 541 919 concinit:

406 940 480 1005 viso
498 939 530 1003 ai
540 938 674 1027 palles,
695 936 869 1026 improbe,
890 963 1045 1022 pumma,

90 1026 200 1113 quibus
219 1028 378 1091 avaritiam
395 1039 481 1090 notat
497 1027 596 1107 illius,
620 1048 712 1111 quem
734 1028 902 1112 alloquitur.
945 1027 1002 1093 Est
1017 1051 1117 1110 genus
1130 1033 1221 1095 homi-

89 1136 167 1177 num
178 1114 485 1199 improbissimorum,
507 1114 568 1197 qui,
589 1124 623 1173 ut
637 1113 781 1176 avaritiae
795 1134 870 1175 suae
881 1114 996 1177 faciant
1009 1116 1085 1179 satis
1101 1126 1131 1178 et
1143 1140 1220 1202 pras-

78 1198 142 1263 -dia
153 1199 285 1287 praediis
294 1198 470 1279 adjungant,
491 1220 599 1261 aurum
610 1219 684 1260 auro
697 1201 897 1279 accumulent,
918 1201 1088 1263 ministerio
1103 1206 1220 1267 abutuu

82 1297 140 1357 tur
153 1287 204 1350 rel
218 1286 428 1348 innocentium
450 1282 609 1364 judicumz.
622 1285 741 1346 miseris
763 1285 846 1347 enim
867 1297 957 1370 atque
976 1287 1106 1350 incautis
1128 1289 1219 1351 homi-

89 1370 179 1435 nibus
193 1372 261 1433 lites
276 1370 430 1449 concient,
452 1390 581 1455 quarum
598 1369 658 1453 ipsi
680 1381 750 1433 sunt
774 1372 993 1433 callentissrmrr
1012 1383 1056 1433 rta
1069 1375 1158 1437 facile
1173 1396 1218 1460 per

31 1454 37 1463 “
90 1456 274 1519 calumniam
292 1456 465 1541 superiores
487 1477 505 1517 e
525 1452 643 1534 judiciis
671 1453 830 1519 discedunt
852 1467 883 1519 et
908 1457 1063 1542 simplic‘es
1084 1460 1216 1525 homines

89 1542 181 1622 honis
199 1543 262 1605 su'is
284 1552 414 1621 exuunt;
441 1543 532 1619 hujus
556 1540 647 1602 etiarn
667 1542 786 1620 generis
808 1553 880 1603 sunt
899 1545 1215 1630 sycophantac,‚qua-

70 1626 294 1713 impletores,
314 1628 413 1689 litium
436 1624 624 1689 redemtores
647 1637 678 1687 et
699 1647 760 1688 uno
783 1629 897 1706 aerbo,
919 1629 1092 1714 quicunque
1112 1628 1153 1693 ad
1168 1653 1215 1695 ex·

85 1713 235 1799 'piendam
250 1713 407 1777 avaritiam
425 1712 587 1775 scientiam
599 1711 673 1791 juris
692 1714 826 1773 referunt
842 1723 932 1796 alque
950 1735 1042 1777 usum
1055 1735 1149 1800 quem
1166 1718 1215 1781 ha-

89 1801 164 1863 hent
186 1820 289 1861 rerum
306 1797 493 1878 forensium,
520 1798 572 1882 qui
594 1799 704 1860 versati
725 1807 797 1860 sunt
820 1798 854 1859 in
883 1800 1014 1875 lectione
1036 1802 1213 1865 comicorum

36 1885 275 1971 asspraesertim
290 1880 493 1961 Graecorum,
513 1905 576 1945 non
591 1883 747 1962 ignorant,
767 1894 880 1969 quanta
894 1882 986 1969 ,apud
1006 1898 1142 1967 veteres,
1161 1889 1212 1951 hoe

33 1981 36 1989 “
87 1971 212 2051 ingenio
228 1970 386 2055 quierant,
407 1967 523 2033 invidia
537 1969 714 2048 flagrarent,
736 1967 820 2053 quod
833 1968 883 2032 v¹el
898 1971 1006 2034 unicus
1019 1970 1213 2057 Theophrasti

86 2055 207 2119 libellus
222 2058 379 2133 aureolus,
401 2077 462 2140 quo
476 2075 600 2117 morum
617 2065 706 2116 notas
723 2076 763 2117 ex
784 2056 880 2133 osuit,
901 2058 1033 2119 ubertim
1049 2056 1214 2124 declarare·

87 2142 143 2206 rit:
174 2163 247 2203 eum
266 2139 340 2205 vide
360 2161 424 2225 cap.
443 2137 529 2221 litai
550 2132 721 2214 ἀπονοίας.
762 2076 816 2203 ile
835 2140 884 2202 his
905 2142 1042 2226 accipere
1061 2164 1215 2228 possumus

85 2228 170 2291 hunc
187 2248 319 2291 versum.
363 2223 496 2289 Puteal
510 2238 556 2289 est
569 2229 672 2287 tantm
684 2237 714 2287 et
725 2220 763 2289 τὰ
780 2196 1015 2308 ίακαοοήριονε
1032 2226 1214 2317 flagellare

86 2310 222 2379 Pateat
234 2308 424 2394 ἐμφατιαῶς
437 2311 552 2375 dictum
566 2333 623 2398 pro
636 2314 810 2396 frequenter
828 2311 913 2374 adire
925 2315 1028 2375 forum
1045 2328 1078 2378 et
1092 2319 1125 2379 in
1140 2319 1217 2379 turha

86 2399 204 2461 forensi
215 2397 337 2461 assidue
355 2399 485 2478 versari3
499 2394 691 2486 flagellare
708 2409 755 2461 est
771 2409 898 2475 arctare,
907 2420 1075 2545 premere:
1097 2413 1132 2464 ut
1144 2400 1217 2488 apud

85 2483 260 2549 Martialem
278 2484 330 2545 lib.
353 2481 387 2547 Π
409 2483 479 2563 [80,
501 2482 541 2563 4]
573 2502 659 2545 arca
681 2481 789 2544 dicitur
804 2480 906 2572 stage

85 2591 177 2650 aegre
192 2570 318 2631 iniectas
331 2568 482 2647 continet,
502 2568 617 2639 similes
641 2570 805 2653 emphases
826 2571 950 2656 optimis
967 2572 1162 2657 scriptoribus
1172 2578 1218 2637 ia·
1238 2648 1243 2657 ³

84 2656 219 2719 miliares
235 2665 316 2717 sunt.
358 2652 562 2717 Tertullianus
585 2652 624 2716 de
638 2653 734 2716 Pallio
753 2654 790 2731 [c.
807 2654 836 2718 5.
855 2655 949 2735 med]
973 2656 1163 2723 Christianos
1183 2681 1215 2723 eo

83 2742 212 2804 nomine
232 2739 350 2817 laudat,
379 2738 463 2824 quod
487 2760 567 2818 non,
595 2751 630 2801 ut
653 2740 777 2818 caeteri,
809 2737 977 2803 subsellia
1000 2743 1216 2823 contundunt,

26 2860 30 2867 ·
82 2826 116 2889 id
130 2812 250 2890 esthon
264 2826 419 2905 flagellent
431 2825 551 2904 Puteal,
574 2842 639 2887 non
658 2823 784 2889 ardeant
802 2826 904 2889 studio
921 2828 1038 2906 litium,
1061 2842 1168 2937 atpue,
1187 2843 1216 2893 ut

81 2915 206 2994 elegans
224 2914 354 2976 verbum
372 2910 470 2973 Marci
489 2912 616 2991 Augusti
640 2932 801 2996 usurpem,
831 2904 894 2977 οὐκ
921 2910 1054 2995 ἔχουσιν
1076 2920 1215 2993 mercada

80 2996 156 3081 scapi
175 2993 235 3073 τὰς
256 2995 359 3075 δίκας.
409 2997 520 3061 Parem
541 2998 608 3061 vim
627 2998 743 3059 habent
762 2998 814 3059 illa
836 3000 1060 3078 elegantissima
1075 3004 1215 3089 loquendi

80 3106 207 3165 genera:
225 3080 351 3166 sorum
369 3080 580 3147 aleatorium
597 3080 792 3167 capsacem,
813 3084 846 3145 in
869 3085 996 3169 epistola
1012 3086 1140 3168 Augusti
1158 3090 1212 3191 [ap.

80 3169 208 3233 Sueton.
220 3168 302 3250 71.];
324 3190 502 3233 carcerem
516 3176 678 3231 aestuare
693 3169 728 3229 in
738 3169 937 3254 apologetico
949 3170 1131 3239 Tertulliani
1143 3174 1212 3239 et'nl

78 3277 174 3336 genus
196 3256 264 3317 alia.
308 3254 373 3319 Sed
396 3254 482 3336 addit
497 3255 618 3317 Persius
642 3252 755 3316 multa
771 3251 902 3334 vibice,
926 3257 966 3318 ad
988 3262 1141 3338 majorem
1161 3261 1211 3325 de-

78 3344 275 3403 cierationem
302 3342 347 3401 irn
369 3341 520 3414 robitatis‚
549 3360 644 3425 quam
669 3342 720 3401 hic
742 3341 910 3403 alienarum
936 3364 1033 3427 opum
1057 3346 1213 3411 insidiator

76 3425 251 3489 adhibebat.
294 3362 381 3488 ldie
396 3425 497 3508 quod,
517 3428 572 3487 ubi
587 3434 633 3487 est
654 3428 742 3487 turha
761 3427 924 3489 hominurn
939 3430 1071 3493 aliorum
1090 3433 1126 3495 in
1141 3434 1211 3497 ahos

73 3512 291 3590 incidentium,
312 3513 356 3573 ibi
369 3510 434 3573 rixa
449 3522 511 3589 est,
531 3512 576 3573 ihi
591 3513 719 3574 verbera
739 3523 771 3573 et
792 3513 924 3592 tibices3
947 3511 984 3579 τὸ
1002 3524 1128 3581 cautus
1144 3520 1211 3583 artis

74 3601 205 3661 verbum
232 3608 293 3661 cstz
322 3598 480 3682 proprium
501 3597 586 3660 euim
608 3597 669 3659 lori
691 3598 794 3683 peritis
817 3610 849 3661 et
873 3603 1066 3685 pragmaticis
1096 3624 1210 3669 carere.

72 3684 207 3747 Lucilius
227 3682 478 3769 [p-192.Hav.]r

158 3766 302 3831 iactare
316 3754 495 3854 induforo
515 3788 551 3831 ae
575 3786 708 3843 omnes,
731 3764 898 3839 decedere
921 3790 1106 3857 nusquam,
1221 3792 1226 3801 ·

166 3851 234 3917 Uni
245 3874 281 3917 ae
298 3863 400 3938 atque
416 3850 530 3917 eidem
547 3850 659 3917 studio
674 3873 793 3915 omrres
810 3852 936 3918 dedere
958 3865 993 3919 et
1016 3858 1108 3922 orti:
1170 3878 1174 3883 ·

163 3935 204 4005 V
200 3938 282 4003 etha
298 3937 383 4003 dare
406 3948 445 4003 ut
464 3948 565 4003 caute
579 3936 728 4026 possint,
746 3961 911 4027 pugnare
934 3938 1062 4007 dolosa.

74 4024 153 4106 Quis
167 4028 222 4089 orit
236 4038 336 4088 tantus
351 4025 559 4105 Marrucinus,
586 4028 639 4110 qui
650 4028 730 4087 lianc
747 4028 1027 4115 interpretationem
1037 4032 1209 4118 improbare

21 4113 185 4179 354ausit?
228 4112 437 4175 Venantamen
459 4111 593 4189 Neroni,
619 4123 653 4173 ut
677 4111 825 4192 diximus,
853 4116 930 4177 haec
950 4119 1103 4181 sententia
1127 4121 1208 4182 nullo

72 4199 170 4263 modo
192 4198 343 4262 convenit.
385 4196 481 4278 igitur
500 4200 552 4282 qui
573 4196 690 4261 Neroni
711 4199 818 4262 volent
836 4212 957 4287 aptare,
1007 4202 1073 4265 uod
1092 4203 1210 4269 videtin

71 4285 242 4349 necessario
265 4280 458 4363 laciendum,
484 4284 528 4347 ita
548 4295 713 4371 exponant.
763 4280 803 4347 Si
823 4282 954 4348 Pateat
1049 4286 1153 4369 ellac,
1180 4288 1209 4354 id

71 4382 119 4434 est
134 4372 161 4434 si
175 4382 258 4433 tanta
274 4381 321 4433 est
334 4380 387 4431 tua
405 4371 572 4455 petulantia
590 4382 622 4433 et
635 4370 775 4449 lascivia,
796 4381 830 4432 ut
847 4384 1012 4437 nocturnus
1030 4379 1211 4460 praemiator

70 4457 231 4538 grassum,
261 4477 333 4519 cum
356 4458 460 4521 obviis
480 4458 579 4521 rixaru
601 4458 783 4521 conualtens
812 4468 843 4519 et
870 4457 981 4543 pudori
1004 4472 1211 4527 mahonanuu

922 2483 998 2546 lare
1024 2507 1124 2572 opas,
1152 2508 1231 2575 quas*
