2700 4972
93 332 205 415 'ss
482 304 940 450 ''connanrrruus
1088 346 1093 363 ¹

109 522 116 531 '
163 520 203 583 sb
224 513 341 580 arbitris
367 516 438 582 loco
464 514 665 579 scribentibus
691 525 740 581 est
764 535 864 602 opus3
891 525 1068 601 propterea,
1093 532 1176 599 quae
1200 514 1297 581 bons·
1339 549 1340 552 ¹

163 623 233 668 rum
253 598 538 665 matrumfamilias
558 602 625 665 lans
653 611 715 680 est,
747 594 787 665 ed
809 597 1004 680 οἰκουρικὸν
1030 593 1087 665 καὶ
1108 592 1154 663 οὖ
1174 594 1311 681 φνλόξο-

164 690 237 764 δον,
257 687 369 751 eadem
395 699 425 751 et
445 685 555 750 eruditi
575 687 729 751 homnis:
754 685 841 750 domi
867 687 995 772 inquam
1019 706 1060 749 se.
1076 685 1235 781 coptinere
1252 686 1297 751 in-
1335 709 1344 726 ’-

125 822 127 827 «
164 778 301 840 clusum:
322 773 411 837 Pbilo
432 772 567 837 Judaeus
587 774 620 835 in
640 770 718 836 libro
742 771 781 835 de
801 773 991 837 Abrahamo:
1013 767 1297 853 aministrasset,
1336 811 1338 814 -

162 862 275 947 inquit,
305 853 324 923 ὁ
346 854 454 942 σοφὸς
476 857 565 923 οἴκοι
588 854 629 923 ταὶ
650 853 757 923 πολλοὶ
778 853 951 947 καταμένει
972 859 1070 941 μόλις
1095 855 1157 933 τὰς
1177 853 1298 923 siuti

122 1006 126 1016 .
165 947 226 1022 δας
246 941 475 1029 ὑπερβαίνων,
504 941 528 1029 ἢ
548 940 603 1010 διὰ
623 940 704 1019 τούς
724 940 967 1028 insanissimus
988 938 1223 1026 συναχέατερον
1243 938 1298 1021 ἔξω
1337 981 1338 984 =

163 1029 291 1108 πόλεως
311 1025 489 1117 προελθών
515 1028 552 1095 ἐν
579 1029 749 1114 μοναγρίῳ
771 1035 915 1096 ποιεῖται
940 1025 1000 1107 ταὶς
1020 1025 1205 1113 διατριβάς.
1245 1028 1299 1093 Se·
1337 1061 1338 1064 ¹

165 1118 314 1183 cedebant
334 1119 423 1199 igitur
444 1116 484 1180 ad
503 1119 607 1181 stilum
627 1117 777 1196 Romani,
805 1129 840 1180 ut
865 1119 908 1179 ait
924 1114 1151 1196 Quintilianus,
1179 1126 1214 1179 et
1231 1115 1300 1181 scti-
1339 1130 1349 1169 ¹

163 1207 246 1293 pturi
262 1206 343 1281 ⁸intra
365 1204 504 1267 cubicula
531 1225 586 1267 sue
606 1203 640 1266 in
660 1204 802 1266 lectis·se
826 1204 1036 1280 continebant,
1064 1202 1144 1265 sicut
1163 1200 1206 1265 sd
1222 1200 1300 1267 ¹Sus-

114 1306 126 1343 1
164 1286 359 1368 tonium'[ad
380 1289 578 1370 iugum-78.
599 1312 631 1375 p.
654 1294 720 1365 272
740 1310 785 1375 sq.
808 1288 925 1370 Bosol]
949 1288 1155 1367 docebamus3
1175 1290 1230 1353 vel
1248 1308 1317 1374 pes.
1340 1311 1341 1314 ¹

42 1424 45 1437 .
164 1376 245 1441 nulis
266 1398 301 1440 se
321 1377 536 1454 involvebant,
564 1377 613 1439 bis
633 1375 758 1439 inclusi:
786 1398 860 1438 nam
880 1377 923 1437 ita
946 1375 1079 1460 loquitur
1097 1372 1185 1437 idem
1203 1370 1302 1453 Quin-

164 1464 287 1526 tilianus
309 1462 391 1525 alibi.
423 1461 474 1540 [V.
495 1463 565 1524 inst.
587 1483 632 1525 ora
652 1459 697 1540 X,
722 1466 752 1540 3,
774 1459 802 1543 b.
826 1467 869 1526 22
890 1459 1016 1540 adsim]
1045 1458 1190 1523 Fortasse
1211 1460 1302 1523 etism

166 1547 206 1613 ad
226 1550 279 1611 illa
290 1549 472 1633 respiciebat
484 1547 615 1625 Persius,
658 1567 715 1608 uae
737 1546 820 1632 apud
842 1546 977 1611 eundem
998 1556 1156 1609 auctorem
1175 1545 1210 1609 in
1227 1544 1302 1611 tibn

165 1633 217 1698 De
240 1636 408 1697 oratoribus
430 1633 467 1715 [c.
489 1638 509 1698 9
531 1635 617 1712 extr]
637 1569 719 1717 dper
738 1633 842 1717 poetis*
860 1634 978 1712 objicit:
1000 1629 1091 1718 quod
1107 1629 1311 1719 relinquens
1343 1634 1346 1639 ’

166 1718 217 1784 dn
239 1719 324 1819 ipsis
343 1729 429 1784 esset
453 1717 668 1784 conversatio
688 1717 880 1782 amicornm
898 1728 931 1783 et
952 1714 1145 1782 deserenda
1168 1726 1303 1783 sedne

35 1846 50 1857 -
125 1868 127 1880 ‚
166 1800 301 1894 officio,
324 1803 439 1870 studio
452 1804 622 1891 opinionis
634 1814 666 1866 et
671 1802 816 1890 samue,
839 1803 893 1868 cui
908 1802 974 1867 soli
989 1800 1199 1870 serviebant·
1222 1802 1304 1881 [Pro-

19 1936 39 1975 ·.
166 1895 220 1958 bat
246 1895 327 1955 banc
360 1892 596 1978 explicationem
617 1889 734 1954 Censor
753 1889 894 1971 ienensis
921 1882 1304 1977 supramemoratus-,db

166 1977 213 2054 P,
235 1990 266 2041 et
279 1979 395 2044 Web.:
419 1976 475 2040 sed
488 1977 589 2041 Pasa:
611 1974 808 2054 Scribimus,
831 1975 977 2040 inclusus
990 1996 1151 2041 nunceros
1166 1972 1237 2052 itte,
1255 1972 1304 2053 iss

169 2063 266 2133 Orell.
296 2074 327 2125 et
347 2062 393 2126 Pl
423 2059 618 2126 eGronovii
643 2073 732 2124 acuta
761 2062 992 2125 emendatione:
1020 2057 1229 2137 Scribimus,
1255 2058 1305 2125 in-
1333 2128 1336 2133 ,

136 2144 139 2159 ’
168 2147 255 2213 clusi
272 2169 431 2217 numeros
452 2146 466 2210 i
473 2145 487 2209 l
494 2146 508 2210 l
515 2146 544 2225 i,
572 2146 624 2222 lu,
652 2168 745 2232 quam
766 2159 945 2210 suucbrram
973 2169 1005 2212 v.
1026 2159 1062 2209 nt
1084 2144 1234 2210 defendat
1252 2144 1304 2211 0¹.

169 2256 200 2320 p·
228 2236 305 2300 189:
336 2245 367 2296 et
392 2233 427 2295 in
454 2235 514 2297 hac
541 2231 772 2296 subsistendum
800 2254 870 2299 esse
897 2233 1018 2315 judico3
1049 2230 1193 2295 nondum
1226 2232 1313 2321 euim,

167 2319 314 2384 satisfacit
333 2320 466 2385 Weben'
491 2318 630 2382 defensio
651 2320 809 2399 vulgatae,
830 2341 861 2406 p.
883 2322 946 2400 30.]
1332 2396 1336 2403 Ι

254 2400 425 2470 Numeros
439 2402 508 2481 ille,
528 2403 684 2490 bispede
704 2403 810 2486 liban]
839 2404 986 2470 Oratores
1006 2427 1042 2469 ac
1062 2401 1172 2492 po‘e'tas
1191 2401 1310 2493 prouti-

168 2510 243 2556 scue
264 2490 396 2570 exagitat
409 2490 530 2554 Persius
551 2493 610 2553 hac
626 2489 738 2572 Satira3
760 2492 818 2554 etsi
837 2504 940 2554 autem
960 2493 1101 2578 propriae
1120 2500 1195 2557 sunt
1216 2510 1332 2577 quae-¹

170 2574 243 2639 dam
263 2575 440 2662 politorum,
468 2577 545 2639 aliae
567 2588 722 2639 oratorum
741 2579 1011 2663 reprehensiones,
1039 2589 1072 2639 ut
1091 2591 1203 2663 postea
1221 2574 1322 2642 vita·

104 2669 161 2735 ¹166,
171 2661 289 2741 bimus,
318 2663 538 2725 incommune
564 2673 670 2725 umen
691 2657 813 2739 αἰάντες
834 2662 868 2727 oi
893 2656 981 2747 ἀμφὶ
1004 2658 1091 2739 ’τούς
1116 2659 1246 2747 λόγους·
1265 2660 1334 2743 sis.

47 2780 52 2793 ·
169 2746 447 2832 reprehenduntur,
473 2759 507 2809 ut
527 2769 606 2834 quas
637 2747 676 2811 de
697 2750 798 2813 alteris
824 2748 977 2829 dicuntur,
1005 2751 1100 2813 etism
1126 2750 1168 2815 ad
1188 2751 1320 2829 altem·

168 2833 221 2919 qui
241 2834 352 2897 similia
372 2844 551 2920 peccarent,
578 2835 731 2919 pertinere
752 2836 792 2897 sit
813 2834 1067 2900 existimandumr
1094 2834 1201 2901 babet
1218 2832 1311 2901 mim

169 2919 280 2983 σακκία
297 2917 489 3006 eloquentia
509 2917 641 3006 aliquid
661 2941 853 2999 commune,
882 2931 917 2983 ut
935 2933 1018 2985 recte
1039 2919 1250 3001 Quintilianus
1269 2919 1328 2985 eit·

167 3005 246 3069 libro
268 3004 314 3069 X.
337 3027 402 3091 cap.
424 3004 465 3069 de
485 3006 656 3069 imitatione
679 3005 720 3086 [2,
743 3004 856 3088 §.2213
877 3005 967 3093 pede
980 3006 1067 3072 liber
1087 3019 1136 3091 est
1155 3018 1261 3072 orator
1279 3014 1312 3071 a

167 3092 339 3176 quicunque
360 3113 451 3177 prosa
474 3093 610 3154 oratione
630 3093 732 3156 utitur.
775 3091 891 3155 Mis-tun
911 3094 1047 3159 extitisse
1059 3095 1112 3179 qul
1125 3092 1168 3158 de
1187 3092 1312 3163 mams-

68 3165 71 3179 ’
167 3178 235 3240 ticis
256 3177 357 3263 poetis
381 3178 566 3264 acciperent:
595 3177 680 3263 quod
700 3200 765 3241 non
785 3181 883 3259 magis
911 3202 982 3242 cum
1003 3181 1195 3267 apertissima
1210 3176 1312 3253 ,Puni

167 3273 273 3325 mente
293 3274 424 3349 pugnat,
446 3286 542 3349 quam
560 3267 599 3328 ab
620 3286 661 3327 eo
692 3266 797 3327 seculo
828 3277 874 3328 ast
894 3266 1045 3348 alienum,
1072 3288 1135 3353 quo
1156 3267 1218 3331 ists
1236 3264 1314 3333 scti-

167 3349 326 3413 bebantur.

257 3433 305 3498 14.
332 3430 478 3498 Grande
492 3431 644 3522 aliquid]
667 3434 808 3500 Sublime
828 3434 951 3500 dicendi
970 3458 1066 3519 genus
1080 3437 1177 3501 etiam
1193 3456 1314 3523 grano·

170 3515 214 3583 de
236 3519 358 3599 dicitur3
386 3520 456 3583 heic
476 3539 568 3600 vero,
598 3532 633 3582 ut
652 3523 747 3584 etiam
772 3523 806 3584 in
826 3524 930 3607 quinta
951 3535 1042 3609 atque
1063 3523 1154 3602 alibi,
1178 3524 1216 3587 in
1234 3522 1311 3589 vitio

168 3605 293 3689 ponitur
312 3607 389 3667 haec
417 3627 482 3669 vox
503 3607 701 3670 et·orationis
727 3606 833 3671 ideam
852 3630 918 3671 non
941 3631 1014 3673 vere
1036 3609 1186 3690 grandem
1213 3607 1314 3673 dann-

168 3700 226 3769 tnt,
248 3690 304 3753 sed
325 3690 549 3772 vaegrandem,
569 3691 603 3754 id
626 3703 673 3755 est
691 3692 843 3757 tumidam
864 3706 895 3758 et
913 3696 990 3758 falsa
1013 3697 1117 3782 specie
1137 3696 1313 3759 sublimite-
1347 3732 1349 3745 =

167 3775 206 3837 tis
228 3775 436 3841 blandientem
459 3778 580 3863 [probat
591 3777 727 3842 Meister.
747 3776 866 3845 Letzte
879 3779 977 3844 Stati.
991 3803 1022 3870 p.
1040 3785 1121 3862 87.]t
1142 3782 1217 3867 quia
1229 3781 1314 3845 enim

169 3880 249 3945 apex
271 3864 420 3926 facultatis
442 3863 564 3927 dicendi
591 3886 647 3928 seu
667 3886 758 3929 versu
786 3887 842 3928 seu
886 3888 956 3930 rosa
983 3879 1031 3930 est
1050 3866 1312 3955 magniloquentia

169 3957 284 4030 atque,
298 3960 332 4010 ut
352 3934 511 4029 Longinus
532 3951 590 4030 ait,
621 3942 765 4035 ἀκρότης
782 3949 838 4015 καὶ
859 3889 953 4036 fiagri
976 3974 1026 4029 τις
1047 3949 1158 4037 λόγων
1179 3950 1251 4019 ἐστὶ
1269 3944 1312 4017 vd

46 4080 50 4085 .
168 4024 256 4113 ὕψηε
278 4033 351 4095 ideo
372 4037 461 4098 multi
480 4047 580 4099 aetate
603 4035 707 4115 Persii,
730 4059 794 4099 non
815 4038 901 4123 quod
914 4060 1095 4120 magnarum
1117 4041 1234 4105 virium
1254 4037 1313 4103 sibi

168 4128 272 4181 meent
291 4121 413 4200 conscii,
434 4121 492 4185 sed
506 4120 651 4186 aviditate
665 4124 780 4205 gloriae
801 4146 874 4186 eum
886 4126 1092 4189 characterem
1108 4128 1311 4190 affectabantt

166 4202 264 4267 infra:
286 4201 414 4271 Dicere
437 4230 491 4271 res
509 4207 668 4294 grandes
691 4219 810 4272 nostro
834 4209 900 4275 dat
918 4210 1020 4275 Musa
1036 4217 1239 4299 podices-st
1252 4210 1312 4275 Pe-

165 4289 285 4353 nonius
305 4312 426 4378 quoque
446 4293 564 4357 Arbiter
586 4294 673 4374 [init]
702 4295 736 4356 in
763 4293 909 4360 studiosis
931 4296 1125 4380 eloquentiae
1145 4300 1314 4385 reprobus·

167 4371 213 4439 dit
233 4396 351 4441 rerum
369 4388 517 4443 utmores
537 4390 571 4443 et
591 4379 838 4447 sustentarunt
860 4382 1091 4447 vnnnsimnm
1112 4385 1312 4473 urepiaunr

164 4471 248 4529 ruste
266 4474 373 4529 nutem
392 4462 600 4548 Quintilianus
626 4465 757 4573 jpdimt,
784 4487 857 4533 cum
880 4466 1072 4557 pronuu'dst,
1098 4492 1164 4561 qno
1180 4470 1334 4563 qrrirgue

773 4876 1141 4936 stu-.-
