2700 4972
434 336 437 341 ,
480 254 887 369 oouunurrmus
957 332 960 339 -

118 470 181 559 prio
196 465 354 551 οὐκοιεῖ,
375 464 628 551 ott'rtuauto,
650 462 890 553 οὐδ’ὲναρχλᾶ,
913 464 994 537 ottt
1007 467 1174 555 patritio·
1195 463 1244 535 tt

119 556 162 626 λὰ
176 558 228 625 δεῖ
242 580 275 623 τι
291 553 371 623 ἄλλο
387 551 583 641 εὑρεθῆναι·
600 555 638 622 ιλ·
659 544 723 622 οὖν
737 553 805 622 ἐστι
823 551 862 621 τό
881 551 918 620 ἐν
937 558 984 644 τῷ
998 552 1147 640 γράφειν
1168 548 1242 621 tart

119 648 223 711 λοιον
234 647 358 713 ποιοῦν
369 642 425 709 eol
441 638 732 724 ἀπαραπόδιστονι
751 637 774 728 ἡ
789 637 950 726 ἐπιστήμη
962 646 1025 707 τοῦ
1038 639 1197 726 γράφειν·
1215 640 1243 706 ιλ

106 727 157 815 ,δ’
179 726 216 795 ἐν
232 732 280 816 τῷ
299 729 481 810 κιθαρίζειν
488 753 498 804 3
521 724 543 813 ri
564 724 724 813 ἐπιστήμη
742 731 805 793 τοῦ
824 731 1028 810 κιθαρίζειν·
1051 724 1179 793 οὐκοῦν
1194 724 1242 791 καὶ

119 813 157 883 tv
169 818 218 904 τῷ
230 816 329 899 βιοῦν
341 811 362 898 ἡ
375 810 535 899 ἐπιστήμη
552 817 616 880 τοῦ
638 816 745 898 βιοῦν.
776 814 917 878 ‚Summa
936 828 1000 878 est:
1024 816 1170 878 Liberum
1183 834 1242 877 esse

118 902 224 984 illum,
245 903 297 987 qui
318 900 414 981 dieat,
435 902 527 965 faciat
541 900 682 986 quicquid
701 901 821 963 libuerit
839 900 905 963 sine
926 902 991 963 ullo
1013 900 1240 986 impedimento:
1278 956 1280 961 .

118 990 200 1051 hanc
225 990 401 1051 facultatem
422 1008 486 1051 non
507 989 635 1072 opibus,
663 1009 727 1048 non
748 985 893 1065 dignitate
911 999 963 1048 aut
992 987 1135 1073 potentia
1157 985 1240 1071 parati

117 1095 226 1161 posse,
246 1073 306 1136 nisi
318 1074 386 1136 solo
398 1083 461 1135 arte
473 1073 571 1137 vitae:
593 1070 854 1156 quemadmodum
866 1075 993 1135 facultas
1004 1071 1160 1135 scribendi
1170 1072 1240 1157 quie

117 1159 194 1245 quid
208 1159 345 1237 libuerit,
364 1179 430 1221 non
444 1169 564 1244 paratur
576 1159 660 1221 aliter
674 1179 767 1242 quam
782 1157 810 1219 si
823 1169 920 1219 artem
934 1156 1090 1220 scrilrmdi
1101 1156 1239 1220 addiscas:

118 1247 246 1308 facultas
260 1248 358 1326 lyram
370 1242 511 1328 pulsandi
525 1265 589 1307 non
605 1244 691 1305 aliter
704 1239 799 1328 quam
819 1242 846 1306 si
861 1244 1077 1313 citharistieom
1088 1254 1184 1305 artem
1201 1240 1239 1303 tli-

103 1350 197 1395 ,acan
239 1328 294 1393 Ab
315 1328 426 1391 eadem
442 1340 547 1391 mente
569 1340 616 1392 est
630 1327 706 1391 illud
722 1328 770 1395 Μ.
787 1327 880 1391 Tullii
898 1330 930 1391 in
950 1328 992 1391 11.
1009 1328 1238 1391 Tusculanum

120 1414 164 1494 [4,
177 1414 207 1498 ξ.
220 1418 288 1495 121:
309 1409 534 1500 philosophus
546 1412 585 1477 in
599 1412 733 1478 ratione
751 1411 846 1499 vitae
864 1433 1019 1498 peceant
1036 1411 1102 1476 Iron
1118 1410 1237 1499 turpior

12 1522 19 1529 ·
110 1501 189 1578 eat,
212 1496 303 1586 quod
314 1498 351 1562 in
366 1496 497 1587 officio,
521 1499 620 1584 cujus
635 1497 806 1585 magister
820 1519 894 1562 eoae
909 1498 1001 1578 vult,
1025 1496 1170 1575 labitur,
1189 1518 1235 1560 or·

119 1593 257 1672 temque
272 1582 363 1650 vitoe
377 1581 554 1671 profusam
570 1582 743 1672 delinquit
757 1585 793 1648 in
810 1583 902 1649 vito:
925 1588 998 1648 hinc
1011 1587 1107 1649 etiam
1124 1580 1235 1666 ἄτεχνοι

117 1670 177 1738 not
187 1668 264 1752 περὶ
277 1666 338 1737 τὸν
352 1670 431 1754 βίον
443 1665 582 1756 ἀνόητοι
601 1670 923 1745 Plutarchodicuntur
934 1672 966 1733 in
982 1672 1088 1734 libello
1112 1669 1152 1733 de
1170 1682 1234 1731 noo

138 1759 265 1821 uillitate
279 1759 374 1821 animi
385 1758 429 1844 [p.
444 1760 516 1823 467.
534 1756 602 1839 Bu,
629 1757 683 1842 qui
704 1756 837 1820 rationes
856 1759 936 1821 bene
956 1756 1087 1823 vivendi
1105 1756 1233 1839 ignorant

66 1856 119 1916 426
142 1844 151 1867 ¹
171 1857 289 1907 elerum
300 1855 381 1906 tonis
394 1845 445 1906 hic
456 1846 544 1907 locus
557 1865 652 1929 usque
665 1842 770 1906 odilla
785 1844 890 1925 verbo,

203 1924 304 1993 Haeo
318 1938 506 2005 mearunt,
528 1938 637 2006 teneo,

38 2042 41 2047 ·
119 2018 171 2080 vel
194 2011 446 2099 ἐρωιηματικοῖς
464 2014 628 2096 legendus,
657 2025 691 2077 ut
708 2013 786 2077 nihil
801 2014 947 2093 affimat,
968 2015 1022 2078 vel
1041 2008 1233 2099 accipiendm

49 2095 381 2178 (lmifitixotltoeorc,
403 2113 437 2164 ut
453 2103 511 2164 sub
535 2099 709 2164 conditione
729 2100 868 2163 affirmet.
912 2097 1080 2162 Continent
1097 2096 1232 2161 autemlti

119 2209 236 2251 novem
248 2206 354 2251 versus
368 2188 443 2251 boni
458 2187 516 2251 viri
532 2198 563 2250 et
574 2186 719 2273 sapientis
728 2183 1010 2269 χαρακτηρισμόνε
1032 2192 1126 2248 recto
1139 2184 1232 2248 vivore

118 2271 212 2350 tolo,
233 2270 360 2337 Graecis
371 2266 576 2351 ὀρθοποδεῖν
590 2267 627 2337 ἐν
641 2274 688 2357 τῷ
703 2270 775 2355 βίω.
799 2269 907 2352 [Bene
924 2294 962 2332 ex
985 2271 1052 2333 onir
1066 2271 1231 2333 locutionem

119 2357 349 2423 Torrentur.
365 2356 493 2436 XVIII,
518 2364 566 2422 19„
584 2379 633 2442 ap.
652 2358 710 2431 Pl]
735 2335 936 2420 (lollianachus
952 2293 1038 2418 iHem
1055 2356 1232 2443 proverbnn

120 2445 205 2506 aliter
220 2455 358 2528 usurpat,
379 2444 498 2524 hymno
514 2443 546 2505 in
561 2442 694 2505 Dianam
706 2441 814 2523 [128]:
836 2444 904 2507 zoio
927 2435 961 2505 ‹l'
979 2435 1081 2506 οὐδὲν
1096 2438 1148 2507 ἐπὶ
1162 2452 1232 2523 σφο-

118 2526 184 2611 ρόν
200 2522 309 2610 ὀρθὰν
327 2522 463 2611 ἀνέστη,
486 2550 683 2591 communem
702 2529 844 2591 omnium
857 2528 1024 2614 perniciem
1043 2527 1197 2591 denotans.

206 2649 277 2713 105.
286 2642 334 2709 Et
348 2643 423 2709 veri
434 2645 586 2731 speciem
599 2643 802 2734 dignoscere
818 2644 946 2727 callen]
966 2646 1060 2725 Rem,
1075 2670 1153 2736 quae
1165 2640 1233 2711 siuti-

118 2731 279 2796 litudinem
291 2731 357 2795 veri
370 2734 495 2811 habeat,
516 2753 580 2795 non
594 2735 634 2796 sit
648 2756 730 2798 vera.
774 2733 813 2797 Et
827 2733 989 2815 Bongoraii
1004 2745 1035 2795 et
1049 2734 1174 2798 Puteani
1192 2752 1234 2795 ro-

117 2831 181 2882 tera
196 2818 380 2904 exemplaria
394 2818 500 2880 omnia
519 2818 568 2898 [et
581 2820 673 2900 longe
691 2820 794 2906 plures
814 2818 903 2898 len,
922 2818 1006 2901 Tig,
1030 2820 1136 2883 Havn.
1159 2827 1184 2885 1.
1201 2821 1233 2893 t,

118 2904 280 2984 Chemnl:
303 2903 490 2989 specimen,
512 2924 576 2966 non
590 2902 759 2989 speciem:
778 2917 877 2967 utrum
899 2926 938 2966 ue
951 2908 1050 2984 ferm,
1073 2905 1130 2969 sed
1143 2904 1234 2967 melius
1264 2942 1267 2947 -

115 2988 268 3074 speciem
285 2988 331 3068 [ut
344 2994 373 3054 6.
388 2989 472 3070 Aen,
494 2991 650 3076 inquibus
670 2990 757 3055 Golb.
774 2989 860 3070 Ill.]:
879 2927 1024 3054 (ioannes
1042 2989 1248 3056 saresberien·

115 3080 157 3141 eis
171 3078 248 3140 libro
262 3073 356 3138 VIII:
386 3072 484 3139 Deua
505 3075 634 3160 aperiet
655 3074 822 3139 discernit
844 3097 868 3137 n
882 3073 992 3153 robur,

201 3156 260 3226 Ne
277 3180 345 3248 qun
357 3156 419 3223 rub
434 3169 557 3225 ueruto
573 3158 775 3225 mendorum
791 3158 920 3223 tinniat
934 3182 1043 3225 auro.-

113 3259 220 3413 l{sntio
245 3272 281 3328 et
304 3260 496 3351 luypoerisio
518 3284 648 3336 ‚nomen
674 3261 827 3352 aceepit=
862 3262 984 3329 videtur
1003 3262 1118 3345 legisse
1139 3257 1234 3327 inem

126 3350 214 3413 'brisz

447 3457 470 3498 α
485 3455 565 3498 vero
578 3430 730 3520 speeiem
744 3430 945 3522 dignoscere
960 3430 1080 3516 calleo,
1276 3370 1280 3489 I

115 3529 146 3582 et
161 3539 282 3582 verum
300 3518 510 3607 interpretatur
528 3542 593 3599 res,
617 3523 769 3609 speciem
789 3523 899 3584 falsam
919 3520 1108 3603 imaginem,
1128 3541 1184 3608 quo
1198 3512 1235 3583 ti-

113 3604 225 3669 dentur
239 3628 288 3669 res
302 3628 370 3670 esse
386 3627 464 3692 quae
475 3628 537 3668 non
552 3619 632 3669 sunt.

203 3729 272 3789 106.
295 3724 349 3789 Ne
367 3746 436 3812 qun
450 3722 511 3788 oub
526 3733 646 3789 aerato
662 3722 865 3788 mendorum
880 3721 1010 3788 tinniat
1028 3724 1142 3805 auro]
1163 3717 1236 3807 Apoll

112 3810 302 3873 Priscianum
314 3814 407 3877 variIs
421 3814 497 3876 locis
511 3813 552 3875 ita
563 3834 686 3898 semper
700 3811 855 3891 distincte,
880 3834 960 3890 non,
984 3823 1018 3872 ut
1031 3813 1065 3873 in
1080 3810 1146 3874 aliis
1159 3807 1235 3882 librit,

112 3892 300 3959 oubnernto
312 3896 376 3979 [‚,et
386 3896 620 3984 praeferendum
632 3897 708 3961 illud
722 3899 837 3975 luisset,
851 3897 878 3960 si
891 3907 1054 3961 neretum
1064 3919 1160 3982 aeque
1172 3898 1236 3957 beno
1270 3944 1275 3953 .

114 4003 150 4044 ac
165 4002 326 4046 aerosum
337 3986 500 4049 hocaensu
515 3986 607 4047 latine
620 3985 776 4047 diceretur.
803 3981 888 4063 Pl.]:
911 3983 996 4068 quod
1009 3981 1236 4047 Graecorumest

114 4061 322 4151 ὑπόχαλκον,
343 4091 435 4156 saepe
450 4069 530 4154 apud
549 4071 753 4134 Plutarchum.
785 4070 975 4133 Tlremistius
990 4069 1235 4155 Euplrradesora-
1278 4044 1280 4081 Ι

114 4155 198 4217 tione
224 4155 321 4240 prima
344 4156 444 4235 [nunc
461 4154 566 4231 XXI,
587 4178 618 4241 p.
640 4158 713 4222 247.
744 4155 783 4222 Β.
802 4155 982 4237 Harduin.]:
1008 4155 1102 4231 εἴτις
1135 4148 1237 4235 ονσίον

21 4312 24 4317 ,
113 4235 304 4324 ὑπόχαλκον
318 4235 341 4325 ἢ
357 4238 541 4325 πορφύραν
561 4235 767 4324 ἐψευσμένην
785 4237 824 4305 τὰ
841 4235 948 4317 ἄνθος
969 4236 1109 4327 ἣλίθον
1163 4239 1237 4322 riou

112 4321 236 4404 λούσας
260 4326 397 4411 (scribet
420 4322 659 4410 ιιβὸηλεύσας)
681 4326 728 4403 εἰς
747 4324 810 4411 τήν
832 4319 963 4411 ἀγορὰν
987 4324 1074 4409 ’ὑμῖν
1096 4319 1236 4409 οἰσογᾶγσ

113 4406 390 4500 [ἰοιο-γᾶγοι1,
413 4406 569 4498 ὀργιῖσθλ
589 4434 624 4479 τι
636 4408 695 4479 ml
708 4405 775 4477 otia
797 4405 962 4505 tutanos.
984 4406 1235 4499 [tripartitos

406 4620 412 4635 ¹
463 4590 695 4664 :nitaffl
721 4644 734 4649 ··
