2700 4972
558 237 569 274 l

104 350 109 360 ’
176 340 243 408 ror
541 298 941 426 coniurauimus

265 504 336 573 Cur
349 504 426 594 quis
443 530 510 573 non
519 505 706 595 prandent,
727 506 790 572 boc
802 514 874 585 est]
903 504 999 588 Quod
1018 509 1090 596 quia
1106 519 1208 573 conus
1221 533 1291 577 cotn-

177 616 305 683 munem
317 594 530 672 Romanorum
545 594 812 676 consuetudinem,
824 594 905 659 'ideo
927 596 1024 683 notati
1040 596 1093 681 qui
1106 598 1242 662 facerent
1332 667 1336 701 1

152 700 154 705 ,
197 690 273 779 'ab
295 704 363 776 Hii
377 712 525 800 populus
540 711 655 795 ridet]
678 714 724 778 Ita
742 727 822 779 recte
845 694 981 779 veteres:
1003 712 1097 778 ridet
1117 739 1174 803 pro
1195 714 1298 799 arridet·
1332 754 1336 792 t

178 802 339 864 assentitur
350 812 387 862 et
409 800 538 886 plaudit:
559 820 638 863 unus
658 812 718 879 est,
743 802 807 887 qui·
819 802 985 864 convitium
1004 802 1194 887 philosopho
1213 805 1294 882 faciat,

145 937 150 945 .
177 885 235 949 sed
254 888 344 965 hujus
356 886 554 1031 petulantiam
567 907 675 953 omnes
691 887 742 969 qui
764 885 889 947 adstant
903 907 981 950 voce
1002 898 1151 971 gestuque
1174 909 1295 1036 compro

177 974 260 1034 bant
298 969 354 1048 [Ea
378 993 428 1033 em
448 974 512 1033 fere
532 972 573 1033 ob
602 973 731 1035 aliorum
753 970 925 1034 dissensum
951 975 1055 1057 paullo
1079 972 1216 1061 pluribus
1255 974 1296 1036 ixit

178 1057 277 1126 Web.
297 1052 378 1119 His·
390 1058 411 1120 i.
426 1078 455 1135 e.
472 1055 512 1117 ad
529 1058 627 1135 haec]

240 1171 458 1261 Multumque
474 1181 590 1247 torosa
598 1172 784 1258 juventus]
792 1172 945 1245 iuventus,
953 1175 1079 1239 militiae
1091 1175 1197 1240 dedita
1213 1178 1308 1241 ethin

178 1279 250 1324 cosa
265 1282 339 1341 gens
353 1261 579 1323 centurionum:
599 1282 672 1322 nam
687 1260 725 1323 de
743 1261 856 1334 iisdem
873 1261 1095 1347 accipiendum.
1128 1262 1242 1342 [„tttato
1257 1263 1296 1325 in-
1313 1318 1317 1331 ,

131 1362 151 1370 “·
176 1349 311 1427 telligere
325 1350 519 1425 juventutem
537 1345 712 1407 Romanam
731 1349 888 1423 universe,
910 1368 988 1431 quae
1009 1347 1120 1411 studiis
1142 1371 1207 1411 non
1227 1370 1296 1411 enu-

176 1444 248 1507 vata
265 1430 372 1492 dicitur
390 1441 516 1505 torosn,
539 1433 613 1493 toris
627 1433 729 1493 mollis
743 1443 780 1493 et
794 1433 963 1510 luxurians,
985 1434 1180 1518 philosophis
1194 1432 1295 1518 pallidis

175 1529 209 1579 et
222 1517 383 1601 irnpransis
403 1516 580 1577 contraria.“
602 1513 658 1579 Pl.
675 1517 804 1601 optime3
828 1515 867 1577 de
885 1518 960 1580 vitio
975 1529 1077 1580 autem
1098 1520 1234 1604 usurpati
1249 1539 1295 1581 ro-
1318 1572 1321 1577 .

121 1660 124 1669 .
177 1625 246 1667 cem
267 1611 402 1664 toronus
422 1604 531 1685 probat
551 1602 625 1664 locis
638 1601 834 1682 Hieronymi,
855 1601 993 1687 inprimis
1013 1604 1091 1665 hoc:
1108 1600 1295 1668 -Formonlt

175 1684 288 1754 nostri
309 1696 346 1750 et
365 1683 559 1749 torosuli
584 1695 620 1748 et
646 1683 706 1748 vix
732 1684 876 1748 summis
892 1683 1036 1770 pedibus
1059 1683 1292 1753 adumbrantes

173 1770 343 1922 repugna,
374 1790 520 1859 quorum
541 1769 647 1836 verba
670 1771 707 1835 in
731 1770 860 1860 pugnis
886 1781 1024 1859 suntet
1051 1771 1293 1865 syllogismiin

174 1881 218 1924 cu
234 1858 350 1939 cibus]

124 2052 127 2056 ,
260 1983 312 2044 87.
335 1974 536 2061 ingeminat
552 1973 717 2041 tremulos
731 1966 815 2040 nuso
833 1951 1007 2064 crispante
1024 1976 1234 2062 enclrinnoe]
1255 1976 1290 2043 Ite

171 2064 372 2130 vehementer
392 2061 495 2125 irridet
515 2085 550 2125 ac
574 2065 786 2137 cachinnatur,
807 2075 842 2124 ut
857 2075 957 2127 totum
978 2086 1014 2126 co
1051 2086 1087 2127 us
1107 2066 1292 2128 concutiatet

131 2170 133 2175 ’
172 2170 283 2247 nasum
297 2150 332 2210 in
345 2169 435 2230 rugas
455 2151 626 2230 contrahat3
647 2149 730 2211 unde
747 2169 877 2235 rugosa
891 2170 1001 2213 sanna
1015 2086 1122 2214 ¹iatira
1136 2150 1169 2215 V
1189 2150 1260 2232 [91].

260 2272 313 2333 88.
343 2265 502 2352 Inspice.-
523 2270 635 2332 neseio
656 2267 742 2355 quid
763 2266 917 2352 trepidat
937 2264 1025 2330 miti
1042 2272 1190 2353 pectus]
1221 2270 1300 2349 Nune

122 2353 348 2440 299respond'et
367 2354 474 2416 doctor
492 2354 613 2418 Stoicus
630 2357 680 2418 isti
692 2356 905 2440 philosophiae
920 2357 1132 2440 vituperatori.
1183 2354 1294 2419 sumna

172 2440 380 2528 responsionis
396 2452 456 2502 est:
480 2442 531 2526 qui
554 2443 653 2523 alieno
668 2453 738 2502 sunt
753 2442 887 2502 animoa
902 2442 1067 2525 sapientiae
1081 2439 1203 2521 studio,
1222 2442 1295 2504 sirni-

172 2527 217 2588 les
233 2525 369 2601 esse-iis,
393 2525 445 2608 qui
459 2529 568 2587 morbo
584 2529 722 2588 laborant
745 2537 775 2586 et
788 2525 942 2587 medicum
963 2539 1124 2610 respuunt:
1147 2548 1252 2611 quare,
1264 2534 1295 2587 ut

170 2611 217 2675 illi
231 2612 367 2690 neglecta
381 2608 493 2671 medici
510 2612 662 2672 curatione
673 2612 832 2688 intereunt,
848 2611 890 2672 sic
905 2611 964 2689 isti,
981 2610 1056 2672 dum
1072 2612 1295 2697 philosophiam,

172 2717 251 2784 quae
279 2695 453 2757 animorum
472 2695 624 2758 medicina
652 2707 714 2774 est,
744 2707 955 2780 aspernantur,
977 2696 1015 2765 ¹in
1036 2698 1107 2758 vitia
1122 2698 1294 2784 praecipite

170 2792 275 2859 munt,
298 2801 376 2866 quae
394 2781 479 2867 ipsos
502 2784 583 2844 male
601 2780 727 2843 tandem
742 2780 879 2866 perdent.
921 2781 990 2842 Hoc
1006 2784 1117 2843 volunt
1137 2780 1295 2846 novemde-

173 2867 235 2929 ciin
251 2868 302 2951 qui
322 2878 485 2952 sequuntur
500 2887 615 2930 versus.
660 2865 723 2928 Sed
749 2866 877 2928 auctoris
902 2877 1038 2928 mentem
1059 2869 1202 2930 obscurat
1219 2888 1294 2930 coru-

171 2952 355 3039 parationis,
389 2968 481 3037 quam
503 2951 652 3031 diximus,
683 2952 796 3014 omissa
818 2952 937 3036 penitus
967 2972 1037 3036 pars
1050 3020 1054 3025 ,
1067 2954 1178 3017 altera:
1198 2954 1293 3016 uolatu

170 3040 256 3101 enim
277 3038 425 3123 protasim
447 3039 565 3122 posuit,
595 3036 756 3124 apodosim
782 3037 901 3120 reliquit
930 3035 1060 3099 auditori
1087 3038 1293 3124 supplendam:
1325 3048 1336 3109 ·ζ

37 3194 42 3203 ,
168 3123 255 3210 quod
269 3122 395 3209 quidem
407 3144 444 3185 eo
461 3134 507 3186 est
521 3125 651 3202 facilius,
674 3124 743 3208 quia
757 3124 856 3183 morbi
879 3122 1039 3206 appellatio
1063 3125 1236 3188 communis
1248 3132 1293 3193 ,est
1333 3118 1336 3129 '

129 3224 132 3229 '
170 3213 305 3297 corporis
323 3210 475 3294 animique
488 3208 585 3288 vitiis,
605 3221 639 3271 ut
653 3220 724 3270 ante
744 3207 930 3269 dicebamus.

254 3326 389 3411 aaut
419 3324 537 3412 aegris
564 3322 743 3389 Faucibus
778 3333 963 3410 exsuperat
990 3323 1114 3412 gravis
1145 3324 1291 3406 halitu]

145 3405 305 3496 ''Epvyrir
325 3412 502 3489 videm013
523 3434 578 3496 pro
598 3420 782 3495 exsuperat
801 3413 851 3473 alii
865 3413 935 3473 libri
949 3408 1111 3494 exsudnt3
1135 3412 1222 3493 [editi
1252 3413 1294 3474 ui·
1324 3454 1327 3459 -

169 3498 259 3576 dern3
283 3496 420 3576 codices,
441 3508 476 3557 ut
487 3497 620 3575 videtur,
642 3498 731 3577 nulli,
753 3502 883 3583 praeterr
903 3509 1007 3559 tamen
1027 3496 1219 3561 adsentiente
1230 3435 1294 3562 itu

167 3585 233 3646 mio
247 3585 360 3648 Web.:
383 3584 473 3667 „quia
484 3580 606 3668 gravis
623 3580 762 3661 nalitus,
781 3584 886 3667 inquit,
905 3582 1031 3661 additur,
1055 3583 1216 3663 exsudat,
1236 3584 1294 3647 ie.
1325 3605 1336 3659 ,·

167 3690 281 3749 magno
306 3691 376 3731 cum
397 3671 501 3731 labore
521 3668 693 3729 minutatim
721 3670 843 3752 vaporis
874 3667 971 3730 modo
1004 3670 1167 3749 emittitur,
1197 3668 1294 3733 ceteris

69 3798 72 3807 ·
165 3756 346 3817 lectionibus
360 3755 559 3839 praestantior
571 3764 624 3815 cst.
667 3752 774 3837 Neque
787 3756 894 3831 obstat,
911 3751 996 3838 quod
1011 3776 1049 3815 ex
1066 3756 1197 3818 neutrali
1211 3772 1295 3818 sensu
1311 3742 1317 3773 ”

165 3840 341 3924 accipienda
363 3853 424 3919 est3
450 3861 481 3904 v.
503 3838 588 3917 Virg.
612 3834 724 3917 Georg.
738 3837 768 3916 ·I,
793 3844 871 3903 191:
901 3836 1051 3900 exsudat
1076 3839 1213 3903 inutilis
1235 3838 1295 3905 du-

165 3929 289 4007 mor.“]
313 3927 447 4010 plerique
464 3935 582 3988 veteres
601 3919 768 3985 exuberat
793 3925 936 4004 [sancita
956 3924 1098 3988 codicum
1119 3930 1213 4007 longe
1232 3930 1296 4013 plu-

164 4012 260 4088 rimi,
279 4011 335 4074 sed
364 4021 461 4072 metro
485 4021 631 4094 repugnat
659 4022 781 4095 propter
803 4013 929 4089 longum
949 4012 998 4089 u]=
1026 4014 1235 4075 rectissimum
1256 4019 1296 4075 esl

165 4103 369 4179 exstupernt:
397 4117 470 4160 iiarn
488 4106 590 4156 ructus
616 4097 820 4157 erentriculo
845 4116 964 4157 sursum
995 4097 1183 4178 ascendunt,
1240 4094 1297 4159 uod

110 4212 114 4223 ·
168 4180 278 4246 Gracci
291 4181 394 4243 dicunt
408 4175 630 4244 ἀναδίδοσθαι
652 4191 684 4241 et
699 4173 868 4242 ἀνάδοσιν.
912 4178 971 4258 [Ita
986 4181 1006 4244 5
1024 4181 1125 4246 Codd.
1148 4204 1199 4269 ap.
1215 4120 1296 4259 ich,

167 4268 287 4347 Chem,
308 4267 378 4346 Tig.
392 4289 417 4328 c.
432 4278 494 4331 vet.
506 4266 622 4344 schol.;
667 4284 739 4325 uam
757 4284 830 4325 vero
842 4266 1015 4348 frequenter
1039 4290 1113 4331 erun
1132 4264 1295 4333 exuberat

164 4364 366 4453 permutetur,
385 4371 416 4416 r.
433 4371 483 4437 ap.
501 4286 804 4431 nudamitt'ebere.
845 4346 991 4415 Eundem
1008 4356 1046 4416 cf.
1066 4351 1108 4419 de
1130 4357 1298 4438 conjectura

673 4512 686 4547 1

40 4436 43 4441 ’
163 4461 406 4557 ¹¹¹⁰..··'·2:··
524 4434 656 4531 ]··,

694 4522 699 4529 .
724 4508 760 4535 -μι
837 4516 842 4523 ·

694 4564 703 4579 ἰ

708 4622 723 4663 ·.
796 4620 842 4669 a,
938 4626 943 4633 ’
