2700 4972
148 340 215 405 818
516 328 929 402 COMMENTARIUS
1037 328 1041 335 “

151 513 324 577 ensentot.
373 502 537 571 Grandes
557 502 672 588 Galli,
701 508 744 571 ob
773 503 932 571 stultitiam
957 514 990 569 et
1019 502 1160 571 insulsos
1180 522 1286 571 utores:

152 607 184 657 ul
207 593 326 659 statim:

573 668 766 763 Pulfenius
792 675 927 764 ingens.

152 776 184 830 a
200 784 311 851 supra·
508 845 627 912 caloni
646 868 670 910 a
695 845 827 911 treveris
853 845 939 911 altu.
1078 860 1082 869 ·
1243 926 1251 943 ⁸

153 947 184 1006 et
197 934 310 998 similia
322 934 429 997 mults.
457 930 609 1012 [Juvenal.
625 933 657 997 V
695 934 778 1001 612:
800 930 929 998 Matris
944 928 1068 999 Deum
1089 926 1220 997 stom
1237 948 1286 993 νι-

154 1029 227 1085 trat
250 1028 285 1082 et
309 1018 466 1105 ingens
489 1017 661 1099 Semivir.)
796 1092 800 1097 Ι
913 1072 916 1077 .

240 1104 290 1169 E:
303 1126 383 1169 curn
393 1106 498 1168 antro
518 1104 618 1168 tusca
632 1101 821 1185 sacerdos]
849 1103 889 1168 Ut
902 1104 1082 1186 cymbalum
1100 1100 1223 1185 insigne
1235 1112 1287 1165 erut

152 1191 349 1259 sacerrimum
364 1191 469 1254 matris
487 1189 608 1270 Derim,
629 1194 674 1255 sic
690 1190 859 1254 Isiacorum
876 1191 1002 1254 sistrum
1025 1188 1079 1268 [de
1101 1190 1190 1270 cujus
1206 1189 1287 1269 figura
1328 1193 1335 1312 Ι

43 1360 49 1371 Ι
154 1300 187 1345 v.
208 1277 254 1341 Pl.
278 1300 309 1363 p.
329 1277 394 1343 482
412 1279 509 1362 sqq.]:
537 1276 639 1343 lusco
657 1279 774 1364 accipio
793 1288 827 1339 ut
847 1276 933 1362 quod
953 1272 1115 1362 praecedit
1164 1268 1286 1351 rander,

155 1376 187 1427 et
208 1367 308 1425 refero
327 1361 367 1424 ad
392 1384 527 1451 mores„
542 1375 576 1427 ut
595 1385 660 1427 non
682 1364 780 1427 semel
802 1364 904 1450 lippus
922 1362 957 1425 in
983 1294 1205 1448 super-iuriiue
1242 1358 1289 1423 Ju-

156 1437 275 1516 venalis
295 1446 365 1529 [V1,
386 1446 480 1523 4891:

285 1530 361 1597 Aut
376 1530 473 1620 apud
483 1528 622 1597 Isiacae
642 1529 761 1620 potius
772 1531 939 1596 sacraria
951 1528 1073 1610 leniret
1261 1588 1265 1597 .

157 1630 247 1684 vetus
269 1620 416 1704 interpres
435 1618 477 1683 ad
492 1621 633 1705 ,corporis
655 1620 764 1684 vitium
784 1620 904 1683 retulit:
933 1640 975 1681 ne
995 1616 1030 1680 id
1059 1615 1192 1719 quidem
1212 1614 1290 1677 male.
1335 1672 1339 1716 Ι

157 1703 267 1787 [Quod
288 1726 397 1767 verum
420 1725 488 1769 csse
516 1708 598 1769 bene
624 1705 759 1769 ostendit
782 1705 846 1769 Pb:
873 1702 966 1783 „Erat
990 1702 1121 1789 opimo,
1142 1700 1234 1787 quod
1249 1700 1291 1787 qui

157 1812 273 1853 numen
286 1789 378 1853 Isidis
392 1790 527 1874 quodam
539 1789 646 1870 modo,
667 1790 806 1878 inprimis
822 1790 972 1878 perjurio,
995 1786 1214 1866 offendissent,
1234 1806 1292 1851 cet·
1335 1725 1339 1875 Ι

158 1876 448 2027 pitstgpppirentur,
471 1880 554 1956 cujus
569 1898 690 1963 poenae
711 1878 745 1941 in
768 1878 946 1965 exemplum
966 1875 1133 1951 sistebatur
1150 1870 1291 1939 mutius
1334 1877 1339 1951 ἶ

175 1974 206 2024 te
260 1983 292 2025 vt
313 1982 377 2024 rus:

249 2042 290 2112 V
286 2043 338 2109 idi
359 2066 376 2105 e
403 2066 422 2105 o
442 2044 616 2135 linigerae
632 2066 761 2110 numen
777 2042 930 2111 violasse
938 2039 1121 2130 fatentem

310 2130 362 2194 Isi
388 2128 419 2211 is
433 2128 568 2195 Isiacos
582 2141 663 2196 onte
682 2129 803 2200 sedere
821 2128 946 2221 focos:
1083 2136 1089 2145 '

179 2240 182 2249 ·
247 2216 351 2285 Alter
365 2214 407 2281 ob
426 2215 508 2281 hnic
522 2217 675 2282 similem
694 2213 858 2306 privatus
877 2215 1010 2281 lumine
1033 2212 1183 2303 culpam

314 2300 505 2369 Clamabat
525 2302 643 2368 media
662 2327 699 2368 se
716 2303 882 2369 meruisse
895 2301 966 2367 via.
1051 2378 1054 2383 ¹
1337 2352 1339 2369 .

162 2388 253 2453 Pont.
273 2387 345 2469 Li,
362 2392 401 2455 61
416 2391 502 2477 sqq.“
522 2403 554 2454 et
573 2394 611 2457 al.
624 2412 673 2479 sp.
692 2391 749 2472 Pl]
791 2390 950 2456 Juvenatis
972 2385 1026 2471 [1],
1044 2392 1107 2457 112
1120 2384 1182 2475 sq.]
1199 2384 1239 2453 tle
1255 2404 1295 2451 n·
1335 2429 1339 2487 p

164 2474 287 2539 cerdot'e
306 2472 452 2558 Cybeles:
1334 2499 1339 2558 t

43 2590 47 2603 ¹
113 2557 167 2615 470
573 2594 576 2599 -
618 2558 714 2624 oriae
740 2580 848 2625 senex
867 2556 1084 2647 phanaticos
1109 2554 1208 2637 albo,
1335 2568 1339 2625 l

252 2640 439 2708 Sacrorum
459 2641 615 2723 antistes,
638 2666 759 2710 rorum
775 2669 819 2711 oc
834 2640 1063 2712 monorabtte
1077 2642 1208 2734 mgni
1333 2628 1339 2694 ¹·

254 2727 416 2795 Guttnris
442 2751 542 2794 exem
568 2730 655 2795 lum,

233 2822 306 2885 187.
327 2814 517 2893 lacessere,
554 2838 613 2881 eos
629 2815 794 2906 inflantes
807 2818 978 2905 corpora]
1006 2813 1175 2879 incutere
1192 2814 1302 2965 proprie

167 2897 321 2982 ἐνσείιιν,
343 2917 468 2990 quatere
486 2926 571 2968 erma
591 2904 632 2969 ad
649 2917 811 2968 terrorem:
834 2906 876 2967 ita
896 2904 947 2967 isti
961 2915 1076 2966 terrore
1090 2923 1224 2967 suomrn
1256 2924 1303 2967 eo·

166 3010 237 3053 nnn
258 2991 398 3053 infirmos
422 2991 544 3054 snirnus
569 2992 748 3079 implebant.
798 2989 869 3073 Syri
894 2989 1040 3053 homines
1060 3000 1154 3075 etque
1174 2987 1304 3077 Aegypti

169 3078 300 3139 obnoxii
327 3088 412 3141 erant
435 3078 586 3141 ulceribus
607 3078 706 3156 tetris,
735 3097 814 3163 quae
840 3087 951 3141 vocata
976 3086 1048 3138 sunt
1069 3074 1259 3225 Aegyp-{sos
1275 3094 1305 3137 tc

171 3161 317 3243 Syriaca,
345 3163 442 3248 inquit
462 3161 606 3245 Aretaeus
636 3164 705 3227 libri
723 3162 774 3225 De
795 3164 890 3226 acutis
909 3162 1027 3224 morbis
1044 3160 1149 3246 capite
1227 3159 1305 3241 ,uti

169 3250 267 3310 multa
280 3245 320 3309 de
333 3248 393 3311 illis
412 3245 497 3311 etde
516 3248 644 3328 caussis,
666 3269 718 3311 cur
729 3250 800 3311 illae
811 3248 1007 3336 potissimum
1026 3256 1137 3327 gentes
1151 3248 1308 3329 eo‘g'euere

169 3328 272 3395 morbi
291 3334 477 3397 laborarent:
506 3334 563 3397 sed
587 3335 731 3399 homines
759 3333 959 3417 superstitiosi
983 3332 1178 3397 naturalibus
1206 3332 1308 3397 musi

170 3418 316 3498 neglectis
336 3419 376 3481 sb
390 3418 436 3479 ira
462 3416 541 3480 dese
554 3418 663 3502 Syriae
678 3419 765 3503 Syri,
786 3419 879 3483 lsidis
889 3419 1046 3505 Aegyptii,
1067 3419 1132 3481 sibi
1151 3420 1208 3483 illtt
1220 3422 1307 3483 moer:

102 3504 297 3578 tltblrenisse
323 3501 563 3589 persuadebant:
602 3528 710 3569 eorum
737 3527 813 3571 vero
841 3505 972 3569 saturitati
997 3502 1123 3585 egregie
1150 3504 1308 3569 illurlebrul

170 3588 326 3675 utriusqus
344 3586 422 3653 deae
434 3588 622 3669 sacerdotes,
645 3592 698 3679 qui
713 3613 753 3655 ne
772 3592 936 3673 ligentibus
956 3591 1005 3654 sui
1018 3590 1145 3677 imperii
1158 3590 1236 3657 deus
1249 3610 1308 3657 tut

170 3674 367 3737 incutiebant.
409 3674 588 3739 Plutarchus
609 3676 742 3762 [p.170.
787 3680 824 3758 .]:
853 3672 917 3761 τήν
936 3674 1072 3758 Συρίαν
1092 3671 1182 3742 θεὸν
1206 3676 1241 3745 oi
1256 3676 1308 3743 tu

172 3756 364 3840 σιδνίμονις
390 3759 603 3841 νομίζουσιν,
635 3756 911 3846 inpotentiorem
941 3757 964 3845 ἢ
994 3756 1113 3845 ν’φύιις
1136 3753 1309 3849 φάγῃμᾶ

172 3839 374 3929 ἄνιιννήμια
397 3846 573 3921 διεσθίειν,
604 3843 710 3915 iisset
729 3844 769 3915 τὸ
794 3850 889 3932 σῶμα
910 3846 1121 3929 πιμπλάναι,
1144 3844 1309 3932 συντήκειν

173 3923 212 3994 sti
227 3919 327 4013 ἧπαρ.
371 3932 460 3996 Plura
477 3931 516 3995 de
530 3935 579 3997 his
601 3934 660 4000 riri
683 3934 793 3999 eruditi
814 3947 886 3999 anto
908 3956 967 3999 uos
987 3939 1215 4019 observarunt,
1232 3956 1307 4025 quet,

173 4038 215 4080 ne
228 4028 329 4079 actum
349 4038 494 4098 agamus,
514 4020 608 4083 missa
626 4020 766 4086 iacimus.

264 4108 333 4169 188-
363 4101 403 4166 Si
431 4125 500 4168 non
525 4105 763 4171 Praedictum
784 4115 839 4170 tet·
860 4124 964 4169 mone
989 4112 1100 4191 caput
1123 4103 1307 4197 gustaverit

176 4182 265 4269 otti]
297 4188 389 4272 Apud
410 4189 606 4255 Plutarchum
623 4194 767 4257 incutitur
787 4193 845 4257 dea
860 4193 951 4275 Syria
969 4190 1023 4272 iis,
1048 4193 1103 4279 qni
1120 4194 1307 4260 vetitumnli-

176 4272 251 4360 quid
271 4273 474 4352 comederint,
503 4287 538 4336 ut
560 4278 720 4344 maenides
748 4292 801 4343 aut
824 4300 919 4367 apuas
943 4288 996 4341 aut
1015 4279 1162 4365 quemvis
1187 4282 1306 4368 piscem:

177 4382 251 4423 nam
264 4360 335 4442 Syri
357 4361 491 4445 piscibus
502 4364 709 4429 abstinebant:
736 4367 822 4444 heic,
845 4367 872 4429 si
890 4369 1008 4445 jussum
1030 4366 1141 4429 allium
1160 4390 1225 4430 non
1239 4364 1305 4429 etii:-

177 4457 263 4511 sent:
286 4446 369 4510 unde
386 4459 503 4509 constat
517 4470 587 4530 eos,
610 4451 661 4535 qui
675 4463 798 4536 peccata
812 4475 868 4518 sua
885 4451 960 4516 fassi
981 4462 1083 4530 erent,
1105 4464 1144 4515 tut
1155 4451 1304 4518 antedict-

437 4762 603 4910 *t
