2700 4972
41 266 209 389 ’[ἰο
350 313 354 318 ·
525 306 959 421 contusarmms,

163 503 318 572 pocrenen
346 479 471 568 quidem
498 482 638 545 nominat
679 481 767 546 initio
789 479 1007 564 Theogoniaer
1035 479 1093 565 sed
1119 480 1161 555 de
1186 485 1299 552 haustu

164 591 262 657 aquae
282 570 404 631 illorum
423 567 557 631 lontimn
577 530 657 633 otti
678 561 759 652 γούτ
788 589 963 654 quanquam
983 568 1168 661 posteriores
1182 568 1301 641 ,Graeci

23 666 38 696 ¹·
163 657 284 744 politae,
306 652 390 740 quod
409 652 567 719 Hesiodus
588 655 682 735 canit,
709 664 834 739 repente
856 657 1027 717 selectum
1048 653 1175 740 poiitem
1195 658 1300 724 Μον-

120 778 123 789 =
165 745 235 807 osio
255 736 481 805 temerasse
503 732 628 824 αὐδήν,
658 739 752 802 etiam
779 738 821 802 ad
840 751 949 825 potum
963 741 1012 807 ,Hi
1033 744 1178 826 pocrenei
1204 746 1300 811 fontis

163 830 338 891 reademnt.
370 827 499 890 Alcaeus
518 826 552 888 in
573 825 728 911 epitaphio
744 825 825 890 illius
847 825 892 908 [in
906 825 992 890 hnal.
1007 761 1061 890 dr.
1083 825 1159 910 T.1,
1180 829 1300 923 palio.

163 912 266 1002 ¹Epigr.
288 909 400 993 XVII3
430 910 517 976 T.1.
543 932 576 996 p.
597 912 658 977 241
681 909 756 990 Iac]
1051 908 1068 980 ’,
1266 958 1272 966 ,

254 996 357 1081 Τοίην
376 991 441 1080 γὰρ
461 992 519 1062 acl
538 996 648 1080 γῆρυν
669 987 831 1060 ἀνέπνεον
837 1040 847 1073 ,
875 989 972 1060 ἐννέα
993 997 1152 1064 Μουσῶν
1328 1035 1330 1039 -

43 1113 46 1120 ’
310 1077 349 1148 ‘0
365 1080 512 1166 πρέσβυς
532 1082 694 1163 καθαρῶν
715 1076 919 1165 γευσάμενος
929 1078 1090 1163 λιβάδων.
1249 1090 1261 1127 ’-

55 1182 57 1186 ’
144 1168 255 1322 ''IPdem
274 1172 365 1318 lege?¹
380 1166 463 1318 apud
483 1169 559 1234 alios
581 1189 703 1256 quoque
725 1166 883 1249 [collectos
904 1189 923 1231 a
944 1168 1015 1234 VV.
1029 1167 1105 1234 DD.
1125 1167 1297 1234 laudatiae

192 1280 251 1322 ass.
280 1278 298 1319 a
338 1286 375 1318 ·.
409 1301 440 1320 ..

129 1345 157 1401 9»
250 1348 282 1411 2.
297 1338 370 1407 Nec
387 1257 430 1405 tri
441 1336 574 1427 bicipiti
591 1337 778 1404 somniasse
792 1334 973 1403 Parnasso
987 1327 1154 1422 Mambri]
1176 1337 1308 1421 Quem-

164 1427 335 1493 admodum
354 1427 400 1491 illi
417 1428 536 1507 fontes,
565 1426 604 1488 de
626 1428 735 1512 quibus
756 1423 853 1487 modo
876 1423 1071 1507 dicebamus,
1097 1427 1164 1528 poti
1191 1425 1298 1491 crede-
1330 1429 1334 1435 ’

163 1518 273 1579 bantur
292 1517 394 1576 tacere
413 1512 538 1600 poe'tas,
566 1512 610 1575 sic
630 1512 725 1575 vicini
751 1521 874 1574 montes
895 1510 1041 1591 Helicon,
1072 1509 1240 1576 Cithaeron
1267 1522 1299 1576 et

162 1600 329 1664 Parnassus
357 1620 412 1662 eos
440 1599 492 1684 qui
519 1596 758 1660 conscenderent
783 1607 836 1659 aut
860 1597 937 1660 inibi
963 1609 1164 1661 versarentur.
1212 1599 1298 1663 Haec

46 1784 48 1791 ·
131 1682 1299 1856 1{tatastataafirsahrttarattltta

364 1819 372 1849 ‚
1053 1816 1062 1832 ,
1281 1806 1300 1822 .

94 1890 97 1897 f
162 1853 237 1921 men
258 1855 415 1920 Hesiodus
441 1856 514 1918 huic
543 1857 666 1925 fabulae
692 1854 903 1935 occasionem,
932 1875 1004 1916 cum
1032 1867 1152 1920 caneret
1177 1853 1298 1943 poitica
1338 1908 1341 1915 .

85 1944 91 1956 ’
164 1945 363 2021 seiacultate
384 1940 533 2004 donatum
553 1942 649 2004 fuisse

240 2021 365 2107 ”aanor
383 2020 605 2108 ποιμαίνονθ’
622 2020 799 2102 Ἑλικῶνος
827 2018 895 2091 istd
925 2021 1066 2113 ζαθέοιο.

100 2136 104 2145 ’
164 2113 341 2196 [Theogon.
353 2114 419 2192 aa]
440 2113 617 2176 Aitfactum
638 2134 673 2175 se
693 2112 819 2199 podtam
842 2133 913 2174 cum
932 2123 1068 2197 pasceret
1088 2130 1166 2176 oves
1185 2110 1298 2176 infle-

164 2201 280 2263 licone:
306 2200 443 2261 insecuta
466 2208 548 2260 aetas
576 2198 692 2284 accepit
722 2198 809 2283 quasi
836 2196 962 2261 dixisset
981 2197 1054 2260 ideo
1075 2196 1203 2285 poe'tam
1224 2219 1298 2264 eva-

164 2287 250 2366 sisse,
271 2282 355 2370 quod
376 2284 408 2345 in
432 2284 583 2346 Helicone
611 2294 692 2347 esset
718 2294 866 2347 versatus.
913 2283 958 2345 Ac
987 2285 1133 2368 quoniam
1157 2285 1299 2348 solebant

164 2371 281 2452 aegroti
300 2371 332 2432 in
346 2369 519 2454 Aesculapii
539 2371 591 2433 vel
610 2369 759 2454 Apollinis
778 2369 900 2456 templis
914 2370 1068 2449 incubare,
1090 2380 1124 2430 ut
1143 2370 1298 2434 insomnia
1320 2388 1322 2397 '

162 2466 334 2541 captarent,
356 2457 465 2540 quibus
486 2457 667 2517 morborum
688 2453 824 2517 remedia
848 2456 1011 2540 praescribi
1040 2453 1204 2519 credebant
1225 2457 1299 2536 [loci

38 2582 42 2591 „
101 2556 104 2561 ’
163 2563 213 2628 ap.
239 2542 356 2620 Pass.]:
379 2563 451 2603 eum
471 2562 593 2603 morem
621 2552 652 2602 et
672 2542 917 2627 superstitionem
947 2540 986 2603 ad
1013 2562 1087 2605 suos
1114 2543 1187 2605 illos'
1205 2562 1298 2605 mou-

161 2639 208 2691 tes
228 2629 443 2690 transtulemnt
463 2624 587 2711 sibique
601 2638 816 2712 persuaserunt
835 2648 904 2706 eos,
934 2627 987 2712 qui
1007 2628 1040 2688 in
1060 2628 1120 2692 illis
1139 2630 1297 2692 montibus

87 2732 92 2741 ‘
134 2714 383 2880 pamniasspnt,
420 2724 545 2798 repente
580 2711 688 2799 po'e'tas
713 2713 855 2776 existere.
916 2712 1091 2799 Propertius
1126 2714 1205 2777 libro
1239 2710 1296 2795 111,

180 2803 210 2880 8,
231 2799 297 2864 init.
328 2822 338 2863 t
784 2818 791 2842 ’
1118 2810 1123 2822 ’

201 2951 205 2969 Ι
252 2879 359 2948 Viatia
378 2905 478 2948 eram
499 2881 598 2947 molli
618 2881 784 2948 recubans
804 2880 985 2947 Heliconis·
999 2883 1038 2947 in
1058 2884 1191 2966 ambro,

311 2967 451 3033 Bellero
474 2969 591 3034 bontei
620 2967 785 3058 quesierit
805 2967 927 3032 humor
949 2968 1044 3056 eqoia
1283 2966 1289 2971 ’

246 3049 374 3142 Reges,
397 2993 506 3130 Atia,
528 3064 600 3139 taos
623 3064 654 3119 et
675 3076 796 3154 regum
808 3051 914 3141 foeta
937 3065 1087 3131 talorum,

316 3139 467 3206 Tantam
492 3139 604 3228 operis
625 3148 744 3205 nervas
763 3138 892 3204 hiscere
912 3147 1016 3228 posse
1037 3138 1130 3205 meis.

162 3224 276 3291 Contra
295 3225 417 3291 Persius
442 3227 570 3315 podtam
590 3249 624 3290 se
650 3238 758 3308 negat,
788 3227 859 3312 quia
888 3230 953 3289 no‘n
979 3227 1139 3289 somniarit
1165 3223 1199 3289 in
1220 3223 1296 3290 Par-

89 3333 97 3352 ·
160 3333 263 3375 nasso.
305 3310 343 3375 In
364 3312 494 3399 antiquis
512 3314 637 3376 scholiis
657 3313 787 3393 legimus
806 3313 891 3393 tangi
910 3313 980 3374 heic
1004 3311 1151 3391 Ennium,
1171 3312 1225 3396 qui
1248 3311 1297 3375 di-

160 3398 238 3460 xerit
259 3417 295 3469 se
314 3395 429 3461 vidisse
450 3399 607 3462 somnium
626 3399 659 3460 in
672 3396 838 3478 Parnasso,
860 3399 1033 3461 Homerum
1053 3400 1114 3465 sibi
1135 3396 1297 3479 dicentem,

161 3481 245 3568 quod
267 3485 332 3562 ejus
351 3483 454 3546 anima
474 3484 508 3545 in
528 3485 623 3568 ipsius
646 3495 727 3547 esset
748 3505 893 3570 corpore3
914 3485 1010 3566 tangit
1029 3485 1091 3547 hoc
1110 3485 1216 3570 ipsum
1231 3482 1297 3546 En-

109 3577 146 3634 to
161 3569 205 3631 nii
226 3569 383 3631 somnium
405 3580 436 3632 et
455 3569 629 3654 Propertius
650 3567 776 3649 ibidem,
797 3568 853 3632 sed
873 3572 977 3656 paullo
1002 3572 1096 3636 aliter.
1132 3568 1227 3648 [Vide
1247 3570 1298 3632 in-

63 3704 67 3711 .
157 3654 206 3717 'fra
228 3652 269 3716 ad
289 3653 344 3733 VI,
369 3660 408 3720 10
430 3655 489 3740 sq]
538 3653 577 3718 In
603 3654 819 3739 antiquissimis
847 3657 1035 3719 membranis
1063 3677 1081 3719 e
1109 3656 1297 3720 bibliotheca

159 3739 411 3826 praestantissimi
429 3741 488 3805 riri
507 3738 626 3805 Claudii
638 3738 766 3803 Puteani
786 3761 843 3827 per
861 3741 987 3803 unicum
1003 3739 1030 3804 S
1048 3742 1188 3805 scribitur
1202 3739 1297 3805 Par-

90 3836 93 3845 '
160 3847 269 3888 naso:
304 3824 463 3911 quomodo
493 3837 524 3889 et
551 3826 582 3888 in
613 3826 679 3889 aliis
707 3827 843 3890 melioris
872 3839 964 3891 notae
991 3826 1147 3892 codicibus
1171 3847 1297 3914 semper

159 3912 258 3975 ferme
289 3911 476 3976 offendimus
508 3912 552 3993 [r.
580 3903 714 3976 Pieriam
743 3910 784 3975 ad
808 3913 894 3994 Virg.
924 3912 989 3977 Ecl.
1020 3913 1065 3992 X,
1090 3919 1140 3979 11.
1168 3913 1216 3976 Al.
1246 3933 1295 3999 ap.

159 3995 255 4074 Pass,
276 3995 354 4077 Pl.]=
376 3998 420 4061 sic
439 3995 574 4062 Graecos
593 3996 677 4062 varie
695 3999 826 4061 scribere
848 4002 1088 4064 observabamus
1102 3992 1295 4081 Παρνασός,

27 4145 29 4150 .
105 4077 396 4166 (Μ)Ποιονιισοός,.
413 4079 608 4168 Ποονηοός,
630 4078 829 4167 Πορνησσὸς
850 4095 881 4146 et
902 4078 1088 4168 Παρνηθὸς
1107 4106 1247 4171 quoque,
1268 4084 1295 4147 si

157 4165 236 4231 fides
254 4166 430 4250 Hesychio,
457 4191 515 4233 nec
535 4170 691 4234 vicinitate
713 4168 846 4232 duorum
869 4171 1033 4232 nominum
1054 4170 1130 4234 dece
1150 4181 1199 4234 tus
1220 4170 1295 4234 Par-

82 4286 85 4295 ν
155 4254 283 4315 nethem
304 4252 434 4317 Atthidis
451 4265 591 4319 montem
613 4276 684 4319 cum
703 4256 765 4317 hoc
778 4255 923 4318 Phocidis
938 4255 1108 4322 confundit.
1129 4193 1187 4343 dita
1202 4257 1295 4319 etiam

154 4337 269 4417 judicat
288 4336 486 4404 Patmeran
507 4338 549 4403 ad
577 4363 607 4406 v.
629 4340 782 4423 Hesych]
825 4341 983 4423 Nugantur
1005 4339 1114 4406 Graeci
1140 4362 1294 4423 gramma·

154 4423 207 4486 tici
219 4424 402 4490 Pamasstun
417 4426 504 4513 quasi
518 4427 704 4493 Lmnassum
724 4428 821 4492 tuisse
842 4427 967 4512 dictum,
988 4427 1073 4516 quod
1086 4428 1119 4491 in
1141 4449 1181 4495 eo
1201 4449 1293 4492 mon-
1313 4475 1323 4485 ,
