<?xml version="1.0" encoding="UTF-8"?>
<!DOCTYPE html PUBLIC "-//W3C//DTD XHTML 1.0 Transitional//EN"
    "http://www.w3.org/TR/xhtml1/DTD/xhtml1-transitional.dtd">
<html xmlns="http://www.w3.org/1999/xhtml" xml:lang="en" lang="en">
 <head>
  <title>
</title>
<meta http-equiv="Content-Type" content="text/html;charset=utf-8" />
  <meta name='ocr-system' content='tesseract 3.04.00' />
  <meta name='ocr-capabilities' content='ocr_page ocr_carea ocr_par ocr_line ocrx_word'/>
</head>
<body>
  <div class='ocr_page' id='page_1' title='image "./satirarumliber00persgoog_0485.png"; bbox 0 0 2700 4972; ppageno 0'>
   <div class='ocr_carea' id='block_1_1' title="bbox 297 292 1170 433">
    <p class='ocr_par' dir='ltr' id='par_1_1' title="bbox 297 292 1170 433">
     <span class='ocr_line' id='line_1_1' title="bbox 297 292 1170 433; baseline -0.003 -26"><span class='ocrx_word' id='word_1_1' title='bbox 297 338 360 410; x_wconf 79' lang='lat' dir='ltr'><strong>lo</strong></span> <span class='ocrx_word' id='word_1_2' title='bbox 388 292 802 433; x_wconf 75' lang='lat' dir='ltr'><strong>rassrrssrrssn</strong></span> <span class='ocrx_word' id='word_1_3' title='bbox 831 341 893 408; x_wconf 89' lang='lat' dir='ltr'><strong>v1.</strong></span> <span class='ocrx_word' id='word_1_4' title='bbox 1088 310 1170 414; x_wconf 72' lang='lat' dir='ltr'><strong>&#39;m</strong></span> 
     </span>
    </p>
   </div>
   <div class='ocr_carea' id='block_1_2' title="bbox 65 508 1298 4448">
    <p class='ocr_par' dir='ltr' id='par_1_2' title="bbox 65 508 1252 1199">
     <span class='ocr_line' id='line_1_2' title="bbox 65 508 1252 592; baseline 0.003 -18"><span class='ocrx_word' id='word_1_5' title='bbox 65 510 174 576; x_wconf 67' lang='lat' dir='ltr'><strong>usiones</strong></span> <span class='ocrx_word' id='word_1_6' title='bbox 189 510 240 575; x_wconf 88' lang='lat' dir='ltr'><strong>vel</strong></span> <span class='ocrx_word' id='word_1_7' title='bbox 256 512 369 591; x_wconf 77' lang='lat' dir='ltr'><strong>jactura</strong></span> <span class='ocrx_word' id='word_1_8' title='bbox 385 512 523 592; x_wconf 84' lang='lat' dir='ltr'><strong>animae,</strong></span> <span class='ocrx_word' id='word_1_9' title='bbox 543 508 638 575; x_wconf 88' lang='lat' dir='ltr'><strong>idest</strong></span> <span class='ocrx_word' id='word_1_10' title='bbox 656 508 751 576; x_wconf 73' lang='lat' dir='ltr'><strong>vitae.</strong></span> <span class='ocrx_word' id='word_1_11' title='bbox 792 509 980 579; x_wconf 86' lang='lat' dir='ltr'><strong>Graecorum</strong></span> <span class='ocrx_word' id='word_1_12' title='bbox 997 524 1044 579; x_wconf 89' lang='lat' dir='ltr'><strong>est</strong></span> <span class='ocrx_word' id='word_1_13' title='bbox 1060 516 1114 581; x_wconf 88' lang='lat' dir='ltr'><strong>vul</strong></span> <span class='ocrx_word' id='word_1_14' title='bbox 1166 544 1169 549; x_wconf 93' lang='lat'><em>·</em></span> <span class='ocrx_word' id='word_1_15' title='bbox 1248 580 1252 587; x_wconf 69' lang='grc'><strong>,</strong></span> 
     </span>
     <span class='ocr_line' id='line_1_3' title="bbox 65 592 1168 681; baseline 0.005 -21"><span class='ocrx_word' id='word_1_16' title='bbox 65 620 102 660; x_wconf 87' lang='lat' dir='ltr'><strong>on</strong></span> <span class='ocrx_word' id='word_1_17' title='bbox 125 595 258 663; x_wconf 71' lang='lat' dir='ltr'><strong>didam:</strong></span> <span class='ocrx_word' id='word_1_18' title='bbox 288 593 442 661; x_wconf 76' lang='grc' dir='ltr'><strong><em>θανάτου</em></strong></span> <span class='ocrx_word' id='word_1_19' title='bbox 462 592 567 662; x_wconf 72' lang='lat' dir='ltr'><strong>tvm</strong></span> <span class='ocrx_word' id='word_1_20' title='bbox 583 592 622 661; x_wconf 84' lang='lat' dir='ltr'><strong>sd</strong></span> <span class='ocrx_word' id='word_1_21' title='bbox 644 593 773 678; x_wconf 74' lang='grc' dir='ltr'><strong><em>κέρδος.</em></strong></span> <span class='ocrx_word' id='word_1_22' title='bbox 816 598 1081 681; x_wconf 71' lang='lat' dir='ltr'><strong>Lon&#39;giouslaspl</strong></span> <span class='ocrx_word' id='word_1_23' title='bbox 1107 608 1168 679; x_wconf 71' lang='grc' dir='ltr'><strong>ον.</strong></span> 
     </span>
     <span class='ocr_line' id='line_1_4' title="bbox 65 676 1167 771; baseline 0.002 -26"><span class='ocrx_word' id='word_1_24' title='bbox 65 705 130 770; x_wconf 87' lang='lat' dir='ltr'><strong>ope</strong></span> <span class='ocrx_word' id='word_1_25' title='bbox 144 683 222 762; x_wconf 84' lang='lat' dir='ltr'><strong>fin.]:</strong></span> <span class='ocrx_word' id='word_1_26' title='bbox 243 676 283 745; x_wconf 79' lang='lat' dir='ltr'><strong>ed</strong></span> <span class='ocrx_word' id='word_1_27' title='bbox 306 679 341 748; x_wconf 75' lang='lat' dir='ltr'><strong>le</strong></span> <span class='ocrx_word' id='word_1_28' title='bbox 362 685 424 747; x_wconf 78' lang='lat' dir='ltr'><strong>rosi</strong></span> <span class='ocrx_word' id='word_1_29' title='bbox 439 679 565 758; x_wconf 72' lang='grc' dir='ltr'><strong><em>παντός</em></strong></span> <span class='ocrx_word' id='word_1_30' title='bbox 581 682 770 761; x_wconf 71' lang='grc' dir='ltr'><strong><em>κερδαίνειν</em></strong></span> <span class='ocrx_word' id='word_1_31' title='bbox 781 676 962 768; x_wconf 72' lang='grc' dir='ltr'><strong>ὠνούμεθα</strong></span> <span class='ocrx_word' id='word_1_32' title='bbox 976 686 1040 769; x_wconf 76' lang='grc' dir='ltr'><strong><em>τῆς·</em></strong></span> <span class='ocrx_word' id='word_1_33' title='bbox 1051 690 1167 771; x_wconf 74' lang='grc' dir='ltr'><strong><em>ψυχῆς.</em></strong></span> 
     </span>
     <span class='ocr_line' id='line_1_5' title="bbox 67 764 1169 853; baseline 0.006 -21"><span class='ocrx_word' id='word_1_34' title='bbox 67 790 85 832; x_wconf 93' lang='lat' dir='ltr'><strong>e</strong></span> <span class='ocrx_word' id='word_1_35' title='bbox 110 769 223 832; x_wconf 88' lang='lat' dir='ltr'><strong>aliare</strong></span> <span class='ocrx_word' id='word_1_36' title='bbox 247 764 324 830; x_wconf 88' lang='lat' dir='ltr'><strong>dixit</strong></span> <span class='ocrx_word' id='word_1_37' title='bbox 344 770 532 833; x_wconf 81' lang='lat' dir='ltr'><strong>Heraclituss</strong></span> <span class='ocrx_word' id='word_1_38' title='bbox 552 771 662 853; x_wconf 76' lang='grc' dir='ltr'><strong><em>ψυχῆς</em></strong></span> <span class='ocrx_word' id='word_1_39' title='bbox 680 764 861 835; x_wconf 64' lang='lat' dir='ltr'><strong>melodas:</strong></span> <span class='ocrx_word' id='word_1_40' title='bbox 880 769 953 837; x_wconf 89' lang='lat' dir='ltr'><strong>vide</strong></span> <span class='ocrx_word' id='word_1_41' title='bbox 973 771 1169 839; x_wconf 70' lang='lat' dir='ltr'><strong>Aristotelem</strong></span> 
     </span>
     <span class='ocr_line' id='line_1_6' title="bbox 65 850 1190 941; baseline 0.004 -25"><span class='ocrx_word' id='word_1_42' title='bbox 65 850 304 921; x_wconf 73' lang='lat' dir='ltr'><strong>cliticonum&#39;lib.</strong></span> <span class='ocrx_word' id='word_1_43' title='bbox 317 853 358 917; x_wconf 88' lang='lat' dir='ltr'><strong>V.</strong></span> <span class='ocrx_word' id='word_1_44' title='bbox 376 875 441 941; x_wconf 88' lang='lat' dir='ltr'><strong>cap.</strong></span> <span class='ocrx_word' id='word_1_45' title='bbox 460 853 529 919; x_wconf 79' lang='lat' dir='ltr'><strong>XI:</strong></span> <span class='ocrx_word' id='word_1_46' title='bbox 552 853 631 939; x_wconf 86' lang='lat' dir='ltr'><strong>adeo</strong></span> <span class='ocrx_word' id='word_1_47' title='bbox 654 876 762 919; x_wconf 89' lang='lat' dir='ltr'><strong>verum</strong></span> <span class='ocrx_word' id='word_1_48' title='bbox 789 867 852 937; x_wconf 86' lang='lat' dir='ltr'><strong>est,</strong></span> <span class='ocrx_word' id='word_1_49' title='bbox 914 854 958 920; x_wconf 91' lang='lat' dir='ltr'><strong>od</strong></span> <span class='ocrx_word' id='word_1_50' title='bbox 978 856 1020 919; x_wconf 89' lang='lat' dir='ltr'><strong>ait</strong></span> <span class='ocrx_word' id='word_1_51' title='bbox 1039 854 1190 939; x_wconf 85' lang='lat' dir='ltr'><strong>Seneca,-</strong></span> 
     </span>
     <span class='ocr_line' id='line_1_7' title="bbox 65 940 1169 1025; baseline 0.007 -23"><span class='ocrx_word' id='word_1_52' title='bbox 65 940 162 1002; x_wconf 90' lang='lat' dir='ltr'><strong>inima</strong></span> <span class='ocrx_word' id='word_1_53' title='bbox 177 960 246 1003; x_wconf 88' lang='lat' dir='ltr'><strong>esse</strong></span> <span class='ocrx_word' id='word_1_54' title='bbox 263 958 343 1025; x_wconf 84' lang='lat' dir='ltr'><strong>quae</strong></span> <span class='ocrx_word' id='word_1_55' title='bbox 360 940 505 1005; x_wconf 89' lang='lat' dir='ltr'><strong>homines</strong></span> <span class='ocrx_word' id='word_1_56' title='bbox 525 950 630 1003; x_wconf 90' lang='lat' dir='ltr'><strong>emunt</strong></span> <span class='ocrx_word' id='word_1_57' title='bbox 646 940 725 1023; x_wconf 79' lang='lat' dir='ltr'><strong>vita3</strong></span> <span class='ocrx_word' id='word_1_58' title='bbox 747 962 795 1005; x_wconf 89' lang='lat' dir='ltr'><strong>res</strong></span> <span class='ocrx_word' id='word_1_59' title='bbox 816 942 868 1005; x_wconf 89' lang='lat' dir='ltr'><strong>icit</strong></span> <span class='ocrx_word' id='word_1_60' title='bbox 907 940 1001 1006; x_wconf 87' lang='lat' dir='ltr'><strong>ersius</strong></span> <span class='ocrx_word' id='word_1_61' title='bbox 1023 940 1169 1010; x_wconf 70' lang='lat' dir='ltr'><strong>adnavi-</strong></span> 
     </span>
     <span class='ocr_line' id='line_1_8' title="bbox 65 964 1126 1117; baseline 0.005 -29"><span class='ocrx_word' id='word_1_62' title='bbox 65 1027 172 1089; x_wconf 70' lang='lat' dir='ltr'><strong>antium</strong></span> <span class='ocrx_word' id='word_1_63' title='bbox 184 1023 333 1112; x_wconf 82' lang='lat' dir='ltr'><strong>pericula:</strong></span> <span class='ocrx_word' id='word_1_64' title='bbox 353 1045 428 1089; x_wconf 88' lang='lat' dir='ltr'><strong>nam</strong></span> <span class='ocrx_word' id='word_1_65' title='bbox 443 1036 477 1088; x_wconf 86' lang='lat' dir='ltr'><strong>ut</strong></span> <span class='ocrx_word' id='word_1_66' title='bbox 496 1027 634 1106; x_wconf 84' lang='lat' dir='ltr'><strong>naviget,</strong></span> <span class='ocrx_word' id='word_1_67' title='bbox 655 964 853 1112; x_wconf 66' lang='lat' dir='ltr'><strong>sequentihus</strong></span> <span class='ocrx_word' id='word_1_68' title='bbox 869 1030 973 1093; x_wconf 86' lang='lat' dir='ltr'><strong>verbis</strong></span> <span class='ocrx_word' id='word_1_69' title='bbox 986 1027 1126 1117; x_wconf 85' lang='lat' dir='ltr'><strong>imperat,</strong></span> 
     </span>
     <span class='ocr_line' id='line_1_9' title="bbox 336 1110 959 1199; baseline 0.003 -26"><span class='ocrx_word' id='word_1_70' title='bbox 336 1134 339 1141; x_wconf 95' lang='lat'>·</span> <span class='ocrx_word' id='word_1_71' title='bbox 572 1119 676 1199; x_wconf 81' lang='lat' dir='ltr'><strong>atque</strong></span> <span class='ocrx_word' id='word_1_72' title='bbox 696 1118 818 1175; x_wconf 80' lang='lat' dir='ltr'><strong>excute</strong></span> <span class='ocrx_word' id='word_1_73' title='bbox 833 1110 959 1179; x_wconf 80' lang='lat' dir='ltr'><strong>sollers</strong></span> 
     </span>
    </p>

    <p class='ocr_par' dir='ltr' id='par_1_3' title="bbox 120 1190 1141 1277">
     <span class='ocr_line' id='line_1_10' title="bbox 120 1190 1141 1277; baseline 0.002 -20"><span class='ocrx_word' id='word_1_74' title='bbox 120 1190 233 1259; x_wconf 88' lang='lat' dir='ltr'><strong>Omne</strong></span> <span class='ocrx_word' id='word_1_75' title='bbox 253 1192 350 1259; x_wconf 86' lang='lat' dir='ltr'><strong>latus</strong></span> <span class='ocrx_word' id='word_1_76' title='bbox 372 1191 528 1270; x_wconf 63' lang='lat' dir='ltr'><strong>mundis</strong></span> <span class='ocrx_word' id='word_1_77' title='bbox 1032 1264 1035 1277; x_wconf 55' lang='grc'>,</span> <span class='ocrx_word' id='word_1_78' title='bbox 1138 1252 1141 1259; x_wconf 95' lang='grc'>.</span> 
     </span>
    </p>

    <p class='ocr_par' dir='ltr' id='par_1_4' title="bbox 65 1279 1241 1540">
     <span class='ocr_line' id='line_1_11' title="bbox 65 1279 1168 1372; baseline 0.003 -28"><span class='ocrx_word' id='word_1_79' title='bbox 65 1302 75 1344; x_wconf 82' lang='lat' dir='ltr'><strong>s</strong></span> <span class='ocrx_word' id='word_1_80' title='bbox 98 1292 303 1346; x_wconf 86' lang='lat' dir='ltr'><strong>mercatorum</strong></span> <span class='ocrx_word' id='word_1_81' title='bbox 328 1281 573 1363; x_wconf 68' lang='lat' dir='ltr'><strong>navigationibus</strong></span> <span class='ocrx_word' id='word_1_82' title='bbox 599 1283 633 1346; x_wconf 88' lang='lat' dir='ltr'><strong>in</strong></span> <span class='ocrx_word' id='word_1_83' title='bbox 658 1283 879 1348; x_wconf 85' lang='lat' dir='ltr'><strong>remotissimas</strong></span> <span class='ocrx_word' id='word_1_84' title='bbox 902 1284 1007 1372; x_wconf 83' lang='lat' dir='ltr'><strong>plagas</strong></span> <span class='ocrx_word' id='word_1_85' title='bbox 1033 1279 1110 1345; x_wconf 82' lang='lat' dir='ltr'><strong>dixit</strong></span> <span class='ocrx_word' id='word_1_86' title='bbox 1135 1279 1168 1347; x_wconf 88' lang='lat' dir='ltr'><strong>in</strong></span> 
     </span>
     <span class='ocr_line' id='line_1_12' title="bbox 65 1367 1241 1435; baseline -0.003 -6"><span class='ocrx_word' id='word_1_87' title='bbox 65 1367 146 1430; x_wconf 84' lang='lat' dir='ltr'><strong>duta.</strong></span> <span class='ocrx_word' id='word_1_88' title='bbox 1229 1418 1241 1435; x_wconf 51' lang='lat'><strong>‚.</strong></span> 
     </span>
     <span class='ocr_line' id='line_1_13' title="bbox 117 1446 1168 1540; baseline -0.002 -21"><span class='ocrx_word' id='word_1_89' title='bbox 117 1457 171 1519; x_wconf 80' lang='lat'><strong>76.</strong></span> <span class='ocrx_word' id='word_1_90' title='bbox 189 1455 241 1518; x_wconf 80' lang='lat'><strong>77.</strong></span> <span class='ocrx_word' id='word_1_91' title='bbox 269 1446 329 1519; x_wconf 90' lang='lat' dir='ltr'><strong>Ne</strong></span> <span class='ocrx_word' id='word_1_92' title='bbox 348 1447 395 1514; x_wconf 87' lang='lat' dir='ltr'><strong>sit</strong></span> <span class='ocrx_word' id='word_1_93' title='bbox 413 1452 652 1538; x_wconf 70' lang='lat' dir='ltr'><strong>praestantior</strong></span> <span class='ocrx_word' id='word_1_94' title='bbox 674 1453 767 1519; x_wconf 86' lang='lat' dir='ltr'><strong>alter</strong></span> <span class='ocrx_word' id='word_1_95' title='bbox 789 1449 1019 1540; x_wconf 82' lang='lat' dir='ltr'><strong>Cappadocas</strong></span> <span class='ocrx_word' id='word_1_96' title='bbox 1048 1446 1168 1539; x_wconf 79' lang='lat' dir='ltr'><strong>rigida</strong></span> 
     </span>
    </p>

    <p class='ocr_par' dir='ltr' id='par_1_5' title="bbox 65 1534 1298 4448">
     <span class='ocr_line' id='line_1_14' title="bbox 65 1534 1167 1625; baseline 0.001 -25"><span class='ocrx_word' id='word_1_97' title='bbox 65 1534 180 1625; x_wconf 70' lang='lat' dir='ltr'><strong>ingeres</strong></span> <span class='ocrx_word' id='word_1_98' title='bbox 200 1535 374 1621; x_wconf 85' lang='lat' dir='ltr'><strong>plausisse</strong></span> <span class='ocrx_word' id='word_1_99' title='bbox 393 1538 555 1621; x_wconf 77' lang='lat' dir='ltr'><strong>catasta]</strong></span> <span class='ocrx_word' id='word_1_100' title='bbox 589 1540 698 1605; x_wconf 90' lang='lat' dir='ltr'><strong>Nullus</strong></span> <span class='ocrx_word' id='word_1_101' title='bbox 720 1553 786 1604; x_wconf 88' lang='lat' dir='ltr'><strong>esto</strong></span> <span class='ocrx_word' id='word_1_102' title='bbox 811 1551 876 1601; x_wconf 89' lang='lat' dir='ltr'><strong>tam</strong></span> <span class='ocrx_word' id='word_1_103' title='bbox 896 1539 992 1625; x_wconf 85' lang='lat' dir='ltr'><strong>turpis</strong></span> <span class='ocrx_word' id='word_1_104' title='bbox 1015 1548 1167 1623; x_wconf 82' lang='lat' dir='ltr'><strong>quaestus,</strong></span> 
     </span>
     <span class='ocr_line' id='line_1_15' title="bbox 65 1622 1211 1708; baseline -0.001 -23"><span class='ocrx_word' id='word_1_105' title='bbox 65 1623 84 1685; x_wconf 89' lang='grc' dir='ltr'><strong>ιὶ</strong></span> <span class='ocrx_word' id='word_1_106' title='bbox 100 1623 157 1687; x_wconf 91' lang='lat' dir='ltr'><strong>tibi</strong></span> <span class='ocrx_word' id='word_1_107' title='bbox 175 1622 316 1689; x_wconf 82' lang='lat' dir='ltr'><strong>sordeat:</strong></span> <span class='ocrx_word' id='word_1_108' title='bbox 336 1624 536 1705; x_wconf 86' lang='lat' dir='ltr'><strong>mangonium</strong></span> <span class='ocrx_word' id='word_1_109' title='bbox 548 1624 644 1706; x_wconf 76' lang='lat' dir='ltr'><strong>⁸igitur</strong></span> <span class='ocrx_word' id='word_1_110' title='bbox 659 1648 782 1706; x_wconf 88' lang='lat' dir='ltr'><strong>exerce,</strong></span> <span class='ocrx_word' id='word_1_111' title='bbox 804 1637 836 1697; x_wconf 83' lang='lat' dir='ltr'><strong>et</strong></span> <span class='ocrx_word' id='word_1_112' title='bbox 848 1625 936 1687; x_wconf 86' lang='lat' dir='ltr'><strong>effice</strong></span> <span class='ocrx_word' id='word_1_113' title='bbox 943 1659 956 1703; x_wconf 95' lang='lat'><strong>,-</strong></span> <span class='ocrx_word' id='word_1_114' title='bbox 972 1645 1014 1685; x_wconf 93' lang='lat' dir='ltr'><strong>ne</strong></span> <span class='ocrx_word' id='word_1_115' title='bbox 1028 1623 1067 1686; x_wconf 87' lang='lat' dir='ltr'><strong>sit</strong></span> <span class='ocrx_word' id='word_1_116' title='bbox 1077 1644 1167 1708; x_wconf 86' lang='lat' dir='ltr'><strong>para·</strong></span> <span class='ocrx_word' id='word_1_117' title='bbox 1207 1646 1211 1652; x_wconf 96' lang='lat'>·</span> 
     </span>
     <span class='ocr_line' id='line_1_16' title="bbox 65 1706 1217 1797; baseline -0.003 -26"><span class='ocrx_word' id='word_1_118' title='bbox 65 1730 90 1773; x_wconf 86' lang='lat' dir='ltr'><strong>u·</strong></span> <span class='ocrx_word' id='word_1_119' title='bbox 106 1712 182 1774; x_wconf 85' lang='lat' dir='ltr'><strong>alter</strong></span> <span class='ocrx_word' id='word_1_120' title='bbox 200 1706 240 1771; x_wconf 84' lang='lat' dir='ltr'><strong>ad</strong></span> <span class='ocrx_word' id='word_1_121' title='bbox 260 1707 429 1772; x_wconf 89' lang='lat' dir='ltr'><strong>coemenda</strong></span> <span class='ocrx_word' id='word_1_122' title='bbox 442 1708 609 1797; x_wconf 87' lang='lat' dir='ltr'><strong>mancipia,</strong></span> <span class='ocrx_word' id='word_1_123' title='bbox 630 1733 740 1797; x_wconf 85' lang='lat' dir='ltr'><strong>quaes</strong></span> <span class='ocrx_word' id='word_1_124' title='bbox 758 1724 790 1775; x_wconf 89' lang='lat' dir='ltr'><strong>te</strong></span> <span class='ocrx_word' id='word_1_125' title='bbox 803 1714 901 1797; x_wconf 89' lang='lat' dir='ltr'><strong>probe</strong></span> <span class='ocrx_word' id='word_1_126' title='bbox 917 1719 1018 1772; x_wconf 83' lang='lat' dir='ltr'><strong>curata</strong></span> <span class='ocrx_word' id='word_1_127' title='bbox 1031 1718 1063 1772; x_wconf 90' lang='lat' dir='ltr'><strong>et</strong></span> <span class='ocrx_word' id='word_1_128' title='bbox 1081 1711 1217 1771; x_wconf 77' lang='lat' dir='ltr'><strong>eon-513</strong></span> 
     </span>
     <span class='ocr_line' id='line_1_17' title="bbox 65 1792 1166 1885; baseline 0 -28"><span class='ocrx_word' id='word_1_129' title='bbox 65 1805 152 1857; x_wconf 84' lang='lat' dir='ltr'><strong>mata</strong></span> <span class='ocrx_word' id='word_1_130' title='bbox 174 1802 268 1880; x_wconf 83' lang='lat' dir='ltr'><strong>quam</strong></span> <span class='ocrx_word' id='word_1_131' title='bbox 291 1795 414 1881; x_wconf 82' lang='lat' dir='ltr'><strong>plurimi</strong></span> <span class='ocrx_word' id='word_1_132' title='bbox 435 1796 561 1860; x_wconf 78' lang='lat' dir='ltr'><strong>vaenire</strong></span> <span class='ocrx_word' id='word_1_133' title='bbox 581 1798 701 1885; x_wconf 77' lang='lat' dir='ltr'><strong>possint</strong></span> <span class='ocrx_word' id='word_1_134' title='bbox 725 1796 757 1860; x_wconf 89' lang='lat' dir='ltr'><strong>in</strong></span> <span class='ocrx_word' id='word_1_135' title='bbox 786 1807 914 1876; x_wconf 85' lang='lat' dir='ltr'><strong>catasta,</strong></span> <span class='ocrx_word' id='word_1_136' title='bbox 942 1806 973 1859; x_wconf 85' lang='lat' dir='ltr'><strong>te</strong></span> <span class='ocrx_word' id='word_1_137' title='bbox 1001 1792 1166 1881; x_wconf 78' lang='lat' dir='ltr'><strong>plaudente</strong></span> 
     </span>
     <span class='ocr_line' id='line_1_18' title="bbox 74 1879 1166 1966; baseline 0.001 -24"><span class='ocrx_word' id='word_1_138' title='bbox 74 1879 273 1960; x_wconf 84' lang='lat' dir='ltr'><strong>adhortante,</strong></span> <span class='ocrx_word' id='word_1_139' title='bbox 294 1891 330 1942; x_wconf 88' lang='lat' dir='ltr'><strong>ut</strong></span> <span class='ocrx_word' id='word_1_140' title='bbox 340 1892 427 1943; x_wconf 92' lang='lat' dir='ltr'><strong>motu</strong></span> <span class='ocrx_word' id='word_1_141' title='bbox 442 1880 576 1966; x_wconf 89' lang='lat' dir='ltr'><strong>corporis</strong></span> <span class='ocrx_word' id='word_1_142' title='bbox 597 1904 633 1945; x_wconf 86' lang='lat' dir='ltr'><strong>ac</strong></span> <span class='ocrx_word' id='word_1_143' title='bbox 651 1882 813 1947; x_wconf 89' lang='lat' dir='ltr'><strong>saltatione</strong></span> <span class='ocrx_word' id='word_1_144' title='bbox 830 1884 932 1946; x_wconf 88' lang='lat' dir='ltr'><strong>bonae</strong></span> <span class='ocrx_word' id='word_1_145' title='bbox 951 1901 1026 1945; x_wconf 83' lang='lat' dir='ltr'><strong>suae</strong></span> <span class='ocrx_word' id='word_1_146' title='bbox 1042 1880 1166 1943; x_wconf 80' lang='lat' dir='ltr'><strong>habitu·</strong></span> 
     </span>
     <span class='ocr_line' id='line_1_19' title="bbox 65 1962 1166 2051; baseline -0.002 -22"><span class='ocrx_word' id='word_1_147' title='bbox 65 1966 110 2029; x_wconf 89' lang='lat' dir='ltr'><strong>nis</strong></span> <span class='ocrx_word' id='word_1_148' title='bbox 130 1962 203 2028; x_wconf 91' lang='lat' dir='ltr'><strong>dent</strong></span> <span class='ocrx_word' id='word_1_149' title='bbox 222 1965 379 2051; x_wconf 86' lang='lat' dir='ltr'><strong>specimen</strong></span> <span class='ocrx_word' id='word_1_150' title='bbox 400 1968 618 2032; x_wconf 85' lang='lat' dir='ltr'><strong>mercatoribus</strong></span> <span class='ocrx_word' id='word_1_151' title='bbox 634 1968 874 2033; x_wconf 84' lang='lat' dir='ltr'><strong>emtun&#39;entibus.</strong></span> <span class='ocrx_word' id='word_1_152' title='bbox 904 1964 966 2044; x_wconf 88' lang='lat' dir='ltr'><strong>[De</strong></span> <span class='ocrx_word' id='word_1_153' title='bbox 983 1962 1166 2051; x_wconf 79' lang='lat' dir='ltr'><strong>Cappado-</strong></span> 
     </span>
     <span class='ocr_line' id='line_1_20' title="bbox 65 2047 1166 2134; baseline 0 -20"><span class='ocrx_word' id='word_1_154' title='bbox 65 2049 128 2115; x_wconf 79' lang='lat' dir='ltr'><strong>tus</strong></span> <span class='ocrx_word' id='word_1_155' title='bbox 144 2050 241 2114; x_wconf 87' lang='lat' dir='ltr'><strong>servis</strong></span> <span class='ocrx_word' id='word_1_156' title='bbox 268 2053 306 2116; x_wconf 83' lang='lat' dir='ltr'><strong>of.</strong></span> <span class='ocrx_word' id='word_1_157' title='bbox 330 2050 387 2130; x_wconf 83' lang='lat' dir='ltr'><strong>Pl]</strong></span> <span class='ocrx_word' id='word_1_158' title='bbox 440 2049 587 2115; x_wconf 79' lang='lat' dir='ltr'><strong>Cotuato</strong></span> <span class='ocrx_word' id='word_1_159' title='bbox 605 2075 670 2119; x_wconf 88' lang='lat' dir='ltr'><strong>vox</strong></span> <span class='ocrx_word' id='word_1_160' title='bbox 688 2052 846 2134; x_wconf 86' lang='lat' dir='ltr'><strong>Romana,</strong></span> <span class='ocrx_word' id='word_1_161' title='bbox 872 2051 929 2116; x_wconf 89' lang='lat' dir='ltr'><strong>sed</strong></span> <span class='ocrx_word' id='word_1_162' title='bbox 952 2047 1088 2114; x_wconf 87' lang='lat' dir='ltr'><strong>Graecae</strong></span> <span class='ocrx_word' id='word_1_163' title='bbox 1114 2052 1166 2114; x_wconf 88' lang='lat' dir='ltr'><strong>vel</strong></span> 
     </span>
     <span class='ocr_line' id='line_1_21' title="bbox 65 2134 1167 2226; baseline 0.001 -30"><span class='ocrx_word' id='word_1_164' title='bbox 65 2139 134 2200; x_wconf 63' lang='lat' dir='ltr'><strong>ttius</strong></span> <span class='ocrx_word' id='word_1_165' title='bbox 150 2135 270 2200; x_wconf 86' lang='lat' dir='ltr'><strong>Siculae</strong></span> <span class='ocrx_word' id='word_1_166' title='bbox 285 2135 418 2217; x_wconf 89' lang='lat' dir='ltr'><strong>originis,</strong></span> <span class='ocrx_word' id='word_1_167' title='bbox 440 2149 474 2200; x_wconf 90' lang='lat' dir='ltr'><strong>ut</strong></span> <span class='ocrx_word' id='word_1_168' title='bbox 486 2139 564 2201; x_wconf 91' lang='lat' dir='ltr'><strong>aliae</strong></span> <span class='ocrx_word' id='word_1_169' title='bbox 578 2161 643 2202; x_wconf 91' lang='lat' dir='ltr'><strong>non</strong></span> <span class='ocrx_word' id='word_1_170' title='bbox 654 2160 786 2225; x_wconf 86' lang='lat' dir='ltr'><strong>paucae,</strong></span> <span class='ocrx_word' id='word_1_171' title='bbox 808 2158 893 2226; x_wconf 88' lang='lat' dir='ltr'><strong>quae</strong></span> <span class='ocrx_word' id='word_1_172' title='bbox 906 2139 945 2200; x_wconf 93' lang='lat' dir='ltr'><strong>ab</strong></span> <span class='ocrx_word' id='word_1_173' title='bbox 961 2136 1026 2199; x_wconf 89' lang='lat' dir='ltr'><strong>istis</strong></span> <span class='ocrx_word' id='word_1_174' title='bbox 1047 2135 1086 2197; x_wconf 88' lang='lat' dir='ltr'><strong>ad</strong></span> <span class='ocrx_word' id='word_1_175' title='bbox 1098 2134 1167 2197; x_wconf 83' lang='lat' dir='ltr'><strong>lto.</strong></span> 
     </span>
     <span class='ocr_line' id='line_1_22' title="bbox 65 2217 1167 2307; baseline -0.001 -21"><span class='ocrx_word' id='word_1_176' title='bbox 65 2243 142 2286; x_wconf 89' lang='lat' dir='ltr'><strong>anos</strong></span> <span class='ocrx_word' id='word_1_177' title='bbox 168 2233 324 2307; x_wconf 82' lang='lat' dir='ltr'><strong>comrptae</strong></span> <span class='ocrx_word' id='word_1_178' title='bbox 350 2233 383 2285; x_wconf 85' lang='lat' dir='ltr'><strong>et</strong></span> <span class='ocrx_word' id='word_1_179' title='bbox 407 2223 632 2287; x_wconf 78' lang='lat' dir='ltr'><strong>semibarbaras</strong></span> <span class='ocrx_word' id='word_1_180' title='bbox 659 2225 854 2302; x_wconf 76' lang='lat' dir='ltr'><strong>nansiemnt,</strong></span> <span class='ocrx_word' id='word_1_181' title='bbox 885 2222 1012 2307; x_wconf 83' lang='lat' dir='ltr'><strong>¹reliquis</strong></span> <span class='ocrx_word' id='word_1_182' title='bbox 1042 2217 1167 2285; x_wconf 86' lang='lat' dir='ltr'><strong>Graecis</strong></span> 
     </span>
     <span class='ocr_line' id='line_1_23' title="bbox 65 2304 1187 2391; baseline 0 -20"><span class='ocrx_word' id='word_1_183' title='bbox 65 2309 160 2371; x_wconf 86' lang='lat' dir='ltr'><strong>anino</strong></span> <span class='ocrx_word' id='word_1_184' title='bbox 179 2306 359 2388; x_wconf 85' lang='lat' dir='ltr'><strong>incognitae.</strong></span> <span class='ocrx_word' id='word_1_185' title='bbox 411 2307 584 2371; x_wconf 87' lang='lat' dir='ltr'><strong>Siculorum</strong></span> <span class='ocrx_word' id='word_1_186' title='bbox 611 2310 747 2391; x_wconf 88' lang='lat' dir='ltr'><strong>linguam</strong></span> <span class='ocrx_word' id='word_1_187' title='bbox 764 2306 914 2373; x_wconf 84' lang='lat' dir='ltr'><strong>Graecam</strong></span> <span class='ocrx_word' id='word_1_188' title='bbox 933 2306 1037 2369; x_wconf 89' lang='lat' dir='ltr'><strong>multis</strong></span> <span class='ocrx_word' id='word_1_189' title='bbox 1063 2304 1187 2371; x_wconf 82' lang='lat' dir='ltr'><strong>modis</strong></span> 
     </span>
     <span class='ocr_line' id='line_1_24' title="bbox 65 2392 1167 2482; baseline 0 -27"><span class='ocrx_word' id='word_1_190' title='bbox 65 2395 169 2461; x_wconf 71' lang='lat' dir='ltr'><strong>blatam</strong></span> <span class='ocrx_word' id='word_1_191' title='bbox 188 2392 283 2455; x_wconf 83' lang='lat' dir='ltr'><strong>luisse</strong></span> <span class='ocrx_word' id='word_1_192' title='bbox 304 2393 397 2455; x_wconf 90' lang='lat' dir='ltr'><strong>etiam</strong></span> <span class='ocrx_word' id='word_1_193' title='bbox 419 2394 464 2457; x_wconf 94' lang='lat' dir='ltr'><strong>illi</strong></span> <span class='ocrx_word' id='word_1_194' title='bbox 485 2405 613 2474; x_wconf 89' lang='lat' dir='ltr'><strong>norunt,</strong></span> <span class='ocrx_word' id='word_1_195' title='bbox 634 2395 687 2482; x_wconf 89' lang='lat' dir='ltr'><strong>qui</strong></span> <span class='ocrx_word' id='word_1_196' title='bbox 705 2396 808 2458; x_wconf 91' lang='lat' dir='ltr'><strong>solum</strong></span> <span class='ocrx_word' id='word_1_197' title='bbox 827 2393 969 2460; x_wconf 85' lang='lat' dir='ltr'><strong>Plautum</strong></span> <span class='ocrx_word' id='word_1_198' title='bbox 988 2392 1128 2473; x_wconf 84' lang='lat' dir='ltr'><strong>attigere:</strong></span> <span class='ocrx_word' id='word_1_199' title='bbox 1146 2413 1167 2455; x_wconf 89' lang='lat' dir='ltr'><strong>a</strong></span> 
     </span>
     <span class='ocr_line' id='line_1_25' title="bbox 65 2476 1166 2556; baseline 0.001 -19"><span class='ocrx_word' id='word_1_200' title='bbox 65 2482 127 2544; x_wconf 80' lang='lat' dir='ltr'><strong>rho</strong></span> <span class='ocrx_word' id='word_1_201' title='bbox 140 2476 366 2541; x_wconf 71' lang='grc' dir='ltr'><strong><em>καθίστασθαι</em></strong></span> <span class='ocrx_word' id='word_1_202' title='bbox 380 2488 431 2540; x_wconf 90' lang='lat' dir='ltr'><strong>aut</strong></span> <span class='ocrx_word' id='word_1_203' title='bbox 445 2482 525 2543; x_wconf 85' lang='lat' dir='ltr'><strong>voce</strong></span> <span class='ocrx_word' id='word_1_204' title='bbox 537 2476 736 2556; x_wconf 76' lang='grc' dir='ltr'><strong><em>κατάστασις</em></strong></span> <span class='ocrx_word' id='word_1_205' title='bbox 752 2483 832 2543; x_wconf 85' lang='lat' dir='ltr'><strong>facta</strong></span> <span class='ocrx_word' id='word_1_206' title='bbox 854 2491 900 2543; x_wconf 90' lang='lat' dir='ltr'><strong>est</strong></span> <span class='ocrx_word' id='word_1_207' title='bbox 918 2500 982 2543; x_wconf 87' lang='lat' dir='ltr'><strong>vox</strong></span> <span class='ocrx_word' id='word_1_208' title='bbox 1005 2485 1166 2541; x_wconf 78' lang='lat' dir='ltr'><strong>catastas</strong></span> 
     </span>
     <span class='ocr_line' id='line_1_26' title="bbox 65 2563 1167 2650; baseline -0.004 -22"><span class='ocrx_word' id='word_1_209' title='bbox 65 2594 69 2628; x_wconf 88' lang='grc' dir='ltr'>ι</span> <span class='ocrx_word' id='word_1_210' title='bbox 93 2563 237 2627; x_wconf 81' lang='lat' dir='ltr'><strong>dixerant</strong></span> <span class='ocrx_word' id='word_1_211' title='bbox 255 2584 369 2649; x_wconf 85' lang='lat' dir='ltr'><strong>pegma</strong></span> <span class='ocrx_word' id='word_1_212' title='bbox 387 2565 523 2645; x_wconf 89' lang='lat' dir='ltr'><strong>ligneum</strong></span> <span class='ocrx_word' id='word_1_213' title='bbox 531 2614 542 2645; x_wconf 89' lang='lat'><strong>,</strong></span> <span class='ocrx_word' id='word_1_214' title='bbox 567 2566 600 2628; x_wconf 88' lang='lat' dir='ltr'><strong>in</strong></span> <span class='ocrx_word' id='word_1_215' title='bbox 621 2587 682 2650; x_wconf 90' lang='lat' dir='ltr'><strong>quo</strong></span> <span class='ocrx_word' id='word_1_216' title='bbox 709 2587 785 2631; x_wconf 86' lang='lat' dir='ltr'><strong>suos</strong></span> <span class='ocrx_word' id='word_1_217' title='bbox 804 2568 947 2632; x_wconf 84' lang='lat' dir='ltr'><strong>vaenales</strong></span> <span class='ocrx_word' id='word_1_218' title='bbox 967 2564 1167 2639; x_wconf 87' lang='lat' dir='ltr'><strong>collocabant,</strong></span> 
     </span>
     <span class='ocr_line' id='line_1_27' title="bbox 65 2644 1167 2751; baseline -0.004 -37"><span class='ocrx_word' id='word_1_219' title='bbox 65 2673 103 2714; x_wconf 93' lang='lat' dir='ltr'><strong>m</strong></span> <span class='ocrx_word' id='word_1_220' title='bbox 115 2649 187 2713; x_wconf 88' lang='lat' dir='ltr'><strong>illos</strong></span> <span class='ocrx_word' id='word_1_221' title='bbox 203 2648 379 2713; x_wconf 80' lang='lat' dir='ltr'><strong>vendebant</strong></span> <span class='ocrx_word' id='word_1_222' title='bbox 399 2650 509 2739; x_wconf 82' lang='lat' dir='ltr'><strong>autad</strong></span> <span class='ocrx_word' id='word_1_223' title='bbox 527 2651 737 2716; x_wconf 88' lang='lat' dir='ltr'><strong>venditionem</strong></span> <span class='ocrx_word' id='word_1_224' title='bbox 756 2644 918 2737; x_wconf 77' lang='lat' dir='ltr'><strong>parabanti</strong></span> <span class='ocrx_word' id='word_1_225' title='bbox 942 2650 1063 2751; x_wconf 87' lang='lat' dir='ltr'><strong>publice</strong></span> <span class='ocrx_word' id='word_1_226' title='bbox 1075 2670 1167 2711; x_wconf 85' lang='lat' dir='ltr'><strong>man-</strong></span> 
     </span>
     <span class='ocr_line' id='line_1_28' title="bbox 65 2733 1165 2813; baseline 0 -14"><span class='ocrx_word' id='word_1_227' title='bbox 65 2737 107 2799; x_wconf 79' lang='lat' dir='ltr'><strong>sia</strong></span> <span class='ocrx_word' id='word_1_228' title='bbox 122 2735 218 2813; x_wconf 83' lang='lat' dir='ltr'><strong>luisse</strong></span> <span class='ocrx_word' id='word_1_229' title='bbox 227 2734 259 2797; x_wconf 92' lang='lat' dir='ltr'><strong>in</strong></span> <span class='ocrx_word' id='word_1_230' title='bbox 271 2744 383 2798; x_wconf 86' lang='lat' dir='ltr'><strong>catasta</strong></span> <span class='ocrx_word' id='word_1_231' title='bbox 396 2735 489 2799; x_wconf 89' lang='lat' dir='ltr'><strong>vendi</strong></span> <span class='ocrx_word' id='word_1_232' title='bbox 505 2737 593 2800; x_wconf 85' lang='lat' dir='ltr'><strong>solita</strong></span> <span class='ocrx_word' id='word_1_233' title='bbox 604 2736 718 2800; x_wconf 88' lang='lat' dir='ltr'><strong>indicat</strong></span> <span class='ocrx_word' id='word_1_234' title='bbox 729 2739 816 2800; x_wconf 84' lang='lat' dir='ltr'><strong>locus</strong></span> <span class='ocrx_word' id='word_1_235' title='bbox 827 2736 918 2800; x_wconf 84' lang='lat' dir='ltr'><strong>Plinii</strong></span> <span class='ocrx_word' id='word_1_236' title='bbox 932 2737 1010 2798; x_wconf 89' lang='lat' dir='ltr'><strong>bbro</strong></span> <span class='ocrx_word' id='word_1_237' title='bbox 1024 2733 1165 2799; x_wconf 86' lang='lat' dir='ltr'>XXXV</span> 
     </span>
     <span class='ocr_line' id='line_1_29' title="bbox 91 2817 1209 2904; baseline -0.003 -18"><span class='ocrx_word' id='word_1_238' title='bbox 91 2823 144 2900; x_wconf 83' lang='lat'><strong>17]</strong></span> <span class='ocrx_word' id='word_1_239' title='bbox 168 2818 209 2883; x_wconf 90' lang='lat' dir='ltr'><strong>de</strong></span> <span class='ocrx_word' id='word_1_240' title='bbox 229 2818 433 2903; x_wconf 76' lang='lat' dir='ltr'><strong>Chrysogono</strong></span> <span class='ocrx_word' id='word_1_241' title='bbox 454 2819 558 2904; x_wconf 87' lang='lat' dir='ltr'><strong>Syllae</strong></span> <span class='ocrx_word' id='word_1_242' title='bbox 575 2823 701 2887; x_wconf 85' lang='lat' dir='ltr'><strong>liberto:</strong></span> <span class='ocrx_word' id='word_1_243' title='bbox 736 2819 864 2887; x_wconf 83' lang='lat' dir='ltr'><strong>Talem</strong></span> <span class='ocrx_word' id='word_1_244' title='bbox 885 2820 921 2885; x_wconf 87' lang='lat' dir='ltr'><strong>in</strong></span> <span class='ocrx_word' id='word_1_245' title='bbox 946 2828 1083 2883; x_wconf 83' lang='lat' dir='ltr'><strong>catasta</strong></span> <span class='ocrx_word' id='word_1_246' title='bbox 1108 2817 1165 2883; x_wconf 87' lang='grc' dir='ltr'><strong>νί-</strong></span> <span class='ocrx_word' id='word_1_247' title='bbox 1206 2840 1209 2847; x_wconf 95' lang='grc'><strong><em>·</em></strong></span> 
     </span>
     <span class='ocr_line' id='line_1_30' title="bbox 65 2902 1232 2993; baseline 0 -26"><span class='ocrx_word' id='word_1_248' title='bbox 65 2928 110 2971; x_wconf 77' lang='grc' dir='ltr'><strong>νο</strong></span> <span class='ocrx_word' id='word_1_249' title='bbox 130 2903 394 2993; x_wconf 82' lang='lat' dir='ltr'><strong>Chrysogonum</strong></span> <span class='ocrx_word' id='word_1_250' title='bbox 407 2902 537 2993; x_wconf 82' lang='lat' dir='ltr'><strong>Syllae.</strong></span> <span class='ocrx_word' id='word_1_251' title='bbox 579 2906 643 2971; x_wconf 85' lang='lat' dir='ltr'><strong>Sed</strong></span> <span class='ocrx_word' id='word_1_252' title='bbox 664 2920 748 2971; x_wconf 88' lang='lat' dir='ltr'><strong>erant</strong></span> <span class='ocrx_word' id='word_1_253' title='bbox 763 2908 855 2970; x_wconf 83' lang='lat' dir='ltr'><strong>etiam</strong></span> <span class='ocrx_word' id='word_1_254' title='bbox 872 2907 907 2970; x_wconf 92' lang='lat' dir='ltr'><strong>in</strong></span> <span class='ocrx_word' id='word_1_255' title='bbox 928 2903 1056 2969; x_wconf 88' lang='lat' dir='ltr'><strong>aedibus</strong></span> <span class='ocrx_word' id='word_1_256' title='bbox 1078 2905 1232 2978; x_wconf 75' lang='lat' dir='ltr'><strong>cata-(²⁰⁰)</strong></span> 
     </span>
     <span class='ocr_line' id='line_1_31' title="bbox 65 2990 1166 3140; baseline -0.003 -84"><span class='ocrx_word' id='word_1_257' title='bbox 65 3015 103 3072; x_wconf 77' lang='lat' dir='ltr'><strong>te,</strong></span> <span class='ocrx_word' id='word_1_258' title='bbox 122 3002 247 3140; x_wconf 43' lang='lat' dir='ltr'><strong>ukquas</strong></span> <span class='ocrx_word' id='word_1_259' title='bbox 261 3011 414 3055; x_wconf 83' lang='lat' dir='ltr'><strong>arcanas</strong></span> <span class='ocrx_word' id='word_1_260' title='bbox 435 3004 527 3058; x_wconf 89' lang='lat' dir='ltr'><strong>vocat</strong></span> <span class='ocrx_word' id='word_1_261' title='bbox 540 2992 689 3058; x_wconf 87' lang='lat' dir='ltr'><strong>Martialis</strong></span> <span class='ocrx_word' id='word_1_262' title='bbox 709 2994 927 3082; x_wconf 87' lang='lat' dir='ltr'><strong>epigrammate</strong></span> <span class='ocrx_word' id='word_1_263' title='bbox 946 2991 977 3053; x_wconf 90' lang='lat' dir='ltr'><strong>in</strong></span> <span class='ocrx_word' id='word_1_264' title='bbox 993 2990 1166 3083; x_wconf 66' lang='lat' dir='ltr'><strong>bleramus-</strong></span> 
     </span>
     <span class='ocr_line' id='line_1_32' title="bbox 65 3081 1074 3142; baseline 0 0"><span class='ocrx_word' id='word_1_265' title='bbox 65 3101 95 3142; x_wconf 92' lang='lat' dir='ltr'><strong>m</strong></span> <span class='ocrx_word' id='word_1_266' title='bbox 205 3081 224 3141; x_wconf 88' lang='grc'>6</span> <span class='ocrx_word' id='word_1_267' title='bbox 270 3082 289 3142; x_wconf 85' lang='grc'><strong>3</strong></span> <span class='ocrx_word' id='word_1_268' title='bbox 320 3086 323 3093; x_wconf 94' lang='grc'><strong>’</strong></span> <span class='ocrx_word' id='word_1_269' title='bbox 361 3127 367 3141; x_wconf 92' lang='grc'><strong>.</strong></span> <span class='ocrx_word' id='word_1_270' title='bbox 391 3100 402 3142; x_wconf 79' lang='lat' dir='ltr'><strong>s</strong></span> <span class='ocrx_word' id='word_1_271' title='bbox 1072 3088 1074 3093; x_wconf 88' lang='lat'>&#39;</span> 
     </span>
     <span class='ocr_line' id='line_1_33' title="bbox 113 3076 934 3251; baseline -0.004 -25"><span class='ocrx_word' id='word_1_272' title='bbox 113 3076 271 3249; x_wconf 65' lang='lat' dir='ltr'><strong>ilnspesiit</strong></span> <span class='ocrx_word' id='word_1_273' title='bbox 288 3078 411 3226; x_wconf 60' lang='lat' dir='ltr'><strong>ostillon</strong></span> <span class='ocrx_word' id='word_1_274' title='bbox 422 3182 553 3249; x_wconf 84' lang='lat' dir='ltr'><strong>pueros</strong></span> <span class='ocrx_word' id='word_1_275' title='bbox 571 3161 745 3251; x_wconf 84' lang='lat' dir='ltr'><strong>oculisque</strong></span> <span class='ocrx_word' id='word_1_276' title='bbox 764 3157 934 3226; x_wconf 77' lang='lat' dir='ltr'><strong>comedit:</strong></span> 
     </span>
     <span class='ocr_line' id='line_1_34' title="bbox 181 3243 974 3335; baseline -0.005 -23"><span class='ocrx_word' id='word_1_277' title='bbox 181 3243 262 3312; x_wconf 85' lang='lat' dir='ltr'><strong>Non</strong></span> <span class='ocrx_word' id='word_1_278' title='bbox 278 3244 352 3325; x_wconf 78' lang='lat' dir='ltr'><strong>lios,</strong></span> <span class='ocrx_word' id='word_1_279' title='bbox 373 3268 457 3335; x_wconf 82' lang='lat' dir='ltr'><strong>quos</strong></span> <span class='ocrx_word' id='word_1_280' title='bbox 471 3246 611 3335; x_wconf 83' lang='lat' dir='ltr'><strong>primae</strong></span> <span class='ocrx_word' id='word_1_281' title='bbox 629 3246 839 3335; x_wconf 81' lang='lat' dir='ltr'><strong>prostituere</strong></span> <span class='ocrx_word' id='word_1_282' title='bbox 859 3266 974 3325; x_wconf 89' lang='lat' dir='ltr'><strong>casae,</strong></span> 
     </span>
     <span class='ocr_line' id='line_1_35' title="bbox 115 3329 976 3407; baseline -0.003 -9"><span class='ocrx_word' id='word_1_283' title='bbox 115 3329 189 3398; x_wconf 75' lang='lat' dir='ltr'><strong>Set</strong></span> <span class='ocrx_word' id='word_1_284' title='bbox 221 3354 452 3398; x_wconf 85' lang='lat' dir='ltr'><strong>uosarconae</strong></span> <span class='ocrx_word' id='word_1_285' title='bbox 470 3332 786 3400; x_wconf 82' lang='lat' dir='ltr'><strong>servaattabulata</strong></span> <span class='ocrx_word' id='word_1_286' title='bbox 807 3340 976 3407; x_wconf 85' lang='lat' dir='ltr'><strong>catastae,</strong></span> 
     </span>
     <span class='ocr_line' id='line_1_36' title="bbox 214 3414 998 3507; baseline -0.005 -25"><span class='ocrx_word' id='word_1_287' title='bbox 214 3426 229 3482; x_wconf 93' lang='lat' dir='ltr'><strong>t</strong></span> <span class='ocrx_word' id='word_1_288' title='bbox 290 3441 327 3481; x_wconf 91' lang='lat' dir='ltr'><strong>os</strong></span> <span class='ocrx_word' id='word_1_289' title='bbox 341 3442 408 3483; x_wconf 86' lang='lat' dir='ltr'><strong>noa</strong></span> <span class='ocrx_word' id='word_1_290' title='bbox 416 3418 568 3507; x_wconf 73' lang='lat' dir='ltr'><strong>popualus</strong></span> <span class='ocrx_word' id='word_1_291' title='bbox 585 3440 648 3485; x_wconf 85' lang='lat' dir='ltr'><strong>nee</strong></span> <span class='ocrx_word' id='word_1_292' title='bbox 664 3440 747 3487; x_wconf 81' lang='lat' dir='ltr'><strong>mea</strong></span> <span class='ocrx_word' id='word_1_293' title='bbox 764 3416 868 3483; x_wconf 85' lang='lat' dir='ltr'><strong>turba</strong></span> <span class='ocrx_word' id='word_1_294' title='bbox 879 3414 998 3483; x_wconf 78' lang='lat' dir='ltr'><strong>videt.-</strong></span> 
     </span>
     <span class='ocr_line' id='line_1_37' title="bbox 65 3499 1163 3595; baseline -0.006 -27"><span class='ocrx_word' id='word_1_295' title='bbox 65 3529 90 3571; x_wconf 89' lang='grc' dir='ltr'><strong>,ο</strong></span> <span class='ocrx_word' id='word_1_296' title='bbox 105 3527 147 3569; x_wconf 89' lang='lat' dir='ltr'><strong>ex</strong></span> <span class='ocrx_word' id='word_1_297' title='bbox 159 3506 230 3568; x_wconf 89' lang='lat' dir='ltr'><strong>loco</strong></span> <span class='ocrx_word' id='word_1_298' title='bbox 267 3505 276 3520; x_wconf 89' lang='lat'>&#39;</span> <span class='ocrx_word' id='word_1_299' title='bbox 293 3505 390 3568; x_wconf 79' lang='lat' dir='ltr'><strong>cimm</strong></span> <span class='ocrx_word' id='word_1_300' title='bbox 406 3507 539 3571; x_wconf 85' lang='lat' dir='ltr'><strong>eximiae</strong></span> <span class='ocrx_word' id='word_1_301' title='bbox 555 3510 675 3570; x_wconf 87' lang='lat' dir='ltr'><strong>formae</strong></span> <span class='ocrx_word' id='word_1_302' title='bbox 694 3514 836 3595; x_wconf 73' lang='lat' dir='ltr'><strong>pueros,</strong></span> <span class='ocrx_word' id='word_1_303' title='bbox 867 3504 955 3569; x_wconf 90' lang='lat' dir='ltr'><strong>uibus</strong></span> <span class='ocrx_word' id='word_1_304' title='bbox 967 3499 1083 3564; x_wconf 84' lang='lat' dir='ltr'><strong>hedera</strong></span> <span class='ocrx_word' id='word_1_305' title='bbox 1098 3520 1163 3562; x_wconf 88' lang='lat' dir='ltr'><strong>non</strong></span> 
     </span>
     <span class='ocr_line' id='line_1_38' title="bbox 65 3527 1164 3679; baseline -0.009 -23"><span class='ocrx_word' id='word_1_306' title='bbox 65 3604 192 3678; x_wconf 73' lang='lat' dir='ltr'><strong>etopus,</strong></span> <span class='ocrx_word' id='word_1_307' title='bbox 212 3612 278 3655; x_wconf 89' lang='lat' dir='ltr'><strong>non</strong></span> <span class='ocrx_word' id='word_1_308' title='bbox 290 3591 387 3654; x_wconf 77' lang='lat' dir='ltr'><strong>fauisse</strong></span> <span class='ocrx_word' id='word_1_309' title='bbox 398 3591 432 3653; x_wconf 87' lang='lat' dir='ltr'><strong>in</strong></span> <span class='ocrx_word' id='word_1_310' title='bbox 443 3588 599 3679; x_wconf 89' lang='lat' dir='ltr'><strong>publicum</strong></span> <span class='ocrx_word' id='word_1_311' title='bbox 615 3590 790 3678; x_wconf 87' lang='lat' dir='ltr'><strong>productos,</strong></span> <span class='ocrx_word' id='word_1_312' title='bbox 811 3527 867 3656; x_wconf 82' lang='lat' dir='ltr'><strong>sed</strong></span> <span class='ocrx_word' id='word_1_313' title='bbox 881 3587 968 3652; x_wconf 91' lang='lat' dir='ltr'><strong>domi</strong></span> <span class='ocrx_word' id='word_1_314' title='bbox 980 3584 1063 3674; x_wconf 89' lang='lat' dir='ltr'><strong>apud</strong></span> <span class='ocrx_word' id='word_1_315' title='bbox 1074 3606 1164 3647; x_wconf 83' lang='lat' dir='ltr'><strong>rnen-</strong></span> 
     </span>
     <span class='ocr_line' id='line_1_39' title="bbox 66 3676 1163 3764; baseline -0.009 -23"><span class='ocrx_word' id='word_1_316' title='bbox 66 3698 125 3741; x_wconf 86' lang='lat' dir='ltr'><strong>nes</strong></span> <span class='ocrx_word' id='word_1_317' title='bbox 139 3678 224 3764; x_wconf 88' lang='lat' dir='ltr'><strong>ipsos</strong></span> <span class='ocrx_word' id='word_1_318' title='bbox 242 3676 334 3739; x_wconf 83' lang='lat' dir='ltr'><strong>facile</strong></span> <span class='ocrx_word' id='word_1_319' title='bbox 349 3689 481 3741; x_wconf 89' lang='lat' dir='ltr'><strong>emtores</strong></span> <span class='ocrx_word' id='word_1_320' title='bbox 499 3677 669 3742; x_wconf 76' lang='lat' dir='ltr'><strong>invenisses</strong></span> <span class='ocrx_word' id='word_1_321' title='bbox 690 3677 734 3741; x_wconf 90' lang='lat' dir='ltr'><strong>ibi</strong></span> <span class='ocrx_word' id='word_1_322' title='bbox 745 3677 837 3759; x_wconf 87' lang='lat' dir='ltr'><strong>igitur</strong></span> <span class='ocrx_word' id='word_1_323' title='bbox 853 3684 998 3737; x_wconf 85' lang='lat' dir='ltr'><strong>catastam</strong></span> <span class='ocrx_word' id='word_1_324' title='bbox 1013 3693 1163 3735; x_wconf 89' lang='lat' dir='ltr'><strong>conscen-</strong></span> 
     </span>
     <span class='ocr_line' id='line_1_40' title="bbox 65 3758 1298 3843; baseline -0.007 -15"><span class='ocrx_word' id='word_1_325' title='bbox 65 3767 159 3842; x_wconf 86' lang='lat' dir='ltr'><strong>bant,</strong></span> <span class='ocrx_word' id='word_1_326' title='bbox 180 3784 244 3825; x_wconf 90' lang='lat' dir='ltr'><strong>non</strong></span> <span class='ocrx_word' id='word_1_327' title='bbox 258 3763 290 3824; x_wconf 92' lang='lat' dir='ltr'><strong>in</strong></span> <span class='ocrx_word' id='word_1_328' title='bbox 309 3765 394 3843; x_wconf 79' lang='lat' dir='ltr'><strong>lor03</strong></span> <span class='ocrx_word' id='word_1_329' title='bbox 416 3763 511 3827; x_wconf 88' lang='lat' dir='ltr'><strong>etiam</strong></span> <span class='ocrx_word' id='word_1_330' title='bbox 529 3762 605 3827; x_wconf 91' lang='lat' dir='ltr'><strong>illud</strong></span> <span class='ocrx_word' id='word_1_331' title='bbox 625 3760 785 3840; x_wconf 88' lang='lat' dir='ltr'><strong>discimus,</strong></span> <span class='ocrx_word' id='word_1_332' title='bbox 806 3761 942 3843; x_wconf 87' lang='lat' dir='ltr'><strong>ligneam</strong></span> <span class='ocrx_word' id='word_1_333' title='bbox 965 3758 1061 3821; x_wconf 84' lang='lat' dir='ltr'><strong>luisse</strong></span> <span class='ocrx_word' id='word_1_334' title='bbox 1082 3767 1164 3819; x_wconf 87' lang='lat' dir='ltr'><strong>cata-</strong></span> <span class='ocrx_word' id='word_1_335' title='bbox 1296 3792 1298 3797; x_wconf 95' lang='lat'>·</span> 
     </span>
     <span class='ocr_line' id='line_1_41' title="bbox 65 3842 1215 3936; baseline -0.008 -24"><span class='ocrx_word' id='word_1_336' title='bbox 65 3871 109 3912; x_wconf 76' lang='lat' dir='ltr'><strong>rm</strong></span> <span class='ocrx_word' id='word_1_337' title='bbox 131 3848 308 3912; x_wconf 74' lang='lat' dir='ltr'><strong>stabularis</strong></span> <span class='ocrx_word' id='word_1_338' title='bbox 332 3860 550 3928; x_wconf 69' lang='lat' dir='ltr'><strong>constructam</strong></span> <span class='ocrx_word' id='word_1_339' title='bbox 580 3870 673 3936; x_wconf 90' lang='lat' dir='ltr'><strong>quare</strong></span> <span class='ocrx_word' id='word_1_340' title='bbox 692 3850 785 3911; x_wconf 86' lang='lat' dir='ltr'><strong>etiam</strong></span> <span class='ocrx_word' id='word_1_341' title='bbox 807 3842 989 3913; x_wconf 74' lang='lat' dir='ltr'><strong>machinas</strong></span> <span class='ocrx_word' id='word_1_342' title='bbox 1006 3844 1215 3907; x_wconf 83' lang='lat' dir='ltr'><strong>vocabant514</strong></span> 
     </span>
     <span class='ocr_line' id='line_1_42' title="bbox 65 3926 1164 4021; baseline -0.007 -22"><span class='ocrx_word' id='word_1_343' title='bbox 65 3944 167 3999; x_wconf 78' lang='lat' dir='ltr'><strong>laetas.</strong></span> <span class='ocrx_word' id='word_1_344' title='bbox 211 3930 252 4011; x_wconf 85' lang='lat' dir='ltr'><strong>Q.</strong></span> <span class='ocrx_word' id='word_1_345' title='bbox 273 3932 381 3999; x_wconf 81' lang='lat' dir='ltr'><strong>Cicero</strong></span> <span class='ocrx_word' id='word_1_346' title='bbox 407 3932 448 3998; x_wconf 89' lang='lat' dir='ltr'><strong>de</strong></span> <span class='ocrx_word' id='word_1_347' title='bbox 468 3935 617 4021; x_wconf 87' lang='lat' dir='ltr'><strong>petitione</strong></span> <span class='ocrx_word' id='word_1_348' title='bbox 639 3936 813 3997; x_wconf 88' lang='lat' dir='ltr'><strong>consulatus</strong></span> <span class='ocrx_word' id='word_1_349' title='bbox 834 3932 873 4014; x_wconf 92' lang='lat' dir='ltr'><strong>[c.</strong></span> <span class='ocrx_word' id='word_1_350' title='bbox 895 3930 945 4011; x_wconf 81' lang='lat'><strong>2],</strong></span> <span class='ocrx_word' id='word_1_351' title='bbox 973 3930 1101 4014; x_wconf 85' lang='lat' dir='ltr'><strong>loquens</strong></span> <span class='ocrx_word' id='word_1_352' title='bbox 1124 3926 1164 3991; x_wconf 90' lang='lat' dir='ltr'><strong>de</strong></span> 
     </span>
     <span class='ocr_line' id='line_1_43' title="bbox 65 4009 1166 4119; baseline -0.006 -35"><span class='ocrx_word' id='word_1_353' title='bbox 65 4020 176 4084; x_wconf 67' lang='lat' dir='ltr'><strong>adfines</strong></span> <span class='ocrx_word' id='word_1_354' title='bbox 204 4037 270 4102; x_wconf 84' lang='lat' dir='ltr'><strong>quo</strong></span> <span class='ocrx_word' id='word_1_355' title='bbox 296 4016 333 4083; x_wconf 78' lang='lat' dir='ltr'><strong>ia</strong></span> <span class='ocrx_word' id='word_1_356' title='bbox 353 4018 567 4119; x_wconf 77' lang='lat' dir='ltr'><strong>magistrata</strong></span> <span class='ocrx_word' id='word_1_357' title='bbox 598 4016 770 4098; x_wconf 89' lang='lat' dir='ltr'><strong>amicam,</strong></span> <span class='ocrx_word' id='word_1_358' title='bbox 800 4038 905 4105; x_wconf 81' lang='lat' dir='ltr'><strong>quam</strong></span> <span class='ocrx_word' id='word_1_359' title='bbox 922 4012 1046 4101; x_wconf 88' lang='lat' dir='ltr'><strong>palam</strong></span> <span class='ocrx_word' id='word_1_360' title='bbox 1070 4009 1166 4077; x_wconf 82' lang='lat' dir='ltr'><strong>domi</strong></span> 
     </span>
     <span class='ocr_line' id='line_1_44' title="bbox 65 4100 1165 4191; baseline -0.007 -22"><span class='ocrx_word' id='word_1_361' title='bbox 65 4104 188 4183; x_wconf 76' lang='lat' dir='ltr'><strong>uberet,</strong></span> <span class='ocrx_word' id='word_1_362' title='bbox 211 4102 254 4168; x_wconf 85' lang='lat' dir='ltr'><strong>cle</strong></span> <span class='ocrx_word' id='word_1_363' title='bbox 271 4100 447 4169; x_wconf 77' lang='lat' dir='ltr'><strong>machinas</strong></span> <span class='ocrx_word' id='word_1_364' title='bbox 461 4104 557 4171; x_wconf 87' lang='lat' dir='ltr'><strong>emit.</strong></span> <span class='ocrx_word' id='word_1_365' title='bbox 601 4104 663 4171; x_wconf 76' lang='lat' dir='ltr'><strong>Cur</strong></span> <span class='ocrx_word' id='word_1_366' title='bbox 676 4105 904 4191; x_wconf 88' lang='lat' dir='ltr'><strong>imponerentur</strong></span> <span class='ocrx_word' id='word_1_367' title='bbox 925 4110 1055 4165; x_wconf 86' lang='lat' dir='ltr'><strong>catastae</strong></span> <span class='ocrx_word' id='word_1_368' title='bbox 1075 4120 1165 4161; x_wconf 87' lang='lat' dir='ltr'><strong>man-</strong></span> 
     </span>
     <span class='ocr_line' id='line_1_45' title="bbox 65 4182 1165 4276; baseline -0.011 -20"><span class='ocrx_word' id='word_1_369' title='bbox 65 4195 125 4270; x_wconf 71' lang='lat' dir='ltr'><strong>tia,</strong></span> <span class='ocrx_word' id='word_1_370' title='bbox 155 4189 246 4254; x_wconf 84' lang='lat' dir='ltr'><strong>docet</strong></span> <span class='ocrx_word' id='word_1_371' title='bbox 261 4204 351 4255; x_wconf 88' lang='lat' dir='ltr'><strong>vetus</strong></span> <span class='ocrx_word' id='word_1_372' title='bbox 377 4193 555 4257; x_wconf 82' lang='lat' dir='ltr'><strong>scholiastes</strong></span> <span class='ocrx_word' id='word_1_373' title='bbox 575 4190 688 4257; x_wconf 79' lang='lat' dir='ltr'><strong>Persii:</strong></span> <span class='ocrx_word' id='word_1_374' title='bbox 717 4186 815 4276; x_wconf 81' lang='lat' dir='ltr'><strong>apud</strong></span> <span class='ocrx_word' id='word_1_375' title='bbox 840 4184 1003 4275; x_wconf 82' lang='lat' dir='ltr'><strong>antiquos</strong></span> <span class='ocrx_word' id='word_1_376' title='bbox 1026 4182 1165 4250; x_wconf 81' lang='lat' dir='ltr'><strong>venales</strong></span> 
     </span>
     <span class='ocr_line' id='line_1_46' title="bbox 65 4266 1164 4365; baseline -0.011 -23"><span class='ocrx_word' id='word_1_377' title='bbox 65 4275 248 4342; x_wconf 81' lang='lat' dir='ltr'><strong>adiutores</strong></span> <span class='ocrx_word' id='word_1_378' title='bbox 261 4273 298 4340; x_wconf 84' lang='lat' dir='ltr'><strong>in</strong></span> <span class='ocrx_word' id='word_1_379' title='bbox 316 4284 451 4340; x_wconf 88' lang='lat' dir='ltr'><strong>catasta</strong></span> <span class='ocrx_word' id='word_1_380' title='bbox 460 4274 696 4365; x_wconf 82' lang='lat' dir='ltr'><strong>ponebantur,</strong></span> <span class='ocrx_word' id='word_1_381' title='bbox 716 4285 754 4339; x_wconf 85' lang='lat' dir='ltr'><strong>ut</strong></span> <span class='ocrx_word' id='word_1_382' title='bbox 768 4275 805 4339; x_wconf 86' lang='lat' dir='ltr'><strong>ia</strong></span> <span class='ocrx_word' id='word_1_383' title='bbox 826 4272 875 4339; x_wconf 85' lang='lat' dir='ltr'><strong>eia</strong></span> <span class='ocrx_word' id='word_1_384' title='bbox 890 4278 1032 4359; x_wconf 78' lang='lat' dir='ltr'><strong>possent</strong></span> <span class='ocrx_word' id='word_1_385' title='bbox 1045 4266 1164 4332; x_wconf 83' lang='lat' dir='ltr'><strong>omnia</strong></span> 
     </span>
     <span class='ocr_line' id='line_1_47' title="bbox 65 4355 1165 4448; baseline -0.01 -19"><span class='ocrx_word' id='word_1_386' title='bbox 65 4361 188 4429; x_wconf 85' lang='lat' dir='ltr'><strong>embra</strong></span> <span class='ocrx_word' id='word_1_387' title='bbox 209 4358 358 4447; x_wconf 78' lang='lat' dir='ltr'><strong>iaspicis</strong></span> <span class='ocrx_word' id='word_1_388' title='bbox 383 4366 523 4427; x_wconf 86' lang='lat' dir='ltr'><strong>solebant</strong></span> <span class='ocrx_word' id='word_1_389' title='bbox 547 4364 632 4427; x_wconf 85' lang='lat' dir='ltr'><strong>enim</strong></span> <span class='ocrx_word' id='word_1_390' title='bbox 657 4360 710 4448; x_wconf 93' lang='lat' dir='ltr'><strong>qui</strong></span> <span class='ocrx_word' id='word_1_391' title='bbox 730 4382 838 4427; x_wconf 89' lang='lat' dir='ltr'><strong>servos</strong></span> <span class='ocrx_word' id='word_1_392' title='bbox 861 4363 1020 4436; x_wconf 89' lang='lat' dir='ltr'><strong>emebant,</strong></span> <span class='ocrx_word' id='word_1_393' title='bbox 1049 4355 1165 4419; x_wconf 86' lang='lat' dir='ltr'><strong>nudare</strong></span> 
     </span>
    </p>
   </div>
   <div class='ocr_carea' id='block_1_3' title="bbox 65 4422 1188 4596">
    <p class='ocr_par' dir='ltr' id='par_1_6' title="bbox 65 4422 1188 4596">
     <span class='ocr_line' id='line_1_48' title="bbox 65 4422 1188 4530; baseline -0.01 -13"><span class='ocrx_word' id='word_1_394' title='bbox 65 4474 96 4517; x_wconf 78' lang='lat' dir='ltr'><strong>ss</strong></span> <span class='ocrx_word' id='word_1_395' title='bbox 108 4461 141 4514; x_wconf 89' lang='lat' dir='ltr'><strong>et</strong></span> <span class='ocrx_word' id='word_1_396' title='bbox 158 4448 334 4529; x_wconf 85' lang='lat' dir='ltr'><strong>diligenter,</strong></span> <span class='ocrx_word' id='word_1_397' title='bbox 355 4459 497 4515; x_wconf 69' lang='lat' dir='ltr'><strong>essentiis</strong></span> <span class='ocrx_word' id='word_1_398' title='bbox 508 4450 614 4515; x_wconf 85' lang='lat' dir='ltr'><strong>omnia</strong></span> <span class='ocrx_word' id='word_1_399' title='bbox 626 4450 768 4513; x_wconf 77' lang='lat' dir='ltr'><strong>rnerohra</strong></span> <span class='ocrx_word' id='word_1_400' title='bbox 779 4448 895 4529; x_wconf 88' lang='lat' dir='ltr'><strong>integra</strong></span> <span class='ocrx_word' id='word_1_401' title='bbox 909 4455 941 4509; x_wconf 89' lang='lat' dir='ltr'><strong>et</strong></span> <span class='ocrx_word' id='word_1_402' title='bbox 953 4440 1073 4523; x_wconf 87' lang='lat' dir='ltr'><strong>valida,</strong></span> <span class='ocrx_word' id='word_1_403' title='bbox 1094 4463 1165 4530; x_wconf 83' lang='lat' dir='ltr'><strong>per·</strong></span> <span class='ocrx_word' id='word_1_404' title='bbox 1184 4422 1188 4435; x_wconf 48' lang='lat'>⁴</span> 
     </span>
     <span class='ocr_line' id='line_1_49' title="bbox 70 4530 977 4596; baseline -0.011 -5"><span class='ocrx_word' id='word_1_405' title='bbox 70 4533 186 4591; x_wconf 78' lang='lat' dir='ltr'><strong>Casuuh</strong></span> <span class='ocrx_word' id='word_1_406' title='bbox 204 4531 301 4587; x_wconf 78' lang='lat' dir='ltr'><strong>cm.</strong></span> <span class='ocrx_word' id='word_1_407' title='bbox 315 4530 431 4588; x_wconf 83' lang='lat' dir='ltr'><strong>adPers.</strong></span> <span class='ocrx_word' id='word_1_408' title='bbox 931 4532 977 4596; x_wconf 71' lang='lat'><strong>22</strong></span> 
     </span>
    </p>
   </div>
   <div class='ocr_carea' id='block_1_4' title="bbox 0 0 1355 4972">
    <p class='ocr_par' dir='ltr' id='par_1_7' title="bbox 0 0 1355 4972">
     <span class='ocr_line' id='line_1_50' title="bbox 0 0 1355 4972; baseline 0 0"><span class='ocrx_word' id='word_1_409' title='bbox 0 0 1355 4972; x_wconf 95' lang='lat' dir='ltr'><strong> </strong></span> 
     </span>
    </p>
   </div>
  </div>
 </body>
</html>
