2700 4972
86 344 153 414 ue
454 300 883 449 conusartaros

15 560 18 567 .
88 517 186 603 inepti
207 527 309 578 autem
328 528 360 577 ct
379 514 499 577 ridiculi
520 528 592 580 sunt
609 514 659 579 isti
682 512 855 578 diobolares
873 517 1033 599 analytae,
1059 516 1115 601 qui
1133 512 1225 581 ditur

90 605 181 683 hujus
200 601 316 666 Satirae
334 601 394 664 isto
415 622 507 665 versu
527 603 673 683 contineri
688 603 897 686 scripserunt?
933 604 1011 664 baec
1033 602 1160 664 illorum
1180 622 1224 666 nn

41 695 145 752 t75est
155 689 284 768 egregia,
304 708 384 772 quae
398 688 474 749 nihil
487 709 543 751 eos
558 688 617 750 nisi
629 688 736 768 nugari
750 687 840 755 docet
851 699 884 749 et
897 688 1087 750 felicioribus
1101 688 1225 769 ingeniis
1257 682 1264 689 ⁸

88 776 242 837 malevole
259 776 434 835 obtrectare.

175 854 338 923 Numera
357 856 499 920 meliore
516 853 670 943 lapillo]
704 853 906 921 Numerare
929 859 982 920 vel
1002 857 1127 938 signare
1150 855 1224 920 albo
1271 858 1273 925 j

89 942 217 1023 lapillo
241 955 293 1007 aut
307 945 438 1023 calculo,
458 944 572 1006 locutio
590 939 820 1026 nuooepeuidng
841 940 881 1004 ad
902 946 1112 1029 cujuscunque
1129 942 1225 1024 gaudii

87 1030 357 1113 significationem:
386 1029 545 1092 notissima
563 1029 689 1091 historia
709 1051 749 1092 ex
772 1026 896 1091 Graecis
917 1029 961 1106 [ut
981 1028 1159 1110 Phylarcho
1179 1050 1224 1115 ep.

88 1116 208 1180 Zenob.
234 1127 310 1177 cent.
331 1114 394 1194 Vl,
419 1115 469 1193 ts]
493 1126 524 1177 et
545 1114 635 1177 Plinii
656 1116 789 1201 septimo
812 1114 850 1191 [c.
866 1113 917 1178 40.
937 1146 982 1160 -
1005 1112 1106 1193 „Dies
1128 1115 1225 1177 felices

69 1205 187 1281 albos,
208 1201 411 1287 inauspicatos
427 1202 621 1286 appellabant
635 1200 754 1280 nigros,
776 1200 877 1262 felicia
899 1199 1005 1261 omnia
1018 1201 1109 1279 albo,
1131 1201 1226 1263 1111111-

89 1300 135 1351 sta
152 1301 183 1350 et
197 1288 339 1350 ominosa
360 1297 424 1348 atro
449 1287 551 1348 colore
572 1287 746 1348 notantes.“
769 1282 841 1357 Pl..
868 1304 1035 1373 umquem
1053 1287 1133 1367 loci,
1154 1287 1226 1351 inte:

88 1392 166 1460 quos
188 1369 318 1435 Illartiil.
335 1369 471 1450 1x‚5s·:
566 1398 570 1405 ⁴
771 1389 774 1397 ·
939 1368 942 1373 ’

8 1488 12 1497 ¹
61 1452 67 1465 ⁴
175 1455 278 1522 Felix
300 1466 445 1543 utraque
468 1455 541 1534 iux,
567 1452 707 1541 diesque
734 1452 831 1519 nobie

176 1539 350 1628 Signandi
379 1539 583 1605 melioribus
605 1530 769 1627 lapillis]
1173 1590 1186 1605 ..

91 1629 297 1712 Symmachus
313 1627 482 1692 duriuscule
499 1629 657 1714 usurpavit
674 1629 753 1691 libro
794 1626 874 1688 rimo
897 1624 1026 1712 epistola
1042 1624 1122 1691 XC:
1142 1624 1219 1717 ligo

92 1714 158 1778 etei
172 1712 349 1801 intelligo,
372 1711 466 1799 quod
484 1712 595 1778 nostri
616 1733 734 1776 aniore
774 1708 920 1788 altaris,
947 1709 1094 1775 titulum
1116 1720 1228 1777 torma
1253 1754 1257 1765 ·

33 1826 35 1833 ·
87 1798 273 1889 praeclari
287 1797 475 1863 testimonii
489 1797 568 1863 albo
589 1796 725 1862 calculo
739 1805 896 1862 veterum
915 1816 1011 1860 more
1026 1796 1059 1860 s‘
1086 1796 1189 1863 nobo.

134 1893 166 1951 2.
188 1882 259 1967 Qui
275 1882 341 1948 tibi
362 1884 517 1949 iubentes
538 1883 685 1971 apponit
707 1881 876 1947 condidus
892 1883 1021 1963 annou]
1073 1896 1105 1948 ta
1122 1886 1232 1949 melius

70 1995 185 2058 Jquam
196 1980 360 2056 opponet:
382 1984 414 2035 et
433 1974 474 2035 ita
488 1974 631 2035 meliores
643 1971 725 2034 libri:
745 1991 873 2055 ponere
891 1981 924 2032 et
938 1989 1117 2054 apponere
1138 1974 1229 2037 verba

91 2071 163 2122 sunt
177 2061 379 2136 calculorum,
401 2070 435 2119 ut
448 2057 531 2143 apud
547 2054 681 2121 Graecos
698 2054 828 2121 enine:
847 2068 877 2119 et
889 2051 1129 2135 προστιθέναι,
1150 2055 1230 2144 quod

92 2143 133 2206 ad
148 2143 355 2230 Theophrasti
369 2143 564 2207 Characteres
580 2144 621 2230 [p.
636 2142 711 2222 347]
724 2144 921 2206 notabamus:
943 2143 985 2203 ita
999 2142 1072 2205 heic
1080 2144 1231 2230 accipien-

93 2228 184 2310 dum3
213 2226 368 2291 labentes
393 2250 502 2291 <trinos
523 2228 599 2290 dixit
618 2230 674 2315 pio
694 2229 804 2315 lapsis3
831 2229 891 2291 nisi
917 2226 956 2289 eo
980 2230 1122 2313 respicit,
1145 2226 1230 2315 ,quod

92 2336 186 2401 saepe
205 2315 366 2378 inchoatus
387 2336 485 2378 annus
505 2336 561 2400 pro
585 2315 725 2378 absoluto
744 2325 935 2392 numeratur,
958 2334 1030 2375 cum
1047 2314 1121 2378 XX
1137 2336 1232 2379 annos

92 2413 200 2464 natum
217 2400 346 2463 dicimus
365 2422 451 2480 eum,
474 2401 526 2485 qui
544 2413 614 2482 agat
629 2400 830 2479 vigesimum
853 2411 884 2461 at
906 2420 977 2461 cum
996 2393 1232 2483 ἄκριβολογοῦῑ

93 2506 173 2569 μεν,
195 2506 336 2549 summae
355 2507 506 2549 annorum
520 2509 584 2548 non
602 2487 786 2572 apponimus
799 2486 858 2547 nisi
871 2506 960 2563 eum,
983 2486 1036 2571 qui
1048 2487 1088 2548 sit
1103 2489 1231 2573 elapsus

93 2570 177 2653 [imo
193 2572 315 2658 proprie
335 2568 488 2634 labentes
506 2573 526 2636 i.
542 2593 568 2634 e.
584 2573 761 2650 continuos,
783 2570 1005 2650 redintegratos
1022 2592 1121 2719 uspue
1136 2592 1233 2635 annos

92 2668 223 2744 praestat
236 2658 363 2742 quisque
378 2660 485 2720 natalis
502 2656 578 2721 dies.
605 2657 656 2719 Sic
670 2655 832 2719 Meistems
844 2652 964 2717 Lente
986 2653 1051 2719 Stu
1079 2680 1120 2743 .p
1138 2662 1183 2722 87
1223 2704 1243 2737 .,

91 2745 145 2829 qui
169 2743 327 2909 nempnem
347 2746 408 2805 hoc
426 2745 536 2807 melius
554 2743 705 2830 explicare
726 2741 812 2804 addit
827 2762 921 2830 quam
941 2741 1083 2806 Persium
1107 2743 1174 2808 Sat.
1222 2790 1232 2822 ,

173 2920 210 2995 ,8.
240 2913 362 2980 Funde
389 2934 523 2978 merum
552 2911 690 2994 Genio]
727 2912 856 2977 Abunde
882 2912 1014 2999 explicat
1037 2912 1232 2995 Censorium,

93 3023 185 3088 quem
200 3005 278 3084 lege.
320 3001 443 3066 Praeter
453 3023 520 3063 rem
537 3000 662 3086 quidam
682 2998 791 3062 eruditi
806 2999 967 3062 Censorini
979 3001 1102 3080 verbis,
1123 3003 1233 3087 quibus

93 3099 186 3170 negat
209 3085 309 3151 Genio
328 3088 462 3150 bostiam
481 3079 658 3149 faciun'dum
683 3085 721 3167 [c.
739 3091 788 3164 21,
822 3087 1037 3173 exceptionem
1059 3087 1235 3167 adjecerunt

95 3173 134 3236 de
147 3195 258 3261 porco:
279 3195 353 3236 nam
366 3175 500 3258 loquitur
513 3172 697 3237 Censorinus
711 3171 750 3233 de
762 3193 889 3234 munere
902 3173 1009 3251 natali,
1031 3170 1119 3257 quod
1133 3173 1234 3235 annali

93 3258 354 3323 dissolvebatur:
383 3281 441 3343 qua
460 3256 586 3344 quidem
605 3257 656 3319 die
679 3278 831 3340 nusquam
851 3259 935 3338 leges
953 3270 1121 3321 mactatam
1140 3260 1234 3323 ullum

94 3345 128 3406 in
149 3347 303 3406 honorem
322 3340 413 3406 Genii
434 3346 600 3407 victimam.
643 3343 763 3405 Horatii
780 3345 884 3405 locum
904 3346 986 3429 male
1003 3344 1235 3431 interpretanbu

94 3429 148 3515 qui
170 3430 242 3491 huic
269 3430 476 3492 observationi
496 3441 602 3514 putant
628 3450 810 3515 repugnare,
840 3429 872 3490 in
895 3431 1024 3515 epistola
1047 3429 1090 3492 ad
1115 3431 1235 3495 Aelium

95 3517 236 3578 Lamiam
257 3516 334 3577 libro
349 3513 396 3577 111
416 3514 490 3592 [Od.
506 3521 556 3593 17,
574 3515 614 3578 14
628 3520 721 3600 sqq-J:
1175 3524 1179 3535 '
1218 3516 1223 3523 '

387 3621 466 3664 cros
490 3595 641 3673 Genium
664 3621 758 3662 mero

188 3682 336 3749 Curubis
359 3695 394 3750 et
417 3708 527 3773 porco
550 3683 709 3749 bimestri

46 3797 96 3855 1⁷6
132 3805 135 3810 ·
227 3770 314 3835 Cum
327 3767 651 3858 famulisloperum
672 3768 817 3839 soluti&

97 3870 196 3919 errant
215 3860 267 3943 qui
282 3881 321 3921 ex
335 3882 390 3938 eo,
414 3859 496 3944 quod
518 3858 609 3923 Genii
623 3860 676 3920 fiat
690 3860 759 3921 heic
772 3857 907 3935 mentio,
931 3855 970 3918 de
982 3855 1077 3918 natali
1091 3855 1144 3920 die
1165 3872 1236 3922 setl-

69 3932 172 4005 ⁸sisse
190 3945 353 4007 Horatium
382 3948 567 4008 existimant:
602 3943 698 4030 quid?
738 3966 776 4006 an
803 3944 893 4024 igitur
913 3963 1072 4029 nunquam
1104 3945 1166 4006 nisi
1188 3944 1235 4007 dic

94 4029 189 4091 natali
207 4027 308 4092 Genio
327 4032 479 4093 faciebant
495 4031 603 4096 sacra?
625 4032 690 4092 imo
703 4053 777 4094 vero
794 4030 913 4114 quoties
929 4029 1054 4090 hilarius
1072 4049 1109 4090 ac
1126 4033 1236 4092 lautius

95 4114 358 4201 se‚excipiebant‚
387 4118 478 4180 toties
502 4116 636 4180 Genium
664 4138 698 4179 se
722 4119 842 4202 placare
872 4125 991 4179 veteres
1018 4119 1235 4199 autumabant:

95 4200 179 4263 unde
192 4202 243 4263 illa
256 4222 366 4282 genera
379 4202 525 4287 loquendi
542 4214 712 4280 manarunt,
733 4220 857 4263 curare
874 4198 1026 4263 Genium
1038 4211 1069 4261 et
1084 4196 1237 4264 Genium

94 4282 315 4370 defraudare
331 4308 366 4349 ac
382 4288 512 4354 similia:
535 4291 596 4352 hoc
608 4288 699 4369 igitur
710 4290 775 4350 vult
784 4287 943 4350 Horatius:
968 4285 1083 4349 debere
1096 4287 1237 4350 Lamiam

95 4384 213 4436 mature
237 4376 343 4451 focum
368 4390 553 4459 componore
575 4388 606 4438 et
633 4384 750 4435 caetera
776 4390 882 4458 parare
906 4371 946 4433 ad
977 4369 1061 4432 diem
1079 4375 1237 4454 genialiter

94 4457 268 4545 urendum:
291 4461 484 4529 curantem?
506 4456 570 4526 tion
582 4482 656 4526 sane
669 4457 753 4545 quod
764 4459 890 4523 Lamiae
903 4458 1011 4521 natalis
1023 4470 1116 4540 esset,
1128 4480 1235 4529 ruunt
