2700 4972
344 299 408 370 sn
429 294 607 367 rnnstr
634 268 856 364 surtrsin
883 289 952 366 nt
1118 329 1121 335 ·
1160 304 1224 370 res

78 473 202 556 dulges
219 485 251 539 et
263 484 329 538 toto
341 494 452 556 genere
465 472 550 537 ritae
565 470 728 551 dissolutus
741 492 790 561 es:
811 473 872 537 hoc
892 478 981 538 erttea
996 473 1132 561 pluribus
1151 472 1225 567 pin-
1292 496 1294 503 ’

77 563 199 625 batum
216 561 286 623 heic
301 558 596 644 breviterrepetitur.
733 634 736 641 μ
769 630 772 635 ,
1020 600 1023 605 ·

177 643 387 731 Larumque
405 642 511 731 capuit
524 663 691 729 compage
707 640 824 733 colata
838 638 976 707 Oscitat
986 636 1275 731 .it.eeter·aurri.]267

77 730 199 813 (luem
217 726 330 801 Graeci
344 726 497 805 ἔκλνιον,
519 729 617 792 Latini
638 727 843 793 dissolutam
874 751 934 791 una
960 735 1223 817 roceappellant,
1318 768 1323 785 x

77 817 216 880 Persius
232 814 379 879 'describit
402 815 538 902 pluribus
556 815 674 878 verbis:
703 817 803 877 solent
823 814 981 899 scriptores
1002 817 1106 879 virtuti
1121 811 1224 883 river

77 905 227 965 tribuere
240 922 276 963 ae
289 904 398 978 robur,
419 901 507 984 quia,
529 911 563 961 ut
576 901 705 963 valentis
718 900 853 962 hominis
870 919 978 985 corpus
995 913 1041 963 est
1055 905 1222 984 robustum,

77 1010 150 1049 non
166 986 299 1050 valentis
310 984 487 1065 languidum
499 997 530 1046 et
540 979 827 1066 ααραλελνμένονι
847 984 906 1065 sic,
929 988 1013 1064 cujus
1027 987 1223 1052 animo'inest

77 1075 205 1150 virtus,
231 1072 259 1134 is
278 1072 381 1132 omnia
395 1071 476 1134 ritae
494 1072 594 1132 officia
612 1071 719 1155 implet
738 1070 842 1151 facile,
865 1081 966 1135 contra
987 1071 1092 1156 quide
1113 1077 1223 1138 roratis

77 1169 159 1220 sunt
169 1157 315 1220 moribus
336 1176 393 1218 nec
414 1168 539 1239 corpore
558 1177 615 1216 nee
636 1156 741 1218 animo
765 1157 868 1219 valent
889 1153 928 1216 ad
948 1095 1224 1244 praestania'quae
1319 1201 1325 1211 -

77 1244 157 1306 usui
172 1253 248 1305 sunt
262 1242 378 1316 officia,
400 1236 528 1305 ἔκλυτοι
549 1244 613 1319 jure
626 1251 774 1304 vocantur
794 1251 824 1302 et
842 1234 1014 1316 dissoluti3
1034 1263 1112 1327 quae
1128 1266 1223 1308 voces

77 1327 122 1391 de
145 1327 424 1413 intemperantibus
442 1327 618 1411 praesertim
634 1337 664 1387 et
683 1324 938 1389 incontinentibus
956 1329 1093 1412 usurpari
1114 1332 1223 1409 solent,

77 1414 160 1499 qnia
175 1413 376 1475 ex'omnibus
386 1412 467 1495 vitiis
480 1412 598 1473 nullum
616 1421 676 1485 est,
698 1409 780 1495 quod
800 1432 907 1511 corpus
928 1432 1023 1497 aeque
1042 1426 1222 1500 corrumpat,

77 1511 115 1561 ut
130 1500 417 1584 voluptatum'trsus
432 1494 632 1558 immodicus:
654 1506 728 1580 puta
741 1494 869 1559 Veneris
886 1506 917 1558 et
931 1498 991 1569 cibi
1008 1510 1157 1584 potusque
1172 1501 1223 1561 ni-

77 1584 221 1647 mietasr
241 1602 334 1667 qnare
350 1581 470 1643 Persius
486 1578 666 1642 dissolutum
681 1580 718 1642 iis
730 1582 812 1642 notis
826 1579 982 1661 describit,
1004 1605 1082 1668 quae
1099 1585 1222 1670 proprie

77 1668 215 1732 homini
226 1667 393 1729 temulento
407 1667 604 1729 conveniant:
626 1660 746 1726 laxam
762 1687 804 1728 ca
830 1674 887 1742 ut3
910 1687 1077 1755 compago
1090 1667 1223 1746 solata,-

78 1751 243 1816 oscitare
259 1749 476 1826 hecteraam3
497 1748 614 1813 malae
626 1747 776 1834 undique
816 1747 963 1826 icmtae3
984 1753 1027 1815 sic
1040 1757 1140 1838 paullo
1152 1768 1223 1841 post

78 1837 177 1901 laxa
192 1833 306 1900 labra.
352 1836 481 1919 Nervis,
502 1836 610 1921 quibus
632 1837 767 1898 maxime
785 1837 952 1902 continetur
968 1839 1136 1901 humanum
1154 1863 1222 1908 cor-

78 1946 148 2011 pus
164 1926 220 2004 et,
236 1934 270 1983 ut
289 1923 419 2006 loquitur
438 1919 558 1984 divinus
575 1920 702 1999 Paulus,
722 1924 790 1984 πᾶν
813 1923 906 2004 σῶμα
929 1926 1221 2004 ονοαρμολομεῑιαι

82 2006 298 2095 (ΕμλιεειΝ.
318 2029 350 2071 r.
370 2003 444 2088 ta),
464 2006 708 2069 inimicissimum
721 2008 902 2077 estvinum:
922 2007 1024 2092 itaque
1036 2013 1223 2077 temulento·

80 2116 161 2158 rum
171 2086 426 2177 οῒολνοφλύγων
437 2093 543 2178 fatales
556 2102 627 2177 sunt
635 2093 738 2155 morbi
749 2114 920 2171 nervorum,
937 2096 1099 2179 paralyses,
1112 2096 1222 2171 arthri-

82 2179 187 2257 tides,
209 2179 269 2240 alii.
309 2176 411 2238 Etiam
421 2176 654 2247 facundissimus
676 2175 912 2258 Chrysostomus
925 2178 957 2240 in
973 2200 1040 2241 earn
1058 2180 1221 2266 adEphe-

83 2266 154 2329 sios
166 2264 304 2326 Humilia
320 2261 394 2325 ΧΠ.
409 2262 487 2324 inter
499 2265 581 2324 mala
593 2263 728 2325 luxuriae
742 2275 879 2325 recenset
893 2263 1057 2344 μαλακίαν
1071 2262 1220 2343 σώματος

85 2362 119 2413 et
133 2346 279 2414 ἔκλυσιν.
299 2349 382 2427 Lege
396 2345 503 2410 Basilii
513 2349 724 2434 pulcerrimum
738 2349 906 2410 Homiliam
919 2344 1001 2413 καιιλ
1014 2349 1219 2430 μεθυόντων.

88 2434 155 2515 [De
169 2432 254 2498 laxo
267 2431 381 2518 capite
401 2436 636 2496 temulentorum
649 2455 680 2497 r.
693 2433 749 2509 Pl,
769 2434 906 2519 inprimis
920 2438 1022 2497 locum
1039 2437 1219 2518 ePhiloue.]

136 2529 140 2533 ’
165 2516 356 2607 ‚Compage
370 2516 509 2600 solata]
531 2517 698 2603 Epicrates,
720 2517 760 2581 de
773 2519 867 2581 Laide
878 2522 979 2583 r'etula
996 2523 1139 2607 loquens:
1160 2519 1220 2598 erig
1282 2539 1284 2544 '

89 2599 257 2690 cipparius
270 2626 304 2669 τι
318 2605 454 2689 διαχαλᾷ
466 2605 528 2667 τοῦ
543 2599 703 2686 σώματος.
727 2605 785 2690 [ap.
799 2605 908 2667 Athen.
927 2602 1024 2685 Xlttg«
1034 2602 1064 2691 p.
1078 2608 1151 2676 570.
1163 2607 1218 2691 D‚]

178 2691 230 2756 59.
255 2685 621 2770 Oscitatltesteraum.]
643 2688 938 2774 Exhalatcrapulam
950 2703 1101 2771 veterem,
1122 2705 1156 2754 ut
1170 2696 1229 2756 lo-'

88 2777 193 2864 quitur
209 2775 327 2838 Seneca
345 2775 391 2852 [et
415 2773 521 2838 Cicero
558 2776 605 2836 lus
626 2774 755 2854 semell.
797 2774 901 2840 Plato:
924 2779 1088 2862 κραιπαλᾷ
1104 2772 1140 2841 ἐκ
1155 2779 1272 2858 triciti

78 2859 300 2945 ,zooeeaaiagg
343 2797 712 2925 Observantiraecnrum
725 2860 817 2921 critici
831 2861 1014 2946 crapulam
1026 2862 1146 2963 proprie
1162 2859 1222 2926 dici

90 2947 304 3011 temulentiam
324 2946 520 3022 matutinam,
551 2966 620 3005 cum
637 2966 765 3030 vespere
787 2947 937 3030 coquitur,
959 2946 1128 3032 pridianam
1146 2951 1221 3012 iero

90 3034 157 3096 sive
170 3033 347 3121 basternam
360 3027 570 3097 olooaooiarr
592 3026 648 3092 sed
663 3032 742 3093 hanc
755 3031 856 3113 legem
869 3033 1027 3119 scriptores
1044 3034 1151 3121 optimi
1165 3056 1222 3097 ue-

110 3119 131 3180 li
196 3129 219 3180 t·

91 3139 111 3199 g
132 3139 233 3267 g'miili-
252 3200 320 3267 Est
338 3198 486 3289 aliquid,
507 3188 575 3286 ¹quo
591 3197 701 3263 tendis
716 3209 749 3271 et
762 3197 798 3263 ia
813 3196 903 3288 quod
918 3197 1045 3289 dirigis
1059 3200 1219 3287 circumi]

90 3285 176 3350 Boni
192 3287 332 3351 'doctoris
356 3307 468 3350 munus·
491 3299 622 3372 praestat
641 3287 692 3349 hic
713 3286 851 3350 Stoicus:
873 3285 1061 3373 discipulum
1081 3290 1220 3369 ignaviae

90 3375 228 3460 primum
262 3375 414 3437 accusavit
435 3384 465 3433 et
486 3373 669 3452 objurgavit,
705 3394 785 3433 nunc
809 3372 931 3435 sontem'
951 3376 1055 3458 culpae
1073 3376 1169 3460 aperit
1191 3387 1221 3438 et

82 3464 195 3544 'aptam
206 3461 315 3521 morbo
329 3460 401 3521 facit
413 3455 605 3522 medicinam.
634 3456 800 3521 Decretum
817 3469 918 3520 autern
934 3459 991 3520 fuit
1006 3481 1075 3521 curn
1087 3461 1288 3547 aliorumm)

89 3544 345 3630 philosophorum
358 3554 423 3605 tum
437 3543 586 3628 imprimis
598 3541 785 3622 Stoicorum,
805 3542 940 3606 radicem
951 3546 1088 3606 omnium
1103 3546 1222 3617 ot'licio-

90 3650 159 3691 rum
174 3630 255 3692 vitae
275 3631 366 3690 totius
386 3650 452 3691 esse
466 3628 534 3689 finis
555 3629 773 3708 coguitionem,
800 3640 834 3691 ut
850 3632 912 3707 jam
930 3631 1051 3714 saepius
1071 3629 1220 3710 diximus3

91 3715 311 3776 contrariorum
326 3734 400 3778 vero
423 3711 531 3775 eadem
545 3712 596 3775 'est
615 3715 708 3778 ratio:
738 3715 861 3798 itaque,¹
882 3725 918 3775 ut
938 3709 1179 3795 κατορθώματα
1201 3738 1219 3778 a

89 3800 197 3862 notitia
211 3800 280 3861 finis
293 3799 488 3885 proveniunt,
510 3798 553 3860 sie
584 3798 686 3860 ¹eccata
698 3801 736 3862 ab
750 3799 887 3878 ejusdem
898 3800 1086 3874 ignoratione
1099 3813 1151 3862 aut
1164 3823 1219 3887 pa-

89 3906 160 3947 rum
175 3885 263 3946 firrna
285 3884 504 3947 constitutione.
556 3821 673 3945 iencca
692 3885 819 3969 epistola
841 3884 968 3946 LXXI:
996 3881 1079 3946 Ideo
1092 3907 1219 3967 pecca-

91 3989 185 4048 mus,
209 3966 291 4054 qaia
310 3965 525 4054 departibor
543 3966 634 4030 vitae
654 3989 770 4029 omaes
792 3966 1024 4032 deliberamus
1034 4017 1044 4046 ,
1077 3969 1119 4032 de
1145 3980 1219 4034 tota

91 4075 210 4118 nemo:
234 4076 371 4117 caussam
390 4077 441 4116 cur
451 4076 611 4140 peccemus
627 4054 757 4132 assignat
777 4055 997 4132 ignorationem
1015 4059 1114 4118 ultimi
1133 4059 1219 4121 finis:

90 4141 178 4204 idem
190 4162 272 4202 nunc
288 4151 318 4201 et
330 4139 450 4202 Persius
465 4139 572 4202 docet:
594 4161 666 4205 narn
679 4141 719 4199 ita
739 4139 911 4224 accipienda
928 4144 993 4219 ejus
1007 4142 1219 4222 interrogatio:

91 4224 167 4310 quid
181 4227 310 4301 inicum,
332 4226 358 4287 si
373 4223 518 4307 dissolute
530 4225 635 4288 rivis?
658 4222 740 4309 quod
756 4237 826 4287 ante
849 4227 951 4287 omnia
971 4226 1145 4288 iaciendum
1162 4227 1220 4288 tibi

90 4315 205 4390 fuerat,
225 4322 259 4372 ut
278 4309 452 4372 desummo
466 4312 549 4373 bono
564 4308 740 4372 decerneres
756 4321 786 4370 et
797 4312 892 4372 finem
905 4323 1019 4374 certum
1037 4313 1091 4374 tibi
1104 4332 1218 4397 propo·
1320 4342 1327 4351 -

92 4416 206 4477 neres,
228 4394 269 4458 de
285 4416 324 4459 eo
337 4395 482 4458 ,necdum
504 4395 652 4474 ,cogitasti⁸¹
692 4391 799 4457 Graeci
820 4397 1007 4485 philosophi¹
1019 4398 1112 4460 finem
1131 4396 1217 4458 ittum
