2700 4972
162 370 225 435 ιιι
296 380 299 385 ·
545 327 952 439 conmonuemus

110 546 162 605 ms
169 553 305 605 extremo
319 542 420 629 operis
432 554 535 605 contra
549 524 690 608 Gelsmnr'
711 544 773 607 rori
792 538 1050 627 ἐνινμχοίνοντός
1064 539 1134 609 ἐστι
1150 546 1200 651 'cpi
1217 542 1285 611 ἐκεῖ·

40 658 43 669 ·
159 649 224 692 νον
245 622 480 711 ’συγγράμματι
506 625 562 692 καῖ
586 621 636 704 οἷς
663 624 756 711 ἡμεῖς
775 623 851 705 κατ’
877 625 985 694 αὐτοῦ
1012 624 1285 714 improperemus,

158 713 286 794 κρίναι,
309 708 452 794 ὁπότερα
471 716 597 796 μᾶλλον
618 719 695 779 πνεῖ
713 716 774 779 τοῦ
789 710 955 797 ἀληθινοῦ
974 718 1089 780 θεοῦι’
1108 717 1193 803 quod
1215 719 1284 781 aliter
1309 788 1331 801 Ι,

158 798 370 886 accipieudmu
385 821 477 884 quam
497 801 579 887 apud
600 799 789 882 Dionysium
813 803 927 880 Halio,
958 823 1029 863 cum
1050 798 1285 889 Xenophontem

158 887 200 947 ait
210 888 305 949 πνεῖν
325 887 392 949 sive
415 881 568 967 ἐμπνεῖν,
589 887 650 947 hoc
671 897 717 948 est
736 886 776 947 ad
792 888 1002 950 sublimiorem
1023 889 1128 951 stilum
1143 891 1285 974 paululum

62 976 65 996 ¹
116 1016 118 1021 ,
158 971 318 1035 accedere:
345 964 409 1055 αᾷν
422 967 514 1050 ποτε,
538 973 635 1055 inquit
655 968 752 1058 [epist.
766 971 804 1033 ad
819 972 927 1057 Pomp.
943 995 973 1058 p.
991 978 1061 1051 131,
1086 976 1158 1052 10],
1184 974 1285 1055 διεγεῖ-

159 1055 412 1140 ραιβουίηθείῃ
426 1052 486 1138 τὴν
501 1054 642 1138 φράσιν,
665 1050 779 1138 ὀλίγον
795 1053 994 1138 ἐμπνεύσας,
1017 1053 1128 1138 ὥσπερ
1144 1055 1286 1140 ἀπόγειος
1328 1090 1329 1097 ¹

159 1136 263 1225 αὔρα,
285 1136 407 1224 ταχέως
420 1140 623 1225 σβέννυταιο
636 1142 692 1206 sed
709 1142 794 1228 quod
812 1145 880 1205 heic
898 1146 994 1206 verbo
1011 1140 1136 1250 afflari
1147 1145 1287 1226 significa-
1307 1180 1331 1189 ··

119 1286 122 1295 ,
150 1241 220 1308 tur,
241 1228 275 1291 id
294 1225 404 1291 Graeci
417 1231 518 1291 solent
533 1229 701 1314 exprimere
715 1250 793 1291 voce
810 1234 1202 1312 προσαναχρωνννοθαι,
1241 1252 1286 1293 ua-

156 1316 183 1378 si
204 1317 339 1376 colorem
355 1315 487 1399 aliquem
507 1313 666 1375 induceret
684 1314 805 1376 assidua
827 1326 858 1377 et
877 1326 991 1377 attenta
1009 1317 1117 1379 lectio:
1132 1329 1178 1379 'ut
1190 1255 1287 1379 iuqu.

33 1445 37 1483 ·.
70 1426 72 1437 ·
98 1438 107 1449 ι
156 1398 429 1485 Symposiacorum
443 1399 594 1461 Plutarchi
609 1401 718 1484 [probl.
735 1399 765 1462 5.
787 1422 817 1484 p.
835 1399 909 1466 740.
927 1398 997 1482 Ε.]·
1020 1398 1077 1464 καί
1096 1398 1185 1480 πρὸς
1198 1404 1288 1467 τοῦτο

155 1485 282 1564 παίζειν
302 1481 385 1566 [τὸν]
413 1479 579 1548 Πλάτωνα
606 1487 646 1569 νῇ
662 1479 824 1577 Ὁμηρικῇ
852 1485 969 1570 νεανία
992 1482 1289 1572 προσαναχρωννύ-

128 1616 134 1627 .
180 1590 266 1635 evov.
395 1616 398 1629 .
1042 1608 1044 1613 v

85 1721 88 1738 ,
155 1593 178 1655 μ
236 1642 312 1724 124.
335 1655 474 1719 Iratum
500 1652 741 1740 Eupolidem]
777 1654 995 1737 cogitandum,
1029 1679 1082 1721 cur
1110 1648 1315 1744 Eupolidem·

68 1802 71 1812 ,
123 1746 126 1751 '
155 1756 247 1808 vocet
261 1740 408 1821 iratum,
432 1765 524 1827 quem
540 1754 686 1806 testantur
702 1754 822 1805 veteres
842 1743 934 1805 critici
948 1743 1158 1807 remissiorem
1175 1755 1208 1807 et
1225 1742 1290 1821 Gra·

154 1829 220 1892 tino
240 1830 335 1891 fuisse
357 1840 388 1891 et
406 1828 622 1915 Aristophane:
643 1829 719 1906 jocis
741 1829 824 1889 enim
844 1849 880 1890 ac
901 1830 1015 1892 salibus
1032 1828 1289 1915 abundasse,'rpn'

155 1937 219 1977 uon
234 1916 420 1977 conveniunt
435 1915 534 1993 iratis,
556 1911 611 1999 sed
626 1915 760 1976 s'cribunt
776 1915 827 1975 alii
846 1915 949 1978 aliter:
973 1914 1108 1998 primum
1118 1914 1290 2003 Aristophr.

153 2022 228 2062 nem
241 1998 410 2063 modestiae
419 1999 533 2083 aliquid
548 2011 582 2083 et
589 2000 741 2079 gravitatis
753 1999 848 2062 veteri
859 1999 1040 2062 comoediae
1047 2001 1196 2078 attulisse,
1208 2020 1290 2087 quom
1315 2066 1318 2073 ,

155 2086 249 2147 antei
269 2088 341 2147 'sum
356 2096 386 2147 et
399 2084 536 2148 Cratinus
551 2095 582 2147 et
594 2082 723 2169 Eupolis
738 2086 930 2147 contumeliis
943 2085 975 2145 in
990 2107 1099 2148 ornnes
1111 2085 1290 2172 implessent,

153 2167 417 2252 πιαροτεμονααὶ
430 2163 676 2251 αίσχρότιρονῆ
692 2166 766 2232 ἔδει.
795 2168 861 2248 [Sic
875 2166 1140 2251 Ἀριστοφάνους
1156 2168 1245 2255 βίος,
1262 2170 1290 2233 in

155 2255 343 2319 edAcharn.
360 2254 456 2319 Dind.
468 2278 500 2341 p.
517 2255 594 2334 XV,
609 2254 671 2333 19.]
696 2255 743 2316 An
759 2253 890 2318 iratum
908 2253 984 2318 dixit
996 2279 1051 2341 pro
1069 2257 1148 2320 tristi
1159 2277 1197 2320 ae
1211 2277 1290 2321 seve-

94 2335 97 2341 ’
153 2342 211 2406 ro?
236 2340 320 2426 quod
340 2343 510 2428 epithetum
530 2360 694 2404 commune
713 2351 759 2404 est
779 2342 936 2420 omnium,
965 2343 1017 2426 qui
1036 2342 1111 2406 vitia
1134 2344 1290 2429 reprehen-

154 2426 254 2492 dunt?
296 2447 336 2488 an
358 2426 397 2490 ad
422 2426 609 2512 peculiarem
633 2427 765 2510 aliquam
786 2426 867 2490 illius
888 2429 1027 2489 fabulam
1051 2426 1195 2513 respicit,
1216 2430 1316 2507 clim.

153 2512 350 2598 scriptionem
367 2513 533 2658 sumpserit
546 2513 662 2575 iratus?
686 2509 873 2597 [Cornponit
892 2524 1033 2591 cum'eo,
1055 2512 1139 2598 quod
1159 2516 1199 2577 ab
1216 2514 1289 2577 Ano-

153 2619 241 2678 nym.
257 2594 299 2658 de
314 2617 430 2659 comae
482 2596 611 2674 dictum,
633 2619 705 2658 eum
719 2594 807 2660 πολν
827 2618 863 2676 γε
883 2597 1002 2661 luido
1015 2620 1093 2677 ρον
1111 2595 1170 2663 καὶ
1184 2592 1289 2665 eunde

49 2695 52 2701 ’
153 2679 345 2763 ἐμφαίνειν,
366 2683 500 2746 Meinek.
524 2685 542 2746 l.
566 2686 585 2745 l.
608 2706 637 2768 p.
664 2688 716 2747 39.
765 2682 814 2745 De
829 2683 982 2769 Eupolide
995 2696 1116 2770 praeter
1133 2706 1263 2770 paucas

152 2768 236 2832 Pass.
259 2768 291 2832 ν.
311 2768 446 2832 Meinek.
465 2791 495 2853 p.
515 2768 670 2846 35-59,
694 2769 791 2831 Lucas
812 2772 832 2834 l.
855 2771 891 2848 l.;
913 2772 1081 2850 fragmenta
1102 2771 1226 2852 collegit
1241 2705 1289 2833 ath

103 2875 105 2879 ’
150 2856 254 2931 juncto
277 2852 491 2918 Pherecrote
509 2853 552 2916 M,
574 2852 711 2931 Runkel,
734 2855 817 2938 Lips.
843 2855 946 2932 rste]

209 2990 212 2997 ,
243 2936 468 3027 Praegromdi
482 2959 560 3000 cum
574 2939 678 3019 reme]
697 2939 899 3025 Aristophane
916 2939 1035 3025 [utpote
1048 2961 1098 3026 ap.
1111 2941 1219 3006 Horat.
1233 2941 1288 3005 so

151 3023 177 3104 l,
200 3023 229 3102 4,
255 3032 282 3104 1,
309 3047 402 3111 quem
423 3026 543 3089 Persius
563 3023 647 3086 haud
669 3024 761 3089 dubie
783 3026 933 3112 respexit,
956 3046 1025 3086 cum
1043 3024 1170 3107 Cratino
1185 3040 1216 3090 et
1231 3026 1287 3091 Eu·

150 3109 255 3195 polide
269 3114 447 3190 conjuncto,
469 3112 546 3174 sicut
559 3132 607 3196 ap.
621 3111 731 3190 Vellej.
753 3108 778 3190 I,
805 3117 842 3174 16
865 3122 895 3173 et
915 3108 1060 3189 Quinctil.
1073 3109 1118 3190 X,
1139 3120 1167 3192 1,
1181 3111 1209 3196 ξ.
1225 3112 1289 3195 65];

151 3217 244 3281 quem
257 3217 364 3259 senem
378 3209 469 3261 vocat
483 3199 524 3259 ob
541 3195 689 3258 monendi
711 3195 947 3282 increpandique
966 3207 1083 3281 partes,
1107 3219 1184 3282 quas
1204 3198 1288 3263 susti·

151 3293 203 3343 net
215 3281 247 3342 in
260 3284 372 3345 tabum
394 3281 462 3362 [sed
476 3305 541 3344 non
554 3282 698 3344 convenit
712 3285 772 3344 hoc
790 3304 860 3343 curn
875 3283 969 3368 ipsius
988 3284 1163 3345 fabularum
1168 3283 1289 3363 indole3

151 3362 282 3445 Pose.];
304 3369 347 3429 sic
363 3387 476 3428 senem
487 3369 631 3430 Horatius
644 3379 736 3429 vocat
750 3369 916 3446 Lucilium,
939 3389 1003 3429 non
1017 3379 1141 3452 propter
1155 3381 1289 3448 aetatem,

151 3449 207 3514 sed
219 3463 342 3537 propter
350 3453 528 3533 gravitatem
541 3455 719 3532 argumenti,
735 3454 767 3514 in
782 3476 842 3538 quo
851 3475 885 3516 se
897 3453 1047 3516 exercuit:
1062 3474 1137 3517 nam
1145 3455 1289 3519 Lucilium

101 3546 152 3600 159
161 3558 275 3598 annum
291 3539 397 3600 aetatis
413 3535 523 3600 XLVI
541 3560 603 3598 non
620 3540 787 3601 excessisse
804 3541 888 3603 testis
911 3537 1063 3601 Eusebius
1079 3540 1113 3603 'in
1133 3539 1290 3605 Chronico.

152 3622 375 3702 [imomulturn
397 3625 542 3701 excessit,
565 3620 793 3687 demonstrante
811 3623 939 3706 Beryllo,
962 3645 992 3688 v.
1010 3622 1176 3690 Heindorf.
1185 3626 1237 3691 ad
1250 3629 1291 3689 lo·

151 3728 221 3769 cum
234 3708 320 3784 Hom,
344 3707 406 3771 Sat
418 3707 460 3786 Il,
484 3718 508 3787 l,
527 3710 577 3786 sl,
600 3710 652 3794 qui
666 3722 780 3770 senem
797 3711 841 3773 ibi
861 3710 983 3796 propria
1002 3710 1228 3789 significatione
1247 3728 1293 3777 ar-

152 3792 236 3878 cipit,
261 3804 291 3854 et
314 3793 358 3856 Pl.
383 3795 599 3880 Aristophanes
620 3816 695 3857 vero
716 3793 758 3857 ad
778 3795 1040 3882 septuagesimum
1062 3817 1180 3860 annum
1201 3817 1292 3885 prope

150 3880 222 3941 satis
239 3881 372 3957 accessit,
394 3891 428 3941 ut
438 3892 519 3942 recte
534 3883 598 3959 jam
614 3900 717 3943 senex
730 3886 913 3967 appelletur;
933 3878 1174 3966 praegrandis
1185 3896 1292 3962 autem,

58 3985 63 3997 ²
150 3964 221 4047 quia
237 3968 335 4042 major
350 3976 478 4051 utroque
495 3969 630 4029 aemule.
673 3966 755 4030 Pass.
778 3990 806 4053 p·
825 3970 887 4035 355
909 3962 1093 4030 Lucilium
1107 3989 1232 4054 quoque
1246 3971 1291 4033 in-

149 4048 244 4128 telligi
280 4071 349 4112 osse
363 4051 472 4137 putat]
512 4083 514 4086 >

236 4071 384 4214 thilen]
406 4135 585 4217 Eleganter:
606 4134 736 4198 iratum
752 4135 966 4220 Eupolidem
974 4136 1095 4224 palles
1106 4161 1165 4225 pro
1179 4136 1293 4204 studio-

149 4240 184 4282 se
200 4218 279 4282 adeo
294 4243 407 4300 versas,
421 4235 455 4284 ut
469 4225 617 4308 pallorem
631 4223 704 4284 inde
718 4225 877 4285 contrahas
894 4224 1001 4304 [recte2
1020 4214 1202 4305 utcirdere,
1216 4223 1292 4289 tror-

148 4320 224 4366 rere
241 4304 411 4390 aliquem3
434 4309 551 4394 optime
569 4306 609 4370 de
632 4309 693 4369 hoc
713 4309 809 4370 verbo
834 4310 895 4389 egit
912 4309 996 4373 Pass.
1009 4332 1038 4396 p.
1056 4310 1119 4375 356
1141 4310 1222 4396 eq.];
1246 4312 1293 4375 vel

149 4389 192 4450 sie
202 4393 330 4477 accipe:
353 4393 551 4458 invehentem
570 4391 713 4456 acerrime
727 4405 829 4455 contra
844 4395 1003 4480 improbos
1017 4397 1100 4460 cives
1118 4408 1150 4458 et
1165 4398 1291 4461 vitiosos

149 4474 224 4555 legis
239 4471 397 4560 ἐμπαθῶς
416 4491 446 4542 et
462 4480 607 4559 afficeris,
636 4479 722 4563 quasi
742 4492 933 4565 praesentem
955 4492 1046 4567 teque
1069 4483 1175 4567 ipsum
1194 4484 1291 4547 incre-
