2700 4972
116 334 167 388 ω
276 262 563 423 ratsrlrro
592 315 775 417 rtrmct
802 298 1094 391 orsluuour.

117 499 195 563 mihi
206 499 339 578 fingam,
362 491 413 576 qui
427 508 585 592 nunquam
595 490 758 575 quiequam
770 492 930 591 perfecerit
944 506 996 556 aut
1012 488 1157 577 ediderit,
1176 520 1257 561 nun-

11 576 14 581 ’
117 606 210 670 quarn
222 606 274 646 me
286 583 442 661 ingentem
454 576 541 639 utum
557 597 659 637 rerum
678 587 709 638 et
722 587 917 639 matenarum
931 593 1124 666 apparatum,
1154 585 1256 648 omnis

118 672 225 735 aetatis
243 681 273 731 et
293 660 508 765 professionis,
535 656 675 738 Graecis,
705 660 830 725 Latinis·
843 673 876 726 et
895 663 1072 744 Hebraicis,
1097 669 1196 731 immo
1225 682 1257 732 et

118 757 252 821 Arabicis
266 776 305 816 ex
319 746 530 834 scriptoribus,
552 757 599 808 tot
620 745 814 832 Excerpta,
845 758 910 811 tom
928 763 1066 814 accurata
1091 752 1255 834 diligentia,

35 886 39 897 .
75 884 77 889 .
117 855 202 906 tanto
222 838 353 921 judicio,
379 832 544 919 inspicere,
577 833 651 916 quin
677 844 809 894 aetatem
828 835 906 896 ultra
922 847 1039 920 putem.
1089 837 1255 925 speramus

21 984 26 999 „
117 950 176 992 nos
191 922 353 1010 aliquando
367 920 490 982 daturos
500 920 670 1002 perfectum
686 918 866 998 catalogum
884 941 1009 1001 eorum,
1040 944 1119 1007 quae
1137 927 1256 1010 promi.

117 1025 215 1078 serat:
238 1029 368 1097 quorum
386 1004 525 1068 omnium
538 1005 698 1065 materiam
711 1012 781 1065 cum
794 1015 931 1089 paratam
944 1008 1072 1071 haberet
1083 1008 1256 1074 inAdver-

43 1154 51 1169 ,
118 1097 237 1175 soriis,
260 1096 413 1158 deforma
430 1087 603 1150 inducenda
624 1088 717 1170 (adeo
740 1090 818 1150 haec
836 1090 881 1161 illi
899 1093 1028 1155 minima
1043 1117 1112 1180 pars
1124 1093 1255 1180 laboris)

117 1207 182 1249 non
196 1195 265 1247 ante
280 1183 458 1267 plerumque
476 1174 641 1253 cogitabat,
668 1194 759 1258 quam
776 1196 845 1235 curn
858 1173 1085 1267 Typographus
1098 1182 1254 1268 inciperet.

43 1326 45 1331 ,
75 1320 79 1330 ,
117 1272 198 1335 Hinc
220 1270 310 1350 igitur
328 1284 400 1329 vere
423 1263 567 1346 pleraque
588 1261 641 1321 illa
664 1255 899 1341 παροράματα,
936 1284 1014 1348 quae
1032 1287 1099 1337 non
1120 1289 1198 1330 unus
1221 1269 1253 1329 in

12 1416 14 1423 ,
116 1357 234 1442 scriptis
258 1357 323 1433 ejus
347 1344 535 1411 observavit:
573 1364 650 1429 quae
673 1367 738 1405 non
758 1346 818 1406 alio
839 1349 982 1434 pleraque
1004 1352 1074 1413 loco
1100 1352 1254 1433 habenda,
1311 1362 1313 1367 “

117 1465 208 1528 quam
224 1462 294 1503 cum
304 1440 337 1500 in
351 1425 671 1526 Exercitationibus
689 1431 800 1492 alicubi
815 1428 910 1496 πέντε
927 1437 1017 1499 vertit
1034 1445 1200 1521 quatuor,
1223 1451 1255 1501 et

115 1530 165 1593 his
176 1528 249 1613 ipsis
268 1514 557 1601 Commentarius,
580 1513 678 1600 (quod
695 1537 754 1578 nos
765 1527 910 1602 tanquam
926 1533 1057 1583 erratum
1070 1526 1254 1609 typographi

19 1608 23 1619 ¹
116 1612 388 1681 emendavimuszl
412 1604 528 1667 δοῦλοι
549 1599 668 1677 stulti,
696 1623 751 1687 pro
775 1603 876 1665 servi.
921 1603 1034 1683 Qualia
1053 1609 1087 1669 in
1107 1609 1254 1673 Cicerone

89 1695 91 1698 ¹
114 1713 261 1764 notavere
276 1696 333 1761 viri
351 1689 536 1765 doctissimi,
558 1698 589 1748 et
601 1688 634 1748 in
646 1688 806 1749 Aristotele
818 1699 884 1749 tum
899 1690 965 1769 alii,
986 1703 1052 1754 tum
1063 1714 1173 1779 parens
1187 1696 1253 1780 ipse

90 1814 97 1835 ⁸
114 1789 147 1850 in
159 1777 387 1850 Adversarius
406 1776 469 1839 suis
488 1794 585 1834 manu
608 1772 725 1859 scriptis
742 1771 826 1835 haud
844 1788 957 1859 paucae
986 1799 1064 1862 quae
1086 1801 1156 1842 cum
1176 1782 1253 1861 legi-

42 1876 45 1881 '
113 1895 200 1953 mus,
221 1869 294 1933 alibi
308 1875 445 1928 mentem
457 1858 602 1922 habuis'se
614 1880 684 1920 curn
698 1859 756 1920 ista
767 1859 932 1922 scriberent
944 1874 975 1924 et
986 1864 1114 1926 nimiam
1126 1867 1254 1928 festina-

113 1961 232 2022 tionem
252 1951 352 2029 lraudi
370 1949 443 2034 ipsis
466 1944 562 2007 fuisse
585 1955 666 2007 recte
688 1942 833 2026 dicimus3
869 1967 909 2009 ex
927 1946 1078 2032 imperitia
1098 1971 1251 2035 peccasse,

79 2088 82 2097 ·
114 2046 167 2131 qui
178 2046 254 2106 tales
267 2062 302 2102 ac
319 2047 420 2099 tantos
433 2033 467 2093 in
479 2031 545 2092 aliis
559 2051 593 2103 se
608 2028 814 2113 praebuerint,
842 2052 936 2094 nemo
951 2034 1010 2096 nisi
1026 2035 1078 2118 qui
1091 2038 1182 2121 plane
1197 2035 1251 2099 de-

114 2129 268 2217 puduerit,
290 2121 363 2186 inde
381 2113 549 2182 concludat.
594 2111 658 2176 Sed
678 2135 736 2176 nos
757 2116 837 2176 haec
854 2116 941 2196 alibi,
973 2119 1000 2182 si
1013 2118 1100 2183 Deus
1124 2121 1250 2203 dederit,

114 2218 221 2280 fusius.
264 2210 314 2274 Tu
327 2205 447 2271 interim
461 2204 557 2265 lector
570 2202 656 2279 vale,
678 2212 709 2262 et
723 2200 801 2262 haec
816 2203 904 2287 aequi
916 2206 1051 2291 bonique
1065 2211 1199 2271 consule.

582 2464 786 2477 -a--o-—n—i-—n

136 2760 231 2838 Loci
260 2760 505 2832 Graecorum
529 2750 788 2850 scriptorum,
815 2749 856 2822 in
884 2750 1029 2850 quibus
1055 2748 1221 2835 haerere

372 2974 377 3001 1
406 2914 480 2965 nos
509 2888 692 2985 diximus,
725 2888 769 2963 hi
794 2900 887 2961 sunt
898 2893 948 2985 t).
976 2936 978 2940 v

182 3090 207 3154 ’)
227 3086 312 3154 [Quat
327 3082 369 3136 bic
386 3081 501 3136 Meritus
519 3079 582 3136 Cos.
599 3075 733 3147 subjunxit
759 3077 971 3141 observationes,
1003 3093 1065 3133 sune
1091 3096 1141 3133 non
1161 3080 1247 3148 magui

111 3157 264 3221 faciendas,
290 3153 343 3207 suis
361 3153 426 3221 locis
442 3151 611 3215 inseruimus,
629 3166 662 3203 ue
678 3146 743 3217 quid
759 3146 852 3201 deesse
869 3142 993 3217 dicatur]
