2700 4972
331 292 838 406 ,toronen-sarman
859 340 884 404 1.
1117 346 1182 410 no

71 510 199 581 scurius
211 508 374 591 janitorem
393 509 571 575 birrientern
587 523 678 599 atque
690 510 853 576 innabnos
863 510 1087 593 reiioientem.“
1128 512 1180 580 Do

71 598 339 747 {Rmpmtmanps
350 596 513 763 pustodiae
526 618 617 661 censa
630 596 672 663 ad
693 598 777 662 ostia·
791 597 1005 665 Romenorurn
1024 601 1133 687 positis
1146 624 1179 669 r.

71 705 83 747 r
186 704 245 746 ass.
262 694 293 745 et
328 684 348 745 l.
521 724 524 729 -
570 691 575 699 ’
927 690 941 723 ³·
1091 712 1094 717 ·

121 772 196 837 1'10.
218 769 293 840 Per
308 786 362 829 me
386 762 548 853 equidem
566 767 635 831 siet
650 764 770 831 omerio
782 766 943 856 protinus
964 765 1079 850 alirn]
1107 770 1179 835 Non

70 852 169 917 scedit
180 853 302 917 Persius
317 854 489 915 aiamiliari
500 854 558 915 sibi
570 854 668 915 ironia
684 854 788 940 [quarn
798 856 851 916 hic
871 855 974 917 fundit
987 876 1110 921 summe
1128 858 1180 920 in-

70 934 213 1021 gnatio];'
233 938 273 1001 de
292 960 352 1025 qna
372 940 512 1025 superius
536 937 687 1005 diximus:
706 937 813 1018 'aton
836 938 940 1004 idest
958 934 977 1017 'e
997 942 1179 1027 probatione

79 1023 260 1088 laudatione
275 1024 376 1105 digna.
396 1062 399 1069 ,
422 1022 582 1111 [Exempla¹
602 1046 651 1113 ap.
673 1023 799 1111 Rupert.
827 1024 866 1088 ed
889 1024 944 1092 Sil.
966 962 1004 1089 ii.
1025 1024 1103 1108 XV,
1126 1020 1176 1093 53.

70 1109 152 1190 oen]
197 1108 434 1173 Saresberiensis
447 1111 525 1172 libro
542 1107 633 1173 vm:
656 1106 785 1173 Omnia
801 1109 979 1199 neojorurn'
991 1108 1084 1197 ‘alba
1096 1122 1178 1195 eunt

74 1192 238 1259 'decorat
258 1190 351 1259 nibil
362 1194 398 1258 in
414 1192 463 1258 eis
482 1202 549 1273 est,
572 1192 666 1283 quod
682 1193 807 1259 eonion
824 1196 958 1261 morsui
972 1198 1178 1283 pateat-ont

69 1286 201 1361 unani,
231 1277 465 1345 assertrices
489 1276 556 1358 eit,
578 1278 755 1368 posticam
771 1292 968 1347 mereatur.-
994 1284 1100 1367 omnis
1118 1284 1178 1349 iste
1267 1336 1271 1343 .

69 1368 206 1432 :Penio
270 1376 275 1383 '
727 1376 731 1381 '

120 1458 195 1521 111.
218 1446 288 1517 Nil
301 1450 442 1532 morou]
466 1451 603 1517 Omnem
619 1455 682 1533 jem
696 1475 782 1541 pono
798 1476 902 1519 curem
914 1453 1054 1542 publicos
1072 1468 1176 1521 mores

69 1536 183 1629 rpendi
197 1544 234 1600 ac
237 1538 375 1666 proinde
388 1538 504 1601 Satires
526 1539 713 1603 scribendae.
1118 1590 1122 1623 3
1139 1588 1155 1621 .z

94 1632 98 1637 '
116 1620 242 1713 Euge.
276 1642 409 1701 omnes,
439 1644 556 1686 omnes
579 1624 684 1706 [leget
706 1623 832 1713 Euge!
862 1636 980 1689 omnes
997 1626 1123 1691 etenim
1141 1636 1175 1694 c.

69 1706 137 1773 ›dd
154 1730 258 1797 paene
272 1711 388 1774 omnib.
402 1721 432 1772 et
451 1708 521 1773 edd.
544 1722 616 1773 ente
634 1710 730 1787 rim]
751 1708 834 1773 bene
856 1708 967 1777 mirae
980 1712 1081 1776 eritis
1096 1712 1175 1795 rea]

68 1794 117 1859 leo
134 1797 273 1860 censoris
285 1796 402 1859 tristem
418 1817 583 1881 personam
604 1796 690 1876 exui,
708 1807 744 1857 ut
759 1806 863 1859 contra
876 1796 1002 1860 laudare
1015 1821 1055 1862 ex
1074 1810 1174 1900 aequb

68 1902 160 1959 anes,
181 1884 264 1945 bene
282 1893 334 1944 eut
352 1903 439 1945 secus
461 1883 558 1945 vitam
574 1880 780 1961 instituentes,
810 1882 869 1945 sim
890 1895 1021 1969 paratus.
1064 1882 1175 1949 Obrter

68 1966 169 2030 tendit
182 1966 293 2053 poeta,
314 1967 422 2052 qulbus
437 1968 550 2030 artibus
571 1968 717 2031 tenuioris
737 1967 828 2030 sortis
849 1969 992 2031 hom'ines
1063 1972 1227 2037 cerumtl9

68 2054 200 2115 ricitiem
214 2052 273 2116 sibi
286 2054 479 2115 conciliarent
490 2073 525 2113 ac
535 2064 704 2116 servarent:
720 2054 923 2116 assentatione
936 1990 1087 2134 videiicit,
1104 2076 1175 2119 cum

68 2140 137 2201 mia
156 2139 280 2200 illorum
297 2137 375 2200 dieta
392 2141 531 2223 factaque
542 2136 700 2200 laudarent
715 2159 751 2199 ac
758 2140 861 2201 mirari
877 2160 912 2202 se
926 2138 1068 2203 dicerent.
1097 2140 1175 2205 Por-

75 2225 132 2287 hic
144 2244 252 2287 versus
264 2225 418 2302 insuavis,
440 2222 533 2286 durus
554 2244 590 2285 ac
625 2226 696 2286 lane
707 2222 850 2287 ridiculus
865 2236 930 2289 est:
951 2246 1025 2288 nam
1045 2226 1174 2311 quisita

67 2312 180 2397 priter,
203 2320 238 2371 ut
251 2308 291 2371 de
306 2310 359 2389 iis,
382 2330 458 2395 quos
472 2311 539 2372 vult
554 2246 695 2388 laudere,
717 2308 811 2370 dicat:
832 2324 891 2372 voe
907 2308 989 2372 setis
1005 2307 1086 2373 berre
1104 2309 1175 2373 mi-

67 2412 97 2457 ·e'
112 2412 192 2469 rest
215 2393 326 2457 deinde
339 2397 569 2476 monosyllaba,
596 2415 674 2480 quae
690 2414 815 2459 versum
832 2394 970 2474 claudit,·¹
981 2400 1107 2459 omnem
1128 2396 1174 2460 illi
1278 2408 1284 2415 '

67 2480 270 2545 neinnitatem
284 2479 399 2544 adimit.
444 2477 528 2558 Quid
540 2480 653 2560 igitur?
675 2500 715 2542 en
728 2478 873 2544 ridiculus
886 2479 1008 2545 Persius
1021 2483 1089 2546 talis
1103 2504 1175 2548 rer-

67 2588 82 2633 s
98 2567 230 2632 auctor?
251 2566 379 2629 minime
396 2566 583 2667 vero:‚quin
599 2587 638 2629 eo
654 2569 771 2646 majore
785 2565 894 2647 dignus
908 2566 1014 2653 leude,
1035 2589 1098 2653 quo
1116 2567 1175 2631 dn-

66 2674 110 2717 ›ra
124 2654 205 2714 lraec
219 2658 400 2737 sunt'atque
412 2651 657 2716 inconnnniora:
688 2650 727 2713 de
752 2650 898 2715 industria
920 2653 1005 2715 enim
1026 2674 1174 2741 persaepe
1255 2674 1258 2681 ·

66 2738 200 2801 dirarum
214 2737 384 2824 scriptores
401 2738 433 2798 in
453 2737 534 2803 vitiis
554 2736 751 2819 objurgandis
770 2738 953 2818 elegantiam
968 2739 1122 2819 refugiunt
1142 2749 1175 2802 et

66 2852 70 2884 ι
83 2844 118 2887 re
130 2821 258 2885 ridicule
271 2844 351 2909 pene
363 2821 507 2887 ridiculos
520 2844 626 2886 versus
641 2825 790 2887 scribunt:
812 2845 876 2885 non
891 2825 1038 2908 quianon
1054 2824 1174 2910 possint

66 2912 193 2987 eliores,
208 2906 275 2971 'sed
294 2921 326 2970 ut
339 2911 400 2971 hoc
413 2909 500 2993 quasi
514 2919 670 2973 contemtu
682 2930 756 2971 suae
768 2908 999 2985 existimationis
1014 2930 1053 2973 ex
1068 2910 1173 2974 animo

78 2996 213 3061 scribere
228 2996 359 3079 probent
374 3006 405 3057 et
417 2995 470 3079 qui
482 2993 758 3079 reprehenduntur,
779 3005 945 3074 agnoscant
955 2994 1032 3057 nihil
1048 3016 1085 3058 ea
1098 2995 1174 3058 scri-

65 3079 263 3167 ione‚quaeri
280 3091 400 3166 praeter
411 3080 550 3165 ipsorum
566 3078 825 3142 emendationem.
868 3079 998 3142 Horatio
1020 3081 1077 3142 fuit
1095 3082 1173 3144 haec

65 3188 137 3243 ens,
158 3186 230 3228 cum
243 3163 407 3239 Satirarum
420 3164 533 3252 poetae
551 3164 595 3229 sic
611 3165 797 3251 praeciperet
808 3164 841 3226 in
863 3164 984 3227 decima
996 3164 1065 3228 libri
1082 3165 1174 3252 primi

111 3254 343 3405 iiiermone
366 3356 451 3422 opos
473 3345 523 3400 est
546 3332 646 3398 oredo
669 3332 779 3413 tristi,
803 3354 908 3420 saepe
923 3331 1056 3418 jocoso,

115 3418 341 3507 Defendente
364 3421 474 3484 vicem
496 3420 597 3486 modo
620 3420 767 3487 rhetoris
787 3431 891 3507 atque
908 3419 1044 3506 poetae,

115 3504 300 3573 interdum
322 3505 646 3593 urbanipo1·centie
667 3504 801 3573 viribus
822 3511 926 3594 atque
983 3496 990 3515 ’

114 3591 350 3659 Extenuantis
372 3614 432 3657 eos
453 3592 620 3657 consulto.

64 3679 128 3744 nod
150 3680 217 3744 aliis
234 3680 404 3766 praecepit,
431 3681 498 3765 ipse
524 3681 558 3743 in
583 3700 622 3743 eo
642 3690 821 3761 argumento
841 3675 997 3740 tracbmdo
1019 3678 1173 3745 serrarits

65 3770 93 3831 is
105 3769 235 3853 inquam
249 3767 364 3830 viribus
378 3768 515 3850 pepercit
529 3788 642 3852 easque
659 3768 797 3829 consulto
815 3763 1007 3841 extenuavit,
1029 3774 1063 3825 ut
1077 3776 1177 3827 nemo¹

64 3854 121 3916 cile
136 3853 267 3934 lyricum
287 3852 450 3913 Horatium
468 3851 500 3914 in
522 3850 627 3915 Satiris
649 3861 809 3932 agnoscat:
841 3870 912 3910 cum
931 3849 1022 3929 igitur
1041 3849 1173 3914 Horatio

66 3961 86 4004 o
109 3939 182 4002 heic
203 3937 426 4022 obtemperarit
446 3936 585 4016 Persius,
606 3949 673 3999 tum
697 3937 789 3998 etiam
812 3934 986 4081 Chrysippo
1006 3934 1081 3997 item
1104 3957 1174 4014 suo,

63 4024 83 4088 ri
99 4025 133 4087 in
147 4024 249 4111 primo
261 4022 300 4085 de
311 4022 461 4085 rhetorica
475 4021 586 4085 diserte
595 4024 712 4108 scripsit
725 4023 895 4108 sapientem
932 4020 1073 4084 evirttrte
1086 4022 1224 4089 scri-150

63 4121 156 4174 entem
177 4129 241 4171 non
254 4109 322 4171 illas
335 4111 437 4171 solum
457 4108 591 4170 minutas
610 4110 766 4170 rhetorum
786 4106 1065 4193 praeceptiunculas
1086 4107 1172 4171 insu·

63 4220 84 4260 u·
93 4196 286 4272 habitorum,
308 4194 418 4279 quibus
434 4192 605 4258 cavendum
620 4193 808 4279 praecipiunt
820 4192 976 4254 vocalium
989 4213 1173 4255 concursum

70 4283 98 4347 si
110 4290 273 4368 quaesunt
286 4279 406 4359 similia,
419 4277 476 4341 sed
488 4290 518 4342 et
531 4277 810 4363 majorequaedsm
824 4276 882 4339 elie
896 4277 930 4339 in
945 4277 1082 4341 oratione
1096 4298 1175 4363 pee-

63 4379 184 4447 mrum,
206 4365 407 4428 soloecismos
428 4364 521 4427 etiam
537 4364 691 4428 interdum
710 4363 929 4434 admissurum,
948 4383 1080 4509 pontum
1092 4363 1172 4426 alios

62 4452 169 4520 rderet.
213 4447 377 4539 Chrysippi
390 4452 485 4515 verba
500 4462 570 4515 sunt
579 4451 658 4515 beec
669 4449 753 4539 apud
761 4449 913 4517 Plutarch.
936 4445 948 4525 ί
969 4445 1173 4513 eStoicnrurn
1196 4510 1200 4515 .
