2700 4972
79 368 82 373 -
109 325 171 387 ltttt
466 315 873 387 COMMENTARIUS
954 346 958 351 ·

109 1029 614 1125 sarlnnu
706 980 1257 1121 nrt-urran-

39 1324 219 1469 (lnguas
237 1357 351 1423 Satires
373 1355 413 1420 de
438 1354 546 1419 auidiis
564 1354 637 1419 fecit
654 1354 790 1436 Persius,
815 1356 950 1443 primam
971 1350 1012 1419 et.¹
1022 1312 1160 1436 tertiana¹
1185 1352 1231 1419 rel

108 1470 172 1511 non
186 1458 291 1507 tamen
304 1455 482 1524 argumento
496 1441 624 1505 eodem:
645 1463 719 1503 nam
732 1444 784 1504 illa
805 1442 840 1503 in
852 1442 936 1507 viros
954 1439 1102 1517 τελείους
1116 1442 1232 1511 invehe-
1254 1460 1258 1469 ·

108 1537 213 1609 hana,
243 1531 298 1616 qui
316 1530 436 1615 politica
458 1540 510 1590 aut
534 1527 664 1589 oratoria
682 1529 824 1591 facultate
840 1528 894 1592 vel
913 1528 1008 1591 male.
1017 1538 1174 1589 uterentur
1191 1528 1233 1593 ttl

75 1645 81 1663 ·
108 1620 141 1681 in
153 1620 272 1679 malum
289 1616 401 1695 linem3
427 1616 502 1676 haec
523 1616 714 1692 juventutem
732 1614 910 1698 alloquium,
931 1632 1011 1698 quae
1027 1610 1132 1676 studia
1146 1612 1234 1677 litm-

107 1726 177 1767 nun
199 1714 288 1788 atque
306 1699 457 1785 imprimis
474 1699 689 1785 philosophiae
710 1700 898 1778 negligenter
917 1700 1066 1761 tractabat
1084 1708 1138 1761 aut
1154 1696 1235 1773 etim'

81 1788 86 1797 “
108 1787 275 1852 contemtui
291 1787 441 1865 habebat3
462 1785 496 1845 in
517 1785 569 1845 illa
589 1804 692 1847 acrem
711 1805 871 1847 censorem
891 1786 1001 1863 agebat
1020 1782 1161 1864 Persius,
1178 1783 1235 1847 bric

107 1877 210 1961 paullo
225 1870 488 1937 vehementiorem
500 1879 738 1954 praeceptorem·
778 1866 883 1950 Stoici,
902 1870 1048 1954 inquam,
1069 1867 1236 1955 philesophi

108 1980 272 2047 personam
300 1956 428 2021 sustinet
454 1954 546 2041 poe'ta
560 1955 603 2027 xiu
631 1955 695 2015 hoc
720 1954 980 2039 praestantissimo
1007 1955 1165 2019 carmines
1194 1954 1237 2041 «pri

108 2042 412 2125 juvenes-Romanos
430 2041 588 2103 nobilitate
608 2050 699 2124 atque
720 2040 831 2124 opibus
852 2041 998 2103 florentes
1026 2060 1091 2127 qua
1110 2042 1239 2121 objurgat

110 2133 340 2217 qua²hortotur,
367 2128 585 2211 confirmatque
604 2125 637 2185 in
654 2136 797 2211 suscepto
817 2125 1034 2272 philosophiae
1052 2124 1175 2191 absalio:
1204 2122 1237 2189 etl

110 2220 188 2281 haec
208 2218 293 2279 enim
316 2213 379 2275 duo
407 2213 505 2297 capita
526 2211 631 2272 reterri
659 2211 799 2273 universa
826 2210 919 2275 debet
961 2211 1046 2273 atita.
1094 2210 1237 2298 Principio
1276 2242 1280 2285 1

112 2302 142 2381 [1
153 2303 229 2381 —9]
243 2299 405 2365 mollitiem
418 2316 526 2361 eorum
544 2297 641 2376 arguit
659 2308 690 2357 et
711 2294 875 2374 desidiam,
898 2296 982 2381 quod
998 2318 1065 2359 non
1078 2298 1141 2361 nisi
1158 2316 1238 2377 sepe
1275 2288 1280 2355 Ῐ

112 2400 142 2451 et
158 2390 219 2449 alto
231 2389 295 2466 jam
307 2387 374 2447 sole
390 2405 408 2446 e
422 2383 520 2446 stratis
534 2392 692 2461 surgerent
703 2402 739 2442 ac
755 2380 794 2444 de
808 2383 893 2445 libris
911 2382 1237 2469 cogitare·inciperent3

57 2470 232 2539 tradente
244 2467 407 2550 [to-24]
425 2469 507 2553 quod
526 2468 678 2529 illibenter
698 2488 734 2528 ac
751 2468 883 2548 segniter
900 2469 933 2529 in
960 2466 1071 2531 studiis
1090 2490 1239 2535 venam-
1264 2500 1280 2547 ·,

31 2616 34 2623 .
109 2570 173 2635 tur,
202 2577 310 2620 eorum
331 2546 594 2635 ἄποπροθυμίαν
617 2551 742 2632 castigat
764 2564 795 2615 et
815 2554 923 2616 inanes
942 2564 1119 2639 praetextus
1136 2553 1238 2629 buda,
1277 2554 1280 2599 ῗ

110 2644 219 2729 quibus
237 2643 282 2703 uti
291 2642 388 2703 moris
400 2649 465 2703 erat
478 2636 629 2724 plerisque
643 2637 849 2701 studiosorum
861 2640 1039 2716 in'scholis,
1059 2660 1103 2703 ne
1115 2660 1239 2727 pensum

64 2784 68 2791 .
110 2731 271 2815 implerent
288 2748 389 2789 suum.
433 2724 475 2787 Ac
495 2724 657 2809 quoniam,
681 2725 807 2809 quoq'
844 2746 884 2787 ue
901 2728 1052 2803 juvenum
1071 2736 1138 2789 erat
1157 2725 1240 2789 nobi·

110 2817 169 2878 lior
182 2826 234 2877 aut
247 2812 413 2891 majoribus
431 2810 592 2872 innutritus
613 2809 740 2895 opibus,
764 2832 803 2872 eo
845 2810 852 2823 ”
889 2811 975 2873 cilius
994 2808 1035 2873 ad
1047 2806 1239 2875 Graecanicas

111 2898 285 2985 disciplinas
299 2898 437 2960 animum
449 2897 630 2982 appellebat,
650 2893 724 2956 ideo
740 2917 811 2957 cum
823 2896 889 2959 istis
906 2894 1073 2982 praecipue
1083 2897 1148 2977 agit
1157 2896 1240 2982 po'e‘ta

66 3048 70 3055 ,
111 2985 434 3073 [ἓό-43.]ιιίιιιεῑῐὸ
452 2982 522 3043 illos
541 2991 593 3041 aut
614 2979 728 3043 divitiis
745 2993 797 3043 aut
816 2982 929 3060 gloriae
948 2984 1104 3060 majorum
1122 2984 1241 3069 suornm

109 3072 303 3148 incumbere,
335 3070 363 3131 si
389 3069 504 3129 interea
532 3087 620 3127 more
645 3064 783 3139 discincti
800 3078 903 3129 nattae
931 3068 1091 3141 virerent,
1118 3069 1181 3131 hoc
1201 3076 1240 3131 e'rt

110 3157 250 3221 vilissimi
271 3157 415 3239 cujusque
438 3174 477 3215 ex
492 3152 556 3213 ima
571 3153 679 3236 plebe:
701 3152 774 3236 quin
791 3153 904 3213 horum
924 3151 1137 3217 conditionem
1157 3157 1240 3235 longe

110 3244 270 3303 meliorem
288 3262 372 3317 esse,
402 3236 486 3325 quod
501 3238 617 3300 liberali
632 3237 819 3299 institutione
839 3237 973 3300 destituti
986 3238 1033 3301 sic
1053 3239 1087 3301 in
1107 3238 1240 3303 sordibus

108 3328 254 3389 vitiorum
267 3328 481 3401 volutarentur,
496 3335 529 3384 ut
542 3323 724 3384 infelicitatis
732 3344 805 3385 suae
815 3326 933 3385 nullum
946 3326 1240 3403 haberenteensum3

109 3414 178 3474 illos
191 3433 265 3473 vero
280 3408 321 3472 ad
334 3431 446 3488 magna
454 3420 544 3475 natos
552 3420 581 3468 et
592 3408 744 3470 institutos
753 3410 882 3471 honeste
890 3431 959 3470 cura
972 3420 1138 3495 parentum
1150 3409 1240 3479 acdi-

112 3498 232 3577 ligentia
243 3497 514 3583 philosophorum,
536 3494 645 3578 quibus
658 3506 760 3557 essem
772 3494 888 3573 traditi,
909 3496 969 3557 nisi
982 3496 1041 3556 hac
1057 3506 1160 3559 aetate
1177 3518 1240 3583 pro-

111 3584 249 3659 ficerent,
277 3603 378 3644 seram
405 3578 625 3665 poenitentiam
653 3600 724 3641 cum
749 3601 862 3659 magno
890 3581 986 3643 animi
1008 3580 1152 3658 jetuciatu
1172 3582 1240 3645 olim

111 3681 236 3730 acturos.
260 3665 342 3746 Ouia
353 3678 457 3728 autem
469 3662 773 3729 multiRornanorum
784 3687 945 3750 procerum
958 3670 1056 3744 fuere,
1069 3668 1124 3753 qui
1135 3666 1239 3731 liberet

111 3776 263 3816 euoenon
279 3763 415 3814 curarent
434 3749 650 3836 philosophiae
670 3751 837 3837 praeceptis
857 3751 1061 3815 imbuendos:
1083 3755 1240 3821 nehorum

78 3860 81 3865 ·
112 3842 286 3925 exemplum
302 3837 456 3923 discipulis
473 3836 535 3898 suis
548 3847 681 3912 noceret,
701 3836 726 3897 it
738 3836 863 3899 obviam
879 3835 1000 3900 Stoicus
1014 3837 1065 3899 bic
1083 3836 1240 3917 [44-65]

49 3998 52 4007 Ι
112 3936 143 3986 et
156 3926 225 3987 illos
238 3922 363 4009 quidem
379 3927 505 4002 juvenes
522 3921 749 3984 excusationem
763 3923 873 3984 mereri
884 3925 940 4001 ait,
964 3923 991 3985 si
1005 3923 1238 4011 philosophiam,

111 4012 196 4089 cujus
221 4011 338 4071 nullum
365 4019 488 4088 gustum
507 4005 693 4091 accepissent
713 4029 864 4092 unquam,
891 4008 1137 4089 floccifacerent;
1161 4011 1239 4096 ipsos

110 4117 185 4159 vero
202 4095 289 4156 omni
302 4093 522 4178 vituperatione
539 4091 733 4171 dignissimos
745 4096 829 4171 fore,
850 4094 876 4156 si
888 4105 960 4179 post
972 4095 1110 4174 agnitam
1125 4097 1238 4182 sapien-

110 4182 171 4244 tiae
187 4181 400 4266 praestantiam
412 4199 520 4258 segnes
533 4178 564 4238 in
584 4179 648 4256 ejus
668 4177 769 4240 studio
786 4191 876 4264 atquc
887 4201 992 4242 amore
1008 4201 1043 4242 se
1056 4183 1243 4266 praeberent·

110 4267 189 4329 Heic
201 4267 291 4346 igitur
302 4264 342 4326 ad
363 4262 548 4348 capessenda
566 4263 780 4348 philosophiae
798 4264 898 4326 studia
920 4286 1031 4345 magna
1050 4268 1238 4329 contentione

111 4374 165 4415 eos
178 4355 328 4428 hortatur,
351 4348 461 4411 divinis
476 4351 568 4434 plane
589 4349 726 4411 versibus
741 4348 909 4431 [eo-76]
932 4353 1027 4413 totius
1049 4354 1175 4416 moralis
1187 4351 1237 4413 do-

58 4439 231 4503 229ctrinae
247 4457 401 4503 summam
417 4435 637 4521 complectens,
659 4445 692 4495 ut
709 4436 814 4498 velex
833 4436 937 4522 paucis
955 4437 1015 4499 illis
1034 4439 1139 4502 verbis
1155 4436 1235 4502 disci-

52 4576 59 4583 '
111 4574 116 4591 Ι

39 4590 117 4668 2¹
