2700 4972
380 286 465 415 ¹ro
485 344 657 455 craso
682 347 900 419 sarman
919 349 947 419 1.
1073 358 1075 365 ·
1198 356 1260 423 aa,

104 515 166 582 sihi
184 528 311 605 putenta
344 516 415 585 Odi
434 515 631 607 profanum
657 519 782 608 vulgus
807 532 842 587 at
867 545 978 608 orceo.
1014 522 1125 604 [Leges
1151 546 1242 606 argu-

104 615 247 669 mentum
257 605 379 686 aPass.‚
399 607 517 692 pulchri
529 607 563 669 in
579 619 685 671 nostro
697 620 791 694 poeta
808 621 979 694 spectatore
999 622 1032 673 et
1049 609 1151 689 judice
1171 611 1243 674 uni-

104 712 153 771 co,
172 691 353 755 felicissima
364 692 561 777 'expositum,
589 714 622 778 p.
640 695 844 775 189-204]

193 784 222 841 1.
247 774 279 839 0
299 799 400 846 coroa
417 775 614 841 hominum!
632 801 652 840 0
674 789 840 866 quantam
857 787 908 843 eat
927 779 965 844 io
986 775 1083 845 rebus
1103 778 1240 861 tranet]
1283 809 1285 814 s

104 860 322 925 Pronuntiatur
340 863 393 925 lric
411 884 519 927 versus
540 863 686 943 aPersi0,
708 886 778 927 cum
800 864 919 929 defixus
938 866 971 927 in
986 860 1243 953 contemplatione
1258 866 1265 881 '

89 962 208 1010 'renim
228 947 344 1009 mundi¹
358 949 450 1028 hujus
477 960 508 1011 et
535 971 643 1011 eorum
673 951 813 1013 omnium
834 954 1082 1038 quaermoaales
1114 953 1242 1032 agimus,

103 1033 172 1096 illas
193 1026 322 1097 vanitati
341 1034 502 1113 obnoxias,
522 1036 599 1097 haec
620 1037 795 1120 plusquam
808 1057 968 1101 ranaesse
988 1035 1244 1117 animadvertens,

104 1116 240 1182 Satiram
260 1120 392 1182 ansere
408 1120 545 1184 instituit.
587 1121 684 1206 Atque
705 1123 766 1183 hoc
785 1144 877 1186 versu
896 1122 999 1189 unico'
1010 1125 1039 1185 le
1061 1145 1112 1185 em
1130 1145 1245 1210 prooe-

103 1204 241 1267 miorum
255 1205 384 1267 mirifice
396 1205 536 1290 implevit
549 1205 660 1290 poe'ta3
681 1219 712 1269 et
721 1218 836 1270 attento
850 1219 882 1271 et
898 1207 990 1270 docili
1000 1230 1039 1270 au
1064 1210 1138 1271 'tora
1154 1210 1243 1285 facto,

104 1311 229 1359 summa
250 1290 344 1353 etiam
370 1292 527 1377 proposita
557 1293 697 1354 omnium
725 1314 804 1380 quae
832 1293 977 1380 deinceps
1006 1306 1070 1357 erat
1096 1293 1242 1374 dicturus,
1341 1328 1343 1332 v

104 1386 197 1461 atque
219 1374 301 1439 adeo
324 1377 479 1457 omnium,
507 1379 637 1461 quaein
662 1380 723 1440 hoc
744 1400 855 1458 genere
878 1379 938 1441 dici
958 1378 978 1442 a
997 1400 1151 1465 quoquam
1171 1392 1242 1466 pot·
1258 1387 1293 1444 35
1334 1382 1337 1389 ’

105 1473 199 1525 nant.
244 1460 385 1525 Omnino
407 1462 549 1527 carminis
576 1458 686 1526 satirici
708 1458 745 1527 τό
768 1457 990 1547 ὑποκείμενον
1018 1460 1114 1547 γένος
1135 1478 1166 1530 et
1187 1464 1243 1528 ad-

103 1558 234 1633 aequata
254 1547 391 1627 materia,
413 1559 593 1627 atrocem,
620 1550 669 1612 his
690 1551 792 1623 verbis
817 1553 1001 1632 continetur3
1029 1552 1137 1615 similis
1159 1550 1244 1637 apud

103 1631 290 1698 Iuvenalem
315 1636 402 1699 locus
420 1630 587 1696 Satirarmn
611 1635 716 1699 initio:
763 1636 767 1643 '

193 1715 291 1867 guid
342 1716 374 1781 ‘d
387 1729 499 1818 agunt
511 1718 680 1797 lcomioes,
702 1728 829 1798 oetam,
851 1720 964 1796 timor,
985 1720 1053 1791 iro,
1074 1719 1242 1807 voluptas,

229 1826 274 1867 αα
303 1803 353 1883 io,
377 1802 565 1882 discursus,
587 1803 699 1870 nostri
717 1816 764 1868 est
768 1804 929 1895 farrago
944 1804 1059 1873 libelli.
1075 1876 1079 1887 1
1238 1805 1294 1878 (48)

104 1886 143 1953 Et
155 1887 260 1954 Satira
280 1889 402 1952 decima
419 1890 496 1953 item
517 1891 596 1954 alius
617 1890 657 1968 [v.
681 1893 751 1971 511:

86 1981 94 1989 '
186 1970 340 2045 Ridebat
352 1998 469 2054 coras,
492 1997 554 2039 occ
566 1998 638 2039 noo
658 1984 688 2041 et
701 1975 843 2062 gaudio
861 1974 970 2064 vulgi,

132 2088 135 2093 ·
189 2059 398 2141 [Interdum]
425 2071 456 2126 et
474 2060 667 2147 lacrymam
1198 2128 1200 2137 ,

104 2144 159 2221 sed
178 2149 275 2228 longe
298 2148 431 2209 exactius
459 2169 495 2209 ac
515 2148 696 2211 luculentius
721 2152 840 2212 noster:
871 2146 924 2233 qui
951 2146 1164 2234 philosophica
1188 2147 1243 2211 tri-

103 2232 232 2297 butione
253 2254 328 2296 usus
347 2233 426 2295 nihil
446 2233 608 2318 quicquam
631 2234 735 2296 omisit
764 2256 889 2312 eorum,
906 2255 996 2319 ¹quaa
1017 2235 1171 2296 satiricum
1192 2255 1244 2296 ca-

105 2320 254 2381 chinnum
281 2330 411 2405 possunt
429 2324 568 2383 mov‘ere.
612 2318 672 2382 Per
697 2341 797 2383 coroa
821 2319 997 2382 hominum
1031 2321 1172 2399 intelligit
1200 2314 1242 2383 τολ
1344 2370 1347 2377 .

104 2398 315 2487 κοπτόμενα
337 2416 368 2467 et
388 2406 525 2467 actiones
545 2426 581 2466 ac
593 2404 693 2468 studia
715 2418 822 2468 cuncta
841 2406 1033 2485 mortalium
1055 2426 1171 2469 rerum
1186 2426 1243 2491 ap-

103 2490 302 2577 pellationem
322 2493 403 2553 refer
423 2490 464 2552 ad
488 2485 529 2553 τολ
550 2486 647 2569 ὄντα,
667 2491 752 2576 quod
773 2513 869 2572 genus
891 2502 938 2554 est
958 2489 1114 2554 diversum
1135 2502 1166 2553 et
1186 2485 1243 2555 ἄα-

104 2573 342 2661 τισιῃρημέοον
365 2569 430 2641 ἀπὸ
443 2577 522 2641 ’τῶν
542 2573 795 2659 τραττομέοωνι
822 2599 871 2640 res
893 2576 961 2639 dico
991 2576 1060 2647 non'
1077 2580 1115 2639 ab
1137 2576 1244 2639 homi-

103 2663 194 2725 nibus
215 2665 322 2742 saetas,
344 2660 401 2725 sed
422 2684 440 2725 a
461 2673 568 2725 natura
590 2674 715 2726 creatas:
740 2662 996 2742 cujusmodisunt
1011 2684 1163 2742 gemmae,
1186 2684 1243 2724 au·
1291 2704 1293 2709 -

104 2770 181 2828 rum,
202 2759 364 2828 argentum
386 2758 417 2809 et
436 2748 547 2812 similia
568 2748 617 2812 his
639 2749 715 2828 alia,
743 2749 777 2811 in
798 2750 910 2836 quibus
929 2759 1053 2833 stupent
1072 2750 1244 2835 plerormn-

104 2856 162 2919 que
183 2834 298 2898 animi:
333 2835 410 2897 haec
432 2835 490 2897 etsi
511 2835 596 2896 aliter
622 2856 715 2919 quarn
741 2835 899 2899 homines
914 2844 946 2897 et
961 2836 1046 2915 ¹facta
1070 2833 1243 2912 hominum,

104 2930 207 2983 lunen
236 2931 267 2982 et
295 2920 363 3006 ipsa
384 2931 475 3005 atque
496 2919 575 2981 adeo
596 2922 739 2985 universa
760 2920 865 2995 κτίσις
885 2921 927 3003 τῇ
951 2916 1144 3001 ματαιότητι
1165 2911 1243 2982 ὑπε-

104 3000 184 3089 τάγη
206 3003 316 3083 (Rom.
340 3009 372 3084 8,
393 3007 470 3087 20.),
490 3017 525 3067 ut
544 3007 636 3069 literis
658 3028 780 3090 quoque
801 3007 892 3069 sacris
915 3004 1077 3067 erudimur.
1121 3003 1245 3070 Scilicet

105 3113 197 3153 omne
218 3092 282 3153 hoc
299 3102 331 3153 at
350 3092 487 3177 partibus
508 3092 571 3154 suis
586 3091 722 3175 quotidie
744 3092 897 3176 corrumpi
917 3102 948 3153 et
961 3102 1061 3151 toturn
1078 3087 1242 3174 aliquando

94 3178 296 3241 'interiturum
318 3174 417 3252 Stoici
436 3175 640 3239 crediderunt:
670 3177 728 3239 etsi
754 3172 883 3258 κόσμου
906 3169 1045 3256 φθορὰν
1071 3177 1155 3238 varia
1187 3196 1243 3246 ex-

102 3264 277 3348 ponebant3
298 3260 383 3346 quod
402 3284 484 3324 nunc
505 3262 635 3326 missum
655 3262 798 3325 facimus:
821 3282 922 3357 neque
942 3261 1027 3323 enim
1040 3258 1079 3323 ad
1093 3282 1160 3321 rem
1172 3282 1243 3345 per-

103 3350 187 3412 tinet·
241 3346 324 3412 Nam
352 3347 436 3433 quod
464 3349 534 3409 heic
562 3370 616 3412 res
646 3347 787 3410 dicuntur
814 3347 952 3422 inanes,
980 3368 1018 3408 eo
1046 3347 1243 3432 potissimum

102 3445 235 3521 spectat,
256 3433 328 3519 quia
348 3434 493 3497 homines
510 3436 578 3496 illas
600 3445 752 3496 sectantur
770 3434 833 3495 fine
853 3434 938 3496 inani
959 3428 1016 3497 ιιαλ
1037 3426 1080 3495 οὐ
1101 3433 1241 3513 χρηστῷ,

102 3533 133 3584 ut
146 3520 282 3607 explicat
296 3517 387 3582 docta
400 3517 639 3603 chrysostomus
654 3521 792 3583 Homilia
806 3518 882 3582 XII.
903 3521 937 3581 in
950 3540 1020 3581 eam
1032 3516 1242 3663 adEphesios.
1286 3563 1290 3577 ,

101 3605 171 3669 Non
192 3607 295 3691 probo
317 3616 351 3667 ut
370 3606 448 3668 haec
464 3605 526 3667 duo
540 3608 681 3669 membra
700 3602 737 3670 ἐκ
757 3599 971 3687 παραλλήλου
994 3602 1033 3665 de
1055 3625 1094 3664 eo
1118 3624 1168 3663 ern
1190 3622 1243 3664 ac-

103 3693 252 3779 cipiantur
274 3702 305 3753 at
335 3713 437 3753 rerum
459 3713 580 3776 quoque
606 3693 734 3755 nomine
755 3693 891 3754 actiones
919 3691 1134 3768 intelligantur:
1165 3708 1240 3772 quas
1258 3695 1294 3751 ³6

102 3779 215 3841 sumus
243 3777 476 3862 aphilosophis
504 3778 597 3840 etiarn
624 3772 739 3852 οὐσίας
767 3776 927 3862 appellari,
958 3787 990 3836 ut
1010 3776 1043 3835 in
1068 3773 1240 3837 Theaeteto
1294 3830 1297 3837 .

102 3862 239 3927 Platonis
261 3862 313 3943 [an
333 3885 365 3948 p.
390 3866 451 3926 186
471 3860 580 3942 B??]:
602 3863 660 3926 sed
678 3875 759 3926 recta
781 3875 827 3925 est
844 3874 875 3924 et
895 3883 967 3926 vera
991 3861 1074 3945 prior
1094 3860 1244 3943 interpre-
1323 3898 1326 3903 -

102 3951 184 4014 tatio.
229 3949 391 4011 Habemus
411 3948 503 4028 igitur
523 3970 582 4033 qua
602 3949 641 4011 de
661 3970 695 4012 re
717 3950 757 4012 sit
778 3947 927 4011 dicturus:
947 3968 995 4009 res
1016 3943 1188 4007 mundanas
1211 3954 1242 4006 et

104 4057 188 4099 curas
216 4035 400 4114 hominum3
428 4045 459 4095 et
484 4034 559 4119 quid
594 4034 633 4098 de
660 4035 720 4097 illis
750 4033 899 4096 dicturus:
936 4053 1049 4117 nempe
1076 4030 1244 4095 vanitatem

102 4121 223 4185 illarum
253 4130 300 4183 est
326 4119 603 4199 demonstraturus;
636 4120 837 4187 attentionem
867 4119 941 4181 facit
968 4116 1165 4180 exclamatio:
1195 4112 1244 4175 cui

103 4229 166 4271 non
191 4206 282 4270 aliter
308 4206 411 4285 locus,
440 4226 534 4291 quam
562 4205 616 4269 ubi
642 4228 691 4269 res
724 4218 754 4268 et
783 4204 985 4268 admiratione
1016 4202 1107 4282 digna
1136 4201 1242 4279 agitur.

103 4290 201 4357 Vides
244 4312 319 4353 uam
338 4304 426 4413 apto,
446 4304 542 4375 ‘qoam
562 4292 796 4377 philosophico,
826 4310 919 4375 quam
937 4290 1072 4375 τεχνικῷ
1094 4283 1243 4371 principio

105 4390 200 4443 utatur
221 4315 361 4441 ionius.
404 4375 476 4439 Tali
496 4398 621 4463 prorsus
643 4377 770 4440 exordio
793 4388 825 4440 et
843 4378 945 4458 regius
958 4377 1172 4439 Hebraeorum
1188 4391 1246 4438 ta-

106 4474 148 4529 tes
167 4486 263 4543 usus,
287 4484 360 4529 ctam
378 4461 465 4535 illam
490 4484 564 4528 vara
584 4461 724 4530 divinam
745 4462 878 4531 Satiram
897 4483 987 4535 suam
1008 4458 1168 4546 auspicans
1190 4476 1246 4521 ex-

144 4544 505 4605 &rccuconoatt’crc
1019 4551 1042 4610 3
