2700 4972
396 366 399 371 <
475 334 800 407 tartesson
879 382 881 389 ,
984 336 990 341 ·
1185 342 1208 403 o
1278 328 1281 337 ·

151 507 327 577 Inventus
347 505 536 598 Chrysippo
557 510 608 576 tui
620 496 753 600 ‘finitor
775 494 935 577 acerva*

15 668 21 707 .·
70 652 162 718 quem
183 630 277 718 primi
294 622 372 711 nos,
400 631 479 695 absit
497 632 593 696 verbo
616 628 751 713 invidia,
766 624 820 694 'cx
838 628 951 719 po'e'tae
974 640 1078 695 mente
1098 650 1205 695 suiuus

13 728 16 733 '
69 718 266 805 interpretati.
308 714 403 778 Extra
424 728 579 803 auctprem
590 728 733 865 dpossunt
751 718 856 802 ,multa
878 716 994 781 afferri:
1024 736 1083 798 ego
1107 738 1205 803 pauca
1274 740 1278 751 ·

69 814 187 865 tantum
208 805 471 866 commemorabo
514 799 588 881 Quo
635 798 725 884 igitur
753 803 849 865 multa
876 805 1004 866 obscura
1033 800 1129 865 hodie
1155 803 1207 868 vi-

70 888 188 969 dentur,
210 910 289 975 quae
309 910 379 950 cum
406 888 613 953 scribebantur
640 890 743 975 puerIs
764 899 850 951 erant
878 889 987 968 obvia,
1018 910 1083 951 non
1108 908 1206 976 penes

67 986 227 1038 auctorem
248 977 336 1061 culpa
355 975 477 1054 haeret,
497 972 553 1038 sed
574 996 670 1060 penes
692 977 855 1056 lectotem;
882 984 994 1062 quotus
1016 974 1100 1038 enim
1122 974 1208 1061 quis·

67 1082 125 1145 que
147 1059 292 1125 Persium
317 1061 485 1141 legentitun
507 1062 616 1124 saltem
638 1058 828 1124 mediocrem
854 1081 979 1124 morum
1004 1072 1146 1125 vetemm
1175 1069 1207 1143 et

66 1146 215 1210 histdriae
244 1145 385 1233 antiquae
415 1147 624 1231 cognitionem
659 1144 771 1210 sudore
802 1157 922 1234 partam
952 1146 1068 1213 habet?
1115 1141 1205 1209 Adde

66 1229 367 1335 quod-ipsa·remm
389 1243 497 1296 natura
521 1231 697 1321 progressu
711 1228 888 1319 temporum
911 1232 955 1297 ita
975 1252 1092 1299 novam
1110 1233 1204 1295 rebus

65 1316 212 1395 humarus
238 1317 351 1381 faciem
377 1316 510 1399 inducit,
532 1324 572 1380 'ut
598 1318 638 1381 ad
658 1316 873 1401 intelligendos
892 1328 1013 1383 veteres
1037 1319 1255 1405 scriptoresffl)

63 1402 143 1465 nihil
163 1424 314 1491 persaepe
335 1402 503 1468 hodiernae
523 1400 856 1489 vitae'comparatione
883 1426 942 1468 nos
963 1406 1089 1484 juvante
1118 1405 1204 1469 velut

63 1489 96 1551 in
121 1489 261 1552 tenebris
288 1489 328 1553 sit
343 1488 526 1570 ¹micantium
554 1501 585 1553 et
608 1493 767 1553 fallacibus
795 1489 989 1568 conjecturis,
1007 1488 1055 1561 ad,
1068 1489 1203 1565 tenutis

41 1570 296 1655 indagatorem
317 1574 534 1638 insistendum:
561 1588 651 1662 atque
677 1576 748 1638 huic
777 1578 918 1661 querelae
939 1580 1005 1638 tum
1025 1575 1204 1661 praesertim
1261 1572 1272 1591 “

56 1670 111 1723 est
130 1662 235 1741 locus,
264 1659 386 1748 quando
406 1663 458 1724 vel
478 1659 589 1748 privati
608 1663 661 1727 vel
681 1660 794 1746 publici
821 1660 924 1724 mores
945 1662 1204 1747 praestringuntur
1260 1700 1266 1717 .

61 1744 233 1896 {peremil
254 1745 288 1807 in
309 1767 369 1846 quo
386 1749 454 1810 solo
476 1758 507 1809 et
523 1744 695 1811 Comoedia
715 1756 746 1809 et
759 1744 857 1809 Satira
871 1744 1015 1809 Romana
1034 1759 1202 1811 versantur.
1224 1723 1254 1785 4

89 1853 135 1909 ,on
155 1842 397 1919 praetermlttam
417 1853 513 1914 genus
536 1833 639 1920 ipsum
659 1829 810 1918 poeseos,
836 1843 943 1894 natura
963 1853 1019 1896 sua
1049 1831 1203 1895 difficilio-

61 1916 122 1981 ris:
152 1938 245 1997 nam,
273 1929 307 1980 ut
327 1918 401 1981 alibi
421 1920 607 2005 probamus,
637 1915 735 1980 Satira
752 1919 830 1980 haec
853 1928 883 1980 et
904 1939 999 1999 genus
1028 1929 1059 1980 et
1085 1935 1202 1981 nomen

61 2011 198 2067 estnon
217 2004 333 2091 plebeji
375 2000 522 2083 odmatis,
543 2002 601 2068 sed
623 2003 763 2067 carminis
786 2001 895 2066 eruditi
901 2025 911 2080 ;
939 2016 969 2066 et
989 2015 1113 2091 propter
1132 2005 1203 2068 affi-

61 2088 208 2169 nitatem,
235 2111 329 2175 quam
348 2025 443 2153 debet
464 2112 535 2154 cum
556 2088 792 2153 dramaticorum
811 2090 939 2168 sabulis,
966 2089 1032 2175 ipsa
1054 2112 1202 2177 persona-

58 2194 132 2237 rum
151 2173 323 2238 mutatione
341 2177 532 2262 perplexum.
573 2174 756 2261 interpretes
776 2176 851 2240 vero
880 2173 1002 2238 diverso
1024 2174 1120 2238 modo
1143 2179 1202 2239 ob-

47 2260 198 2345 scuritati
223 2256 265 2323 de
293 2282 352 2346 qua
380 2260 677 2345 dicimuscaussam
702 2263 922 2347 praebuerunt:
942 2271 1100 2339 cveteres,
1130 2261 1202 2347 quia

58 2345 232 2432 perierunt,
254 2367 332 2433 quae
352 2348 410 2408 fuit
430 2346 524 2410 seculi
551 2347 671 2410 barbari
690 2347 840 2427 flagitiosa
861 2346 1064 2427 negligentia,
1093 2368 1202 2408 recen-

59 2432 173 2511 tiores,
200 2432 272 2519 quia
304 2432 362 2495 alia
389 2427 453 2515 οὐχ
482 2427 757 2515 ἕρμηνεύσαντες,
792 2432 851 2495 alia
871 2425 1201 2515 raocppquv'savrsg

59 2519 193 2581 lectores
220 2539 369 2606 persaepe
398 2529 451 2580 aut
480 2518 657 2581 incertiores
686 2530 717 2580 et
744 2516 930 2605 indoctiores
962 2539 1055 2601 quam
1082 2516 1202 2583 dudum

59 2612 115 2665 aut
140 2604 223 2666 male
249 2601 357 2667 doctos
379 2601 568 2667 dimiserunt.
609 2602 711 2669 Nemo
740 2604 774 2665 in
802 2624 890 2667 suam
912 2605 1130 2666 contumeliam
1152 2602 1201 2666 di·
1281 2670 1283 2675 ,

10 2688 15 2707 “
60 2700 148 2752 ctum
166 2700 268 2791 putet,
289 2686 374 2777 quod
395 2687 435 2753 de
453 2689 491 2752 iis
513 2688 652 2768 dicimus,
674 2689 726 2775 qui
746 2690 1030 2775 hanc-provinciam
1051 2701 1120 2752 ante
1141 2712 1200 2754 nos

60 2772 422 2841 administranmts'nam
443 2785 474 2837 et
494 2797 561 2854 nos,
587 2776 640 2860 qui
660 2796 769 2836 eorum
791 2773 964 2855 diligentiae
984 2776 1201 2856 succrevimus,
1259 2780 1262 2786 '

58 2872 126 2923 tam
146 2861 346 2943 meminimus
367 2860 522 2923 homines
538 2882 622 2940 esse,
651 2860 716 2922 salli
737 2860 858 2939 faciles,
886 2860 980 2923 literis
1009 2861 1118 2924 leviter
1137 2863 1201 2925 tin-
1247 2936 1251 2941 ¹

60 2944 260 3032 ctos-,quam
281 2946 393 3010 scimus
413 2946 498 3033 ipsos
530 2968 608 3031 quae
634 2946 829 3009 nesciverunt
849 2957 901 3008 aut
925 2948 1007 3008 male
1037 2947 1201 3028 sciverunt,

58 3032 220 3114 ignorasse
240 3034 292 3096 vel
312 3034 475 3117 probasse,
503 3034 573 3116 quia
593 3032 737 3094 homines
758 3042 861 3096 erant:
889 3033 951 3094 hoc
972 3032 1104 3112 ingenue
1124 3057 1200 3120 pro-

59 3119 201 3199 fitemur,
230 3115 370 3180 nondum
402 3138 576 3203 quenquam
603 3115 748 3180 incidisse
778 3118 810 3178 in
836 3138 946 3180 manus
972 3129 1092 3194 nostras
1114 3131 1200 3182 etot

58 3204 174 3291 po'e'tae
194 3206 286 3284 hujus
307 3204 529 3289 interpretibus,
554 3204 638 3281 cujus
655 3203 806 3264 rationem
828 3212 859 3263 et
878 3201 1096 3289 interpretandi
1114 3206 1200 3269 viam

57 3312 223 3377 possemus
248 3290 392 3376 probare:
420 3289 545 3353 unicum
573 3287 692 3372 excipio
713 3286 912 3349 Hadrianum
926 3286 1122 3369 Turnebcun,
1150 3293 1201 3357 vi.

57 3398 129 3439 rum
147 3377 184 3441 in
204 3377 267 3438 hoc
289 3396 400 3455 genere
420 3375 574 3436 literarum
603 3372 894 3438 eminentissimum:
923 3374 976 3459 qui
1004 3374 1031 3436 si
1058 3396 1098 3437 ex
1126 3394 1200 3462 pro-

57 3464 143 3526 fesso
164 3460 305 3526 Persium
325 3462 509 3547 suscepisset
530 3456 750 3539 enarrandum,
775 3460 875 3538 nullo,
906 3470 940 3520 ut
961 3459 1103 3539 arbitror,
1135 3464 1200 3547 spi-

58 3549 170 3631 cilegio
190 3547 283 3611 nobis
308 3546 413 3608 relicto
442 3543 525 3607 aliud
545 3544 659 3608 scilicet
683 3565 890 3608 curassemus:
917 3544 1015 3624 nunc',
1048 3567 1119 3608 cum
1140 3551 1199 3611 ob-

57 3634 115 3697 iter
136 3645 259 3697 tantum
283 3630 436 3717 quaedam
463 3631 647 3710 tractaverit,
677 3632 820 3716 exemplo
848 3630 928 3709 illius
956 3628 996 3691 ad
1023 3630 1087 3693 hoc
1113 3635 1199 3718 quic-

78 3718 134 3783 uid
155 3731 203 3783 est
223 3719 323 3804 operis
336 3714 591 3799 ‚concinnandum
614 3737 720 3780 sumus
742 3716 872 3778 excitati.
915 3712 1073 3796 Quoniam
1093 3730 1199 3783 autem
1258 3788 1262 3794 .

58 3742 100 3870 de
127 3807 200 3870 libri
226 3806 317 3883 hujus
348 3804 530 3866 obscuritate
562 3803 659 3864 multa
686 3801 768 3863 docti
799 3800 975 3887 indoctique
1002 3803 1119 3887 passim
1148 3808 1198 3868 lo·

58 3904 205 3977 quuntur:
228 3911 269 3952 ne
291 3888 365 3973 quid
385 3889 593 3950 omitteremus
620 3886 704 3972 quod
730 3887 770 3948 ad
791 3889 892 3949 lucem
912 3888 993 3949 illius
1014 3901 1119 3973 posset
1141 3888 1198 3954 de-

58 3978 200 4057 siderari,
228 3987 393 4065 postquam
413 3976 510 4037 semel
530 3973 725 4058 interpretem
746 3974 876 4077 professi
897 3992 1033 4052 eramus,
1059 3971 1196 4040 Graeco·

58 4086 129 4127 mm
156 4060 233 4127 illud
261 4062 392 4127 verbum
419 4054 564 4141 χελώνης
592 4063 713 4141 φαγεῖν
740 4054 765 4141 ἡ
791 4052 841 4142 μὴ
867 4062 987 4142 φαγεῖν
1022 4063 1197 4126 censuimus
1289 4136 1292 4141 ¹

59 4151 149 4214 nobis
178 4169 250 4211 esse
269 4144 494 4231 usurpandum:
544 4166 583 4205 uo
613 4146 697 4207 enim
722 4145 887 4230 interpres,
919 4145 979 4207 nisi
1008 4156 1042 4206 ut
1068 4149 1198 4211 obscura
1213 4160 1234 4219 a

58 4236 195 4315 illustret,
219 4232 355 4297 difficilia
376 4231 475 4292 facilia
496 4166 605 4293 reddat
631 4232 683 4293 vel
703 4231 816 4315 primas
837 4231 938 4294 literas
961 4229 1083 4296 doctis?
1112 4234 1198 4318 quod
1225 4266 1234 4275 ·

22 4362 25 4370 ·
60 4320 186 4407 quidem
208 4316 284 4381 dum
305 4335 362 4403 pro
385 4317 465 4379 virili
486 4327 588 4378 nostra
610 4336 771 4394 conamur,
792 4338 831 4378 eo
852 4316 1032 4401 prolixiores
1052 4319 1125 4381 facti
1144 4342 1198 4383 su-

49 4416 151 4489 ·mus‘„
174 4408 244 4493 quo
267 4401 390 4467 brevior
408 4400 545 4465 Persius:
570 4421 645 4464 nam
671 4402 795 4465 illorum
821 4400 958 4480 fastidia,
988 4402 1097 4487 quibus
1123 4406 1199 4469 satis
