2700 4972
387 345 450 412 ao
480 342 645 411 ran-sn
679 326 903 411 serrator
929 339 1000 412 111.
1106 316 1115 349 ²
1184 348 1249 416 rar

113 533 204 608 atque
221 518 369 595 infelices.
412 515 498 596 [Loci
512 537 559 603 ap.
573 514 620 580 Pl.
642 550 682 577 -.-·
702 513 825 601 Antiqoi
840 525 872 579 et
888 513 1031 580 meliores
1046 515 1117 581 libri
1136 526 1247 585 om'nes

114 630 185 670 cum
199 606 294 689 Eybii
316 624 412 683 marg.
431 602 500 666 MS.
518 604 665 687 praebent
683 602 818 665 hiatumc
845 596 1041 682 Βίριδος-ο
1064 620 1125 681 ιιι,
1152 626 1246 689 quem

111 693 297 756 recentiores
318 700 349 751 et
361 689 429 752 libri
441 701 472 751 et
486 688 578 749 critici
590 686 681 750 variis
689 685 793 749 modis·
804 687 939 749 certatim
957 689 1092 751 aluerunt
1100 682 1248 768 {aeonu-

113 776 268 854 eruntPl.‚
288 775 405 837 mireis
419 773 460 836 de
476 771 584 836 Orellii
603 772 884 849 sententiatum,
906 773 1069 851 et·Welr.-,
1087 775 1160 857 apri:
1182 775 1248 837 Mi-

113 885 187 941 nus,
209 861 323 961 inquit,
345 859 522 922 offensionis
542 859 636 920 habet
654 857 768 935 hiatus,
789 856 817 921 si
835 858 960 940 syllabis
982 856 1131 947 elidendis
1150 859 1247 924 inter·

110 948 237 1032 punctio
250 943 427 1024 mtercedit]

193 1029 247 1095 Et
263 1040 404 1097 taureas
422 1046 582 1116 cognosce

110 1129 213 1195 sexto,
232 1112 406 1204 capitellis
429 1112 565 1194 Quanto
577 1109 690 1174 sotius
702 1118 754 1173 est
766 1131 910 1174 coutras
926 1108 1099 1199 inquirere
1116 1123 1153 1176 et
1166 1112 1247 1201 qui-

109 1199 194 1265 dem
207 1209 280 1264 toto
295 1193 331 1262 io
346 1197 411 1263 Ιιοο
426 1198 596 1263 intentum
606 1194 752 1260 auimo?
772 1216 881 1284 neque
894 1195 990 1261 euim
1001 1196 1187 1284 'quicquam
1202 1198 1245 1263 il-

108 1287 145 1350 lo
170 1283 322 1350 inveniri
339 1281 480 1372 dignius
527 1289 633 1359 otest,
659 1278 768 1344 cuiae
788 1302 856 1344 κοιι
874 1290 1013 1345 tontum
1036 1282 1243 1363 commodet,

106 1366 172 1435 aed
186 1365 377 1457 impendat.
422 1368 485 1433 Sed
493 1302 609 1432 Seneca
625 1366 664 1429 de
677 1368 790 1431 caussis
802 1368 933 1453 loquitur
942 1389 1044 1431 rerum
1057 1373 1297 1452 nahrrslium274

107 1459 142 1521 in
155 1457 351 1534 universum,
371 1454 492 1518 Persius
506 1451 545 1514 de
566 1454 676 1516 caussis
697 1474 819 1532 eorum,
849 1474 927 1537 quae
944 1454 1243 1538 homini¹eveniunt3

170 1564 191 1605 e
207 1540 306 1609 Stoici
316 1542 489 1604 referebant
509 1536 549 1600 ad
567 1541 670 1618 legem
689 1540 838 1603 fatorum:
864 1537 1184 1605 nantonense
1204 1541 1242 1607 X

126 1625 222 1711 §.hh
242 1620 341 1701 ’,’0,τι
364 1620 406 1687 ἀυ
428 1637 481 1689 σοι
499 1621 674 1707 συμβαίνῃ,
692 1616 792 1687 τοῦτό
812 1635 868 1688 σοι
882 1615 941 1686 ἀπ’
961 1621 1085 1699 αἰῶνος-
1100 1645 1243 1706 προκατ·

106 1705 299 1791 scaettae
323 1705 381 1773 καὶ
398 1702 422 1793 ἡ
437 1702 595 1811 ἐπιπλοκιὶ
609 1711 679 1771 τῶν
698 1705 813 1771 alalon
838 1704 1027 1799 coriatam
1042 1705 1105 1792 τήν
1124 1732 1159 1775 τι
1177 1707 1242 1795 oric

106 1789 296 1871 ἀκόστασιν
310 1790 343 1872 ἐξ
356 1788 466 1859 ἀϊδίου
485 1790 542 1858 καλ
555 1813 616 1876 την
630 1787 751 1858 τούτου
767 1785 953 1876 repetem
973 1793 1050 1856 item
1071 1795 1112 1858 de
1125 1797 1240 1860 caussis

105 1883 178 1947 scio
192 1880 347 1967 φιυκτιδν
358 1876 416 1944 καὶ
430 1877 570 1961 αἱρετῶν
590 1878 659 1942 sire
675 1898 776 1945 remm
796 1877 1035 1965 expetendarum
1044 1891 1086 1944 et
1100 1880 1241 1948 vitanda·

105 1989 202 2041 nm,
229 1966 375 2031 Horatius
390 1963 465 2044 [Sat.
479 1963 505 2041 I,
522 1964 553 2042 4,
568 1962 660 2044 115]ι
752 1990 754 1997 ’

276 2048 331 2133 [aa
355 2048 439 2130 iens]
460 2048 575 2112 vitatu
596 2045 681 2135 quid
701 2066 744 2113 tte
762 2043 881 2146 petitu·
936 2066 939 2093 ¹

104 2189 107 2195 .
177 2132 249 2205 ,Sir
270 2071 579 2213 mediomontani
598 2154 636 2196 re
687 2142 722 2197 et
742 2132 822 2198 obt·

105 2222 267 2289 iuvenalis
281 2220 369 2284 docte
380 2217 519 2285 vivendi
533 2239 675 2282 corrasor
691 2219 768 2282 dixit
782 2218 880 2300 [Vlll‚
895 2217 968 2302 Ι84]ι
1076 2262 1080 2269 v
1190 2242 1193 2255 ·

103 2368 107 2377 ,
192 2305 242 2371 Er
256 2315 400 2393 propter
420 2303 531 2369 vitam
552 2302 688 2370 vivendi
705 2303 854 2391 perdere
869 2300 1039 2381 -οοιιτοοιι
1129 2307 1131 2315 “

88 2393 164 2456 ‘has
183 2414 286 2455 rerum
305 2412 425 2454 caussas
442 2392 582 2476 pluribus
603 2393 750 2478 expressit
767 2391 901 2456 Lucilius
922 2393 961 2456 iis
980 2389 1136 2471 versibus,
1157 2401 1307 2476 quoslltl)

95 2480 225 2564 ,profert
238 2478 408 2540 Lactantius
422 2476 497 2538 libro
512 2475 575 2554 VI,
598 2478 694 2563 capite
707 2477 750 2540 V.
1135 2516 1138 2521 ›

192 2567 246 2629 67.
268 2559 515 2642 Omittamus]
540 2560 635 2624 Stoici
648 2560 825 2648 philosophi
841 2582 912 2623 cum
925 2562 1100 2626 universam
1114 2557 1152 2626 de
1167 2583 1240 2625 mo-

104 2647 190 2713 ribus
204 2647 431 2734 philosophiam
446 2646 486 2710 ad
502 2646 579 2710 duos
597 2651 741 2710 referrent
757 2650 856 2725 locos,
878 2646 1007 2711 Decreta
1021 2661 1052 2710 et
1064 2648 1245 2733 Praecepta,v
1323 2642 1326 2653 '

104 2735 211 2797 multis
223 2733 306 2796 libris
318 2754 354 2795 ac
369 2732 576 2797 voluminibus
589 2744 747 2817 utramque
761 2731 892 2794 docendi
910 2735 1011 2812 uam,
1032 2744 1063 2795 et
1082 2732 1238 2814 δογματι-

104 2816 171 2902 κὴν
193 2831 224 2881 et
242 2813 493 2900 παραινετικήν,
522 2829 593 2880 sunt
611 2819 774 2902 persecuti:
800 2817 857 2880 sed
878 2818 1022 2902 quoniam
1042 2818 1143 2880 omnis
1159 2820 1237 2881 haec

87 2968 90 2975 ,
104 2904 264 2990 disciplina
281 2901 426 2966 adusum
438 2913 566 2987 spectat,
590 2903 696 2987 inquo
712 2905 779 2965 solo
801 2903 900 2986 posita
917 2905 981 2982 ejus
1004 2904 1131 2980 utilitas,
1153 2905 1244 2965 sole·⁴
1269 2942 1271 2947 ·

102 2992 180 3071 bant
198 2988 377 3051 Stoicisuos
394 3008 537 3064 monere,
557 2998 729 3065 uteorum,
763 3007 841 3072 quae
863 2988 897 3048 in
920 2988 1032 3050 scholis
1053 2986 1237 3063 didicissent,
1279 3023 1283 3034 ·

102 3094 226 3139 summa
237 3073 336 3159 capita
355 3073 398 3135 sic
414 3072 582 3135 memoriae
595 3073 770 3152 infigerent,
791 3084 825 3133 ut
844 3072 896 3133 illa
912 3094 1034 3156 semper
1051 3071 1091 3134 ad
1107 3093 1236 3135 manum
1273 3125 1276 3132 .

102 3161 253 3224 haherent
265 3170 296 3220 et
308 3156 348 3219 ad
363 3178 489 3219 ornnem
507 3158 700 3219 occasionem
721 3158 759 3219 iis
774 3168 945 3220 uterentur:
967 3159 1044 3225 haec
1062 3168 1133 3219 suut
1151 3151 1237 3237 πρό·
1297 3156 1300 3165 ’

102 3265 198 3327 χειροι
222 3238 435 3327 βοηθήματα,
458 3240 498 3304 de
519 3243 627 3326 quibus
647 3243 779 3326 loquitur
799 3240 952 3327 Epictetus
971 3240 1053 3327 apud
1075 3242 1236 3305 Arrianum

101 3332 181 3411 libro
194 3328 309 3415 primo,
326 3327 430 3413 'capite
445 3325 577 3389 XXVII
593 3339 624 3389 et
635 3329 713 3389 libro
726 3325 780 3405 Ill,
801 3327 898 3412 capite
910 3325 968 3407 X3·
983 3348 1083 3412 neque
1100 3327 1158 3389 alia
1172 3328 1235 3390 iius

100 3412 314 3477 Enchiridium
329 3415 368 3475 ab
383 3414 435 3474 illo
451 3423 497 3474 est
508 3414 564 3474 scri
586 3424 666 3491 tum,
688 3411 771 3496 quod
793 3424 824 3474 et
841 3434 956 3474 nomen
975 3424 1108 3475 testatur.
1150 3411 1235 3475 Illar-

102 3500 330 3563 cusllntoninus
342 3498 419 3560 libro
432 3509 536 3582 quarto
553 3436 593 3579 [d.
602 3504 650 3568 31:
672 3492 801 3579 Βραχέα
814 3493 897 3561 ἕστο)
909 3493 966 3561 καλ
980 3491 1188 3581 στοιχειώδη,
1210 3491 1233 3561 ἀ

101 3578 210 3660 trieris·
224 3577 456 3665 ἀπαντήσαντα
469 3576 600 3662 ἀρκέσει
621 3581 683 3663 [εἰς
698 3577 748 3663 ed]
764 3585 876 3646 πᾶσαν
895 3577 958 3665 τὴν
974 3580 1084 3664 ψυχήν
1107 3583 1284 3667 [conis-275

102 3680 185 3733 uma
200 3668 348 3732 Casaub.:
372 3666 485 3731 coda:
508 3660 621 3750 αάτήυ.
654 3666 813 3750 Xyland.=
835 3660 942 3731 ἀνίαν.
968 3666 1090 3730 aean:
1109 3661 1231 3775 ieiuno]

101 3748 290 3821 ἀποκλύσαι
304 3749 359 3818 καὶ
374 3747 566 3834 ἀποπέμψαι
579 3765 615 3817 σε
629 3747 673 3836 μὴ
690 3752 948 3835 δυσχεραίνοντα
960 3747 1114 3829 ἐκείνοις,
1137 3749 1192 3836 ἐφ’
1207 3748 1230 3817 δι

99 3836 273 3920 harim.
315 3838 427 3916 santo,
449 3838 559 3922 inquit,
579 3838 634 3901 tibi
658 3837 697 3900 ad
716 3859 843 3900 manum
867 3851 1025 3923 praecepta
1041 3838 1146 3901 brevia
1164 3839 1232 3924 qui-

100 3925 174 3989 dem
195 3925 322 4006 (idcirco
334 3918 555 4005 κομματικοάς
569 3917 689 4005 λόγους
699 3925 875 4009 philosophi
889 3927 1065 4009 appellant),
1084 3923 1140 3987 sed
1153 3946 1232 4009 quae

100 4010 441 4083 elemenragcontineant
457 4008 617 4071 universae
631 4008 800 4069 doctrinae:
829 4029 906 4091 quae
925 4011 1016 4071 simul
1036 4031 1071 4071 ac
1092 4031 1233 4073 occurre-

98 4096 171 4174 rint,
194 4107 294 4158 totum
306 4091 488 4180 perfundant
501 4093 637 4155 animum
654 4094 737 4170 [atr.
757 4090 864 4156 Gatak.
885 4115 915 4178 p.
939 4095 1028 4173 123.]
1052 4106 1083 4156 et
1098 4115 1135 4156 ae
1155 4117 1230 4157 uum

98 4193 129 4244 te
144 4180 298 4243 dimittant
311 4178 350 4241 ad
366 4178 483 4255 ornnia,
505 4199 583 4263 quae
604 4179 775 4257 evenerint3
793 4177 879 4240 idem
896 4180 998 4263 paullo
1013 4179 1095 4264 prius
1116 4117 1182 4258 [lll‚
1200 4177 1229 4260 §.

100 4266 153 4347 13]
174 4265 313 4329 medicos
326 4275 356 4327 et
369 4264 522 4345 chirurgos
532 4263 695 4326 imitandos
711 4261 842 4343 dixerat,
864 4274 909 4342 et,
930 4276 965 4325 ut
977 4265 1022 4325 illi
1033 4276 1135 4348 parata
1145 4285 1229 4325 sem-

119 4372 152 4413 er
170 4353 244 4414 artis
264 4371 338 4414 suae
355 4349 552 4411 instrumenta
572 4350 702 4426 habent,
723 4348 765 4409 ita
786 4349 819 4411 iu
838 4360 983 4451 promptu
999 4369 1066 4411 esse
1086 4345 1229 4409 habenda

98 4373 258 4519 dogmata:
279 4431 388 4518 ὥσπερ
404 4431 439 4499 οἱ
450 4428 574 4516 ἰατροὶ,
598 4433 712 4520 inquit,
734 4427 787 4498 u’sl
806 4454 848 4499 τα
866 4426 997 4517 ,ὄργανα
1017 4430 1074 4498 καὶ
1095 4427 1228 4516 σιδήρια

584 1034 617 1089 te
632 1021 780 1106 rerum]
815 978 935 1090 Seneca
949 986 1143 1093 Naturalium
1165 1029 1245 1093 libro
1299 999 1302 1009 Ι
