2700 4972
71 297 135 360 rao
438 270 850 357 corrnan‘rrnros
921 258 929 277 ⁴

67 476 113 530 est
133 463 293 528 aedilitatis
313 463 430 525 functio
457 486 522 526 non
541 463 574 525 in
590 464 682 540 urbe,
711 457 767 525 sed
785 459 817 523 in
832 457 937 523 Italico
952 456 1209 546 municipioquu·

67 550 150 630 dam,
171 559 244 634 puta
260 548 372 612 Arreti:
393 548 560 635 municipia
573 549 668 609 multa
684 568 719 608 ac
736 547 872 610 colonias
888 568 971 610 suose
983 544 1101 631 aediles
1116 546 1213 607 habu-i.

65 636 127 698 is'se
142 638 205 714 jam
218 632 322 719 pueris
337 643 446 695 notum
460 655 528 697 esse
542 631 635 695 debet
649 654 688 695 ex
708 631 753 694 tlt.
769 631 889 710 Tullio,
920 630 1093 718 Spartiano,
1103 629 1211 705 infla-

65 720 172 783 driano
189 718 230 800 [c.
251 716 319 798 19]‚
340 718 492 804 lapidibus
506 718 637 803 antiquis
652 729 683 780 et
698 718 763 780 aliis
780 717 973 780 testimoniis.
1018 715 1126 778 Etiam
1142 712 1210 777 illud
1254 732 1257 761 ³

65 828 106 869 ex
128 805 213 867 libris
234 802 314 867 Juris
337 804 550 877 notissimum,
585 801 626 865 ad
650 824 754 864 curam
783 815 847 864 tam
874 801 1022 865 aedilium
1046 802 1212 864 urbicorum

66 912 159 978 quam
185 889 427 975 municipalium⁸
443 891 536 952 totius
556 889 706 953 Munitiae
732 889 948 950 frumentariae
976 887 1169 972 disciplinam
1188 895 1214 946 et

67 975 288 1039 coercitionem
308 986 476 1060 spectasse,
502 975 542 1037 de
563 975 715 1037 mensuris
737 974 829 1054 igitur
847 974 962 1059 iniquis
985 973 1214 1053 cognoscebant,

68 1074 114 1141 et,
135 1072 170 1123 ut
182 1060 225 1123 ait
239 1058 398 1123 Juvenalis
410 1061 443 1122 in
458 1060 493 1124 X
507 1061 591 1139 [101‚
606 1062 676 1121 loco
692 1081 762 1120 cum
776 1070 881 1121 nostro
901 1056 1116 1136 conferendo],
1138 1075 1216 1120 vose

62 1147 209 1211 minora
224 1140 452 1231 frangebant.
495 1144 596 1208 Iidem
611 1145 732 1230 nequis
743 1146 840 1206 malas
856 1166 975 1208 merces
983 1142 1144 1223 venderet,
1163 1142 1217 1203 im-

69 1230 247 1321 pedieliant.
291 1229 416 1295 Plautus
431 1229 649 1308 Rudente'ssl,
672 1236 702 1308 3,
724 1232 766 1294 42
783 1227 858 1314 sq.]:
983 1300 987 1317 ι
1071 1262 1075 1269 ·

278 1336 283 1351 ¹
494 1313 655 1403 quamvis
670 1311 882 1400 fastidiosus

157 1392 297 1469 Aedilis
319 1408 392 1464 ests
413 1399 443 1464 si
465 1421 554 1487 quae
580 1396 758 1493 improbae
780 1407 861 1462 sunt
883 1394 1034 1478 merces,
1049 1399 1175 1491 jactat
1264 1394 1273 1489 ¹:

523 1508 649 1550 onustes.
1270 1498 1273 1515 ¹

74 1573 192 1657 [Paulo
209 1574 302 1663 plura
321 1592 369 1668 ap.
394 1571 478 1636 Pass.
498 1585 528 1636 et
547 1573 726 1660 praesertim
747 1593 797 1658 ap.
821 1595 892 1651 eos,
913 1594 991 1659 quos
1008 1570 1115 1636 laudat
1132 1572 1168 1637 P.
1183 1568 1218 1635 (i.

74 1657 237 1725 Schindler
256 1654 430 1721 meditati.
454 1667 487 1721 at
510 1657 595 1723 obss.
614 1655 729 1746 jarid.
744 1655 780 1720 in
796 1656 898 1721 Pers.
921 1681 946 1722 c.
971 1665 1001 1723 6.
1022 1681 1053 1744 p.
1078 1661 1141 1724 ⁵12
1167 1654 1219 1723 sed

81 1742 263 1827 rejiciendus
298 1765 370 1804 uem
385 1745 436 1805 hic
450 1756 546 1807 tentat
559 1738 731 1830 explicandi
747 1745 808 1806 loci
821 1742 933 1806 modus
947 1766 977 1829 p.
992 1748 1035 1810 52
1049 1743 1109 1829 sq.]

82 1894 85 1899 .
164 1835 237 1897 131.
302 1848 339 1891 ec
361 1826 423 1912 qui
443 1826 554 1892 abaco
577 1849 739 1892 {conteres
761 1837 794 1891 et
816 1836 910 1891 secto
934 1828 970 1892 in
989 1827 1136 1912 puluere
1151 1850 1220 1892 me-

78 1925 133 1981 ras
160 1911 236 1977 Scit
258 1911 374 1978 risisse
396 1911 524 2002 vasen]
550 1916 609 1977 Hic
633 1917 762 1979 alterum
784 1936 879 1995 genus
904 1914 1070 1979 hominum
1089 1914 1222 1977 deelara-

76 2015 141 2080 tnr,
165 1999 249 2086 quod
262 2000 377 2086 spernit
398 2020 417 2061 a
439 1998 614 2064 se'Persius
639 2012 670 2063 et
694 1998 799 2063 Satiris
820 2001 901 2063 suis:
924 2000 948 2061 ii
969 2012 1041 2063 sunt
1054 2000 1110 2085 qrri
1128 1998 1224 2063 studia

77 2086 295 2175 philosophiae
308 2083 420 2147 rident:
439 2086 524 2172 quod
537 2090 675 2148 fecerunt
687 2089 752 2147 fere
766 2107 889 2187 sqnper
903 2084 1121 2163 Romanorum
1134 2084 1226 2171 pleri-

40 2232 47 2249 „
80 2194 154 2257 que,
169 2171 346 2235 universam
353 2191 428 2233 vero
444 2173 673 2259 philosophiam
687 2170 783 2233 debes
793 2171 961 2251 intelligere
974 2172 1227 2254 asseuerante,

81 2258 139 2322 etsi
149 2257 270 2320 Persius
293 2256 369 2318 duas
390 2259 492 2319 solmn
513 2259 594 2320 illius
614 2267 714 2344 partes
734 2257 865 2336 attingitz
887 2258 1126 2336 arithmeticam,
1149 2260 1229 2338 cujus

80 2343 200 2406 numeri
218 2342 251 2404 in
264 2341 366 2404 abacis
379 2339 573 2406 discebantur
596 2342 645 2420 [et
662 2342 779 2404 ratione
802 2345 1016 2428 putabantur],
1047 2355 1077 2405 et
1104 2346 1230 2424 geome-

82 2430 206 2506 tricam,
231 2430 315 2505 cujus
329 2427 444 2492 fivurae
459 2430 491 2490 in
504 2432 631 2514 pulvere
646 2427 728 2490 soliti
749 2425 881 2490 describi
901 2427 1032 2512 [probat
1050 2427 1098 2492 Pl.
1113 2440 1232 2493 auctore

83 2511 289 2592 Grotel'end03
319 2473 594 2594 etiPyrnagoricos
613 2514 664 2574 hic
685 2513 814 2594 intelligi
839 2513 960 2592 conjicit
980 2506 1097 2592 Passa:
1120 2515 1235 2578 hicest

86 2600 142 2686 qui
155 2598 278 2685 proprie
290 2593 521 2665 scholasticus
535 2596 648 2681 puluis
666 2597 791 2677 dicitur,
813 2597 857 2661 M.
876 2598 978 2660 Tullio
993 2596 1152 2661 eruditus
1162 2598 1234 2686 pui-

47 2698 49 2703 '
85 2681 156 2761 uis,
177 2696 208 2746 et
220 2685 280 2745 hae
294 2680 445 2764 γραμμαὶ
456 2678 622 2766 tyndarei,
645 2705 774 2768 quarum
786 2686 883 2746 multa
899 2685 1013 2769 ubique
1027 2687 1160 2750 mentio.

175 2774 246 2834 133.
270 2765 425 2832 Mullum
465 2768 594 2832 audere
608 2777 775 2853 paratus,
797 2765 839 2830 'Si
863 2766 990 2854 (lybico
1005 2767 1156 2833 barbam
1173 2792 1236 2859 pe-

36 2852 211 2929 165tulona
226 2853 375 2918 portorio
391 2790 527 2937 reiicit]
551 2853 615 2933 Qui
634 2857 838 2918 abhorrebant
856 2876 875 2916 a
892 2852 1081 2918 Graecorum
1100 2856 1237 2945 discipli-

87 2941 152 3015 nis,
172 2938 195 3001 ii
209 2941 429 3026 philosophos,
452 2944 505 3028 qui
518 2964 537 3005 e
551 2937 678 3004 Graecia
694 2939 830 3003 Romam
848 2940 1080 3021 immigrabant,
1103 2941 1234 3007 ludibrio

46 3062 48 3067 ·
87 3026 259 3104 habebant,
288 3025 371 3109 quod
390 3029 439 3091 his
458 3028 597 3093 versibus
617 3026 739 3089 Persius
761 3025 908 3090 ostendit:
936 3027 989 3089 illa
1011 3039 1117 3090 autem
1139 3040 1236 3093 aetate

88 3112 225 3199 plerique
246 3112 423 3199 philosophi
442 3116 494 3178 rel
517 3112 614 3175 Stoici
633 3123 718 3175 erant
736 3114 789 3176 vel
809 3109 933 3193 Cynici,
960 3133 1015 3175 eae
1034 3112 1116 3176 duae
1134 3126 1235 3178 sectae

88 3211 156 3261 tum
169 3197 315 3278 rigebant
328 3201 452 3264 caeteris
466 3199 651 3278 jacentibus,
673 3195 857 3283 quibusdam
866 3198 959 3259 etiam
970 3220 1066 3284 prope
1079 3201 1235 3281 extinctis3

89 3284 203 3367 ubique
213 3284 308 3358 iero,
330 3307 395 3348 non
407 3289 508 3349 solum
530 3283 669 3363 Romae,
699 3281 887 3364 Cynicorum
906 3305 1018 3364 magna
1043 3285 1159 3349 vilitast
1188 3286 1236 3351 bis

90 3370 185 3448 vulgo
202 3389 310 3431 onmes
323 3370 506 3448 illudebant,
529 3392 583 3433 eos
598 3368 808 3455 percutiebant
819 3379 850 3431 et
863 3369 955 3432 variis
976 3373 1171 3435 contumeliis
1183 3394 1238 3437 ve-

92 3455 221 3529 xabant,
242 3452 326 3537 quod
347 3477 386 3517 ne
408 3454 483 3551 ipsis
506 3455 631 3540 quidem
651 3455 826 3517 nolentibus
845 3455 1007 3534 faciebant,
1026 3477 1097 3520 cum
1111 3459 1179 3520 nati
1200 3456 1240 3521 ad

93 3537 224 3619 gloriam
244 3539 386 3604 homines
408 3552 587 3621 argumento
611 3562 690 3625 opus
708 3542 873 3618 haberent,
903 3541 937 3601 in
960 3563 1022 3626 quo
1042 3563 1135 3605 suam
1155 3544 1242 3607 illam

94 3624 268 3686 mirabilem
280 3626 458 3709 patientiam
477 3638 567 3712 atque
585 3618 751 3688 ἀπάθειαν
774 3637 967 3690 ostentarent.
1012 3625 1076 3690 Sed
1095 3641 1161 3692 erat
1181 3631 1241 3692 im-

95 3709 202 3795 primis
225 3707 369 3773 odiosmn
381 3710 457 3775 illud
478 3712 642 3798 patientiae
664 3709 852 3793 Cynicorum
873 3712 1134 3797 experimentum,
1158 3719 1242 3796 cujus

95 3793 165 3856 heic
180 3795 322 3857 meminit
336 3796 466 3862 Persius.
509 3799 641 3884 Apparet
655 3798 738 3859 enim
752 3798 856 3860 solitas
873 3819 891 3859 a
911 3801 1118 3882 petulantibus
1137 3802 1243 3864 homi-

96 3880 189 3942 nibus
204 3883 376 3944 meretrices
393 3884 533 3946 cumillis
550 3883 716 3944 committi:
737 3881 829 3945 unde·
838 3906 965 3946 necesse
979 3897 1043 3946 erat
1056 3888 1146 3971 sequi
1161 3889 1242 3950 stiu-

98 3959 161 4028 τὺν
174 3959 300 4044 γέλωτα
315 3980 346 4030 et
359 3969 479 4030 irrisum
491 3990 599 4031 eorum
620 3970 777 4047 omnium,
800 3970 852 4053 qui
871 3971 1043 4033 certaminis
1055 3973 1138 4035 illius
1157 3983 1244 4035 erant

98 4061 291 4136 spectatores.
343 4052 541 4116 Sitnillimum
560 4067 606 4117 est
624 4054 708 4138 quod
726 4057 758 4116 in
779 4057 885 4117 schola
905 4055 1109 4120 Alexandrina
1127 4061 1244 4121 factum

97 4134 260 4229 aliqpando
285 4140 431 4220 legimus,
462 4141 721 4225 nequissimorum
744 4140 937 4224 quorundam
957 4144 1150 4206 nebulonum
1170 4167 1245 4206 con-

97 4222 263 4307 spiratione
283 4224 316 4285 in
335 4223 536 4287 Theodorum
556 4229 718 4305 juvenem,
741 4225 826 4287 omni
846 4229 910 4304 jam
933 4239 1000 4289 tum
1020 4227 1112 4291 laude
1128 4231 1247 4293 viantis

99 4308 298 4393 conspicuum
310 4321 400 4394 atque
417 4312 582 4397 illustrem:
605 4311 804 4373 summissum
824 4324 871 4375 est
886 4313 970 4374 enim
989 4325 1126 4376 scortum
1144 4317 1249 4401 impu-

97 4388 293 4478 lltntg'iqudd
303 4397 335 4460 in¹
349 4400 418 4461 foro
433 4395 536 4483 ipsum
550 4395 777 4479 aggrederetur,
798 4395 849 4460 bic
865 4409 912 4462 est
933 4398 986 4486 qui
1004 4411 1115 4486 postea
1129 4398 1251 4484 Grego-
