2700 4972
104 323 168 385 ιιι
469 280 872 383 o'ouutarsnrns

102 499 179 554 tam
203 492 421 551 rocat'autem
437 481 601 570 pulpam,
628 483 724 548 idest
740 506 880 565 carnem,
905 485 977 572 quia
994 510 1053 575 pes
1067 487 1185 573 flagitis
1204 448 1265 559 ...¹

102 578 216 640 scelera
227 576 302 636 volu
323 572 748 650 tuariisolenteigratilicari.
950 614 954 629 .
1012 598 1020 631 .·
1079 602 1082 607 ·

182 658 240 725 tot
303 678 367 720 oet·
383 654 453 720 siti
477 664 640 742 corrupto
659 655 792 719 casiam
819 653 979 725 dissolvit
998 657 1125 741 oliva]
1144 656 1231 739 Ouod

24 722 27 733 '
101 745 199 811 mnas
224 743 316 820 aaa,
344 746 455 806 ιιιιιιι
475 742 516 805 ιιι
539 742 616 806 ιιι»
635 743 772 805 :exuas
791 743 992 806 ιιιιιιιιιιιιιιι
1010 746 1228 827 maressa

100 843 221 917 septem
239 830 436 916 sequentihus
457 830 597 893 versitas
620 840 726 890 tractat
749 830 888 907 uberius,
912 852 1097 916 comparans
1112 832 1228 899 ἰιιῒεηι

100 917 268 995 luntrium,
288 937 368 1000 quae
381 918 421 977 ab
434 916 611 977 hominibus
629 915 662 976 in
679 916 785 979 habitu
805 936 841 976 ac
865 918 945 989 cultu
968 929 1147 1002 uem-patur,
1168 942 1226 982 crau

100 1005 169 1081 illa,
202 1024 282 1086 qtrae
301 1003 336 1062 in
357 1003 438 1062 cultu
463 999 609 1063 deorum:
630 1010 789 1084 utramque
807 1002 982 1085 pronuntiat
998 1003 1162 1085 vitiosam,
1179 1006 1225 1069 sed

100 1091 180 1151 hanc
193 1110 234 1151 eo
247 1088 362 1167 tnagis,
383 1084 468 1171 quod
481 1084 541 1165 dii,
563 1107 694 1170 quorum
709 1094 942 1166 camoenarum,
964 1101 1142 1169 argentium·
1151 1110 1225 1170 genr-

29 1184 174 1254 (loetmae
192 1186 222 1236 et
235 1174 347 1236 similia
360 1182 515 1257 parantur,
536 1172 596 1234 illis
617 1174 703 1233 nullo
723 1170 821 1235 modo
842 1184 981 1252 utuntur,
1003 1196 1078 1238 eum
1096 1176 1223 1241 homines

29 1328 33 1333 ,
102 1273 207 1324 contra
216 1261 250 1321 in
264 1280 355 1323 usum
367 1270 460 1325 suum
471 1258 524 1319 illa
535 1268 655 1321 vertant
669 1269 700 1321 et
713 1260 904 1344 voluptatem
916 1281 1064 1341 magnam
1077 1283 1118 1327 ex
1128 1261 1222 1333 iisderr

99 1350 191 1413 rebus
203 1346 333 1431 capiant.
375 1340 459 1425 Quia
476 1354 580 1405 autern
595 1343 790 1423 mulieribus,
810 1365 874 1409 uon
892 1345 980 1425 viris,
1003 1349 1104 1419 cuiuis
1125 1348 1221 1435 pretia·

98 1454 152 1497 sua
165 1431 326 1509 convenit,
351 1428 424 1493 idco
444 1426 484 1491 de
501 1428 561 1493 illie
583 1430 730 1517 loquitur,
750 1451 816 1493 non
836 1427 877 1492 de
897 1429 982 1495 ritis.
1027 1430 1115 1513 [imo
1136 1426 1220 1505 Haec

98 1518 163 1584 scil,
184 1518 314 1605 „pulpa,
335 1536 414 1603 quae
428 1536 493 1577 non
505 1526 647 1577 contenta
658 1516 788 1595 naturali
799 1536 902 1581 rerum
914 1516 1110 1603 simplicitate
1117 1518 1225 1587 murt

99 1615 130 1668 et
142 1603 261 1668 vitiavit
273 1601 410 1667 omuia.“
432 1598 504 1683 Pt]
549 1598 666 1665 Omnia
678 1611 797 1683 autem,
820 1622 953 1687 quorum
971 1603 1131 1685 meminit,
1150 1626 1221 1667 eon-

97 1688 204 1752 mrmia
225 1698 310 1751 erant
331 1687 448 1772 utrique
465 1686 603 1749 luxuriae
625 1685 744 1765 generi:
772 1706 847 1747 nam
867 1698 898 1749 et
919 1684 959 1749 ad
976 1686 1109 1752 deorum
1125 1692 1220 1763 culam

98 1786 298 1860 ornatumque
327 1774 380 1836 illa
417 1774 655 1863 usurpabantur,
697 1782 866 1853 unguenta,
900 1794 1052 1865 purpura,
1087 1796 1220 1857 gemme,

95 1884 357 2031 auntrpormpw
379 1939 502 2025 oliva]
531 1938 729 2043 Unguentum
756 1950 840 2002 curat
863 1941 1093 2009 conficiendum
1111 1968 1129 2011 e
1149 1944 1222 2027 hair,

96 2032 275 2123 praesertim
299 2032 401 2115 nigra,
428 2024 703 2117 pretiosissirmum5
731 2026 837 2088 omnia
865 2038 969 2091 autem
987 2051 1031 2093 rm
1114 2042 1145 2095 ts
1160 2034 1224 2099 lim

96 2117 196 2185 mixto
218 2110 320 2181 olivo:
348 2134 423 2177 nam
441 2114 547 2185 oleum
570 2121 618 2195 est
637 2110 766 2175 materia
786 2123 857 2201 apta
873 2052 1224 2201 smdpienfflmm

97 2200 332 2288 servandisque:
352 2201 455 2291 itaque
467 2198 501 2260 in
513 2198 619 2259 oleum
633 2199 851 2261 transferuntur
861 2201 900 2261 ab
914 2205 1138 2287 unguentariis3
1155 2214 1224 2269 rem

45 2300 209 2357 attentem
221 2292 400 2373 corrupto:
423 2280 566 2373 quicquid
580 2282 664 2344 enim
676 2280 788 2347 desinit
800 2283 875 2353 illud
888 2307 965 2364 esse,
980 2286 1067 2373 quod
1078 2290 1144 2371 tuit,
1164 2310 1225 2371 eor·

95 2372 214 2461 rumpi
226 2373 351 2437 dicitur:
373 2370 449 2433 olim
459 2366 714 2451 Lacedaemonii,
737 2390 809 2431 cum
822 2374 1039 2453 unguentarios
1053 2378 1130 2441 urbe
1140 2378 1226 2467 pdle-

95 2471 178 2541 rent,
202 2458 335 2521 criminis
348 2458 420 2520 loco
436 2457 628 2537 objecerunt,
652 2451 745 2539 quod
757 2454 874 2518 oleum
894 2452 1139 2542 disperderent
1155 2462 1225 2549 [nu-

94 2558 180 2610 tante
193 2544 303 2608 hthen.
321 2530 400 2605 XV.
413 2562 446 2629 p.
462 2544 535 2631 686.
549 2538 618 2621 F.];
640 2561 713 2621 ergo
731 2541 824 2609 etiam
837 2543 1015 2626 mistiones,
1038 2548 1143 2632 quales
1161 2528 1226 2611 aiu

95 2630 278 2716 amyrepsis
296 2638 327 2690 et
347 2626 529 2714 pictoribus,
551 2636 621 2688 sunt
643 2624 796 2709 edepol:
816 2651 917 2713 neque
932 2631 1019 2694 aliter
1036 2632 1168 2719 pictores
1184 2634 1224 2697 lo-

94 2719 279 2805 quebantur,
301 2724 335 2775 ut
352 2724 476 2799 usurpat
490 2708 669 2775 Plutarchus
691 2712 725 2775 in
738 2711 827 2779 Vffl.
849 2712 996 2801 Sympos.
1020 2716 1224 2809 quaestip·

94 2803 167 2869 725.
191 2798 245 2881 ἃς
265 2798 458 2865 simillimum
473 2795 613 2879 ejusdem
626 2799 686 2859 loc.
705 2798 788 2860 laud.
803 2799 868 2863 Pt:
890 2800 930 2863 de
954 2821 984 2864 st
1002 2824 1051 2890 ap.
1075 2802 1185 2893 Delph.
1203 2824 1242 2881 a,

94 2892 178 2967 20.]3
199 2886 243 2950 sic
261 2883 406 2967 μιαίνειν
418 2882 557 2946 dixerunt
573 2904 629 2968 pro
646 2877 798 2964 μιγνύειν
811 2896 841 2947 et
853 2883 987 2969 μίανσις
1009 2912 1066 2975 pre
1084 2892 1224 2969 mistione

93 2986 127 3036 ut
148 2972 302 3058 disputant
319 2970 497 3037 Plutarchus
514 2968 599 3034 idem
622 2989 657 3031 ac
677 2968 882 3057 Porphyrius:
924 2975 1016 3035 etita
1043 2974 1240 3041 doctissimu-

92 3059 372 3207 Perfiiussequente
384 3077 477 3122 versu
492 3052 616 3120 vitiato
630 3052 773 3120 murice.
820 3056 882 3137 [De
897 3056 998 3121 ceeia
1018 3082 1050 3126 v.
1067 3060 1170 3125 laudd
1185 3060 1224 3127 ΡΙ.

91 3156 123 3209 et
167 3145 257 3224 omn]

177 3228 230 3295 65.
253 3230 299 3293 a:
317 3227 407 3308 [lege
422 3221 528 3297 Haec
543 3248 613 3289 curn
625 3248 704 3290 rece.
718 3226 830 3290 crithe
850 3227 950 3293 codd.
992 3230 1143 3313 simultis]
1163 3228 1223 3296 Oa·
1263 3272 1265 3291 ι

90 3312 233 3380 ladrum
248 3312 345 3377 coxit
358 3309 484 3378 vitiato
506 3312 640 3376 murice
663 3310 806 3392 vellus]
829 3315 948 3377 Lanam
966 3252 1167 3381 i‘arentiuam
1180 3338 1224 3381 eo·
1263 3334 1265 3353 ¹

152 3400 216 3464 ndo
234 3400 344 3463 infecit
363 3400 479 3484 liquore
497 3421 518 3463 e
537 3400 702 3480 conchylio
722 3400 854 3463 muricis
906 3399 1091 3479 [Columell.
1109 3402 1180 3484 Vll,
1196 3408 1225 3467 2:
1262 3426 1265 3445 ·

89 3424 269 3554 dlldlahrae
286 3506 364 3549 ovea
379 3481 542 3549 eximiae.
572 3485 618 3548 Al.
631 3506 681 3571 ap:
694 3483 825 3566 Dona]

179 3578 232 3641 66,
253 3568 355 3634 Haec
376 3569 522 3635 baccam
535 3568 688 3635 conchae
705 3568 857 3652 rasisse-J
878 3572 934 3636 Est
948 3574 1024 3654 alia,
1045 3596 1127 3661 quae
1136 3576 1226 3656 iubati
1263 3580 1265 3627 ἶ

93 3660 151 3726 sihi
172 3659 348 3740 margaritas
366 3657 486 3743 quaeri:
516 3654 662 3719 baccam
686 3657 835 3720 conchae
867 3655 991 3721 radere
1010 3673 1060 3723 est
1075 3656 1139 3727 adv
1154 3678 1226 3744 μιν·
1263 3684 1265 3691 ·

92 3744 231 3831 papissa
258 3743 408 3827 χωρίζειν
427 3737 494 3807 dard
511 3745 572 3807 τοῦ
587 3738 732 3826 κόγχον,
753 3754 788 3804 ut
808 3747 941 3828 loquitur
954 3742 1093 3811 Graecus
1113 3746 1226 3833 scriptur

92 3830 176 3923 apud
191 3832 383 3894 Athenaeum
404 3831 482 3893 libro
496 3829 543 3894 ΠΙ
563 3835 603 3915 [p.
619 3829 663 3897 94
677 3851 721 3914 pr.
744 3828 832 3891 Bene
845 3831 908 3895 Pi:
930 3829 1102 3910 „Raeiase
1123 3845 1176 3895 aut
1194 3830 1225 3893 de

90 3918 272 4005 purgatione
284 3915 410 3997 dicatur,
418 3938 477 4002 qua
488 3917 565 3981 cutis
577 3918 629 3978 rel
637 3918 728 3978 callus
742 3916 801 4001 ipsi
816 3917 937 3979 unionis
945 3920 1067 4004 corpori
1076 3918 1225 3991 abraditur,

92 4016 145 4067 aut
159 4002 200 4066 de
219 4003 395 4082 avulsione,
419 4024 490 4064 cum
509 4004 542 4065 in
561 4015 685 4064 senecta
706 4024 893 4066 crassescens
914 4015 945 4065 et
962 4007 1102 4069 conchae
1120 4004 1225 4067 adhae-

90 4110 213 4155 rescens
241 4112 306 4151 non
328 4089 388 4152 nisi
414 4090 487 4151 lirna
509 4098 611 4174 potest
628 4089 771 4152 abstrahi.
830 4089 875 4150 De
903 4100 1030 4174 utraque
1057 4114 1079 4153 0
1102 4091 1225 4153 eratione
1263 4146 1265 4157 .

89 4174 167 4239 Plin.
183 4176 224 4236 H.
244 4173 281 4237 N.
304 4172 373 4253 IX,
399 4175 501 4254 35.“];
529 4174 721 4253 margaritam
749 4186 840 4237 vocat
869 4172 1037 4251 baccam,
1106 4178 1113 4193 '
1150 4176 1225 4236 ”um

92 4259 177 4338 [Aen.
197 4258 223 4338 l,
241 4258 321 4325 655:
345 4258 473 4322 monile
501 4256 701 4338 baccatum,
723 4261 777 4323 ubi
793 4258 899 4325 sera:
924 4273 1068 4324 ornatum
1088 4260 1226 4343 margari-
1263 4262 1265 4275 '

89 4347 150 4426 tis]
166 4347 317 4426 imitatus3
337 4345 452 4410 Plinius
476 4343 633 4409 nucleum
651 4344 742 4425 dixit,
765 4358 799 4407 ut
816 4350 1057 4412 observabamus
1070 4349 1161 4413 alibi:
1183 4348 1225 4409 in-

88 4432 181 4511 fimae
198 4433 368 4497 Latitutatie
388 4443 528 4498 auctores
541 4429 697 4520 perulas,
718 4431 803 4517 quod
825 4454 941 4496 nomen
960 4432 1080 4498 idioma
1094 4446 1225 4500 nusum

40 4544 215 4676 Λ
