2700 4972
71 393 75 399 ,
114 378 117 385 .
148 320 233 393 1121
451 310 454 315 ’
507 313 917 383 COMMENTARIUS

76 500 80 507 '
148 452 264 553 lubenti
283 486 388 554 animo
412 498 559 577 exceptus
574 486 716 552 interiora
737 476 849 554 mentis
866 488 957 585 vitta,
985 487 1072 575 quasi
1094 487 1281 556 ludibundus

150 575 263 656 [ridens
282 587 313 638 et
329 573 472 656 blandus]
495 574 698 662 reprehendit.
759 566 978 639 Praecordze
998 613 1037 624 -
1058 577 1174 641 mentis
1194 576 1281 642 sedes

36 757 37 760 Ἴ
152 700 191 709 -
209 682 239 725 v.
253 660 374 724 tristor.
388 660 427 724 de
440 660 519 724 Part.
532 661 662 724 Animal
675 659 731 740 III,
751 665 800 726 10.
809 661 846 742 “]
1083 666 1086 671 ’

236 769 305 830 118.
320 759 481 826 Callidus
496 762 638 826 excusso
648 760 821 848 populum
832 758 1040 848 suspendere
1054 760 1166 844 nasa]
1180 763 1282 831 Notis-
1316 730 1322 841 l

141 850 262 913 'simum
279 861 311 913 et
327 846 482 935 hodieque
496 844 725 913 usitatissimum
740 871 853 912 sannae
867 871 979 929 genus,
1002 871 1073 912 cum
1092 849 1209 937 aliquid
1223 852 1282 914 ele-
1319 886 1322 931 t

147 947 255 1000 rantes
271 957 304 998 ca
327 947 361 998 ut
377 937 529 1039 quatimus
542 957 664 999 sursum
678 956 802 999 versus:
825 956 917 1019 quem
933 946 1053 1015 gestum
1063 936 1142 998 mire
1161 958 1282 1023 expres-

134 1020 189 1085 ‘sit
203 1033 273 1109 post
319 1033 450 1083 oratrum
464 1020 585 1084 Persius
596 1023 692 1085 'verbo
708 1017 941 1104 suspendere:
970 1019 1058 1102 [lrno
1073 1019 1282 1106 suspendere
1320 1030 1322 1037 '

149 1112 233 1171 naso
250 1104 386 1195 aliquid
400 1112 447 1170 'est
461 1122 552 1193 super
566 1108 665 1193 aliqua
683 1126 837 1168 renasum
859 1104 1048 1187 corrugando
1070 1118 1102 1170 et
1124 1106 1282 1209 crispando

149 1195 301 1270 attollere,
325 1194 461 1276 σιμοῦν,
482 1204 517 1254 ut
534 1213 571 1255 ea
604 1193 671 1255 uasi
693 1190 860 1281 pendente
883 1192 1006 1255 naribus
1028 1192 1156 1271 nostris,
1185 1192 1284 1273 judicii

150 1278 190 1349 de
206 1300 244 1342 ea
257 1279 352 1342 nostri
371 1278 501 1349 indicio:
524 1214 607 1363 quod
622 1278 770 1356 facimus,
793 1299 863 1339 cum
877 1276 1039 1348 irridemus
1056 1277 1183 1363 aliquid.
1214 1278 1284 1344 Per·

148 1366 213 1428 sius
227 1372 302 1430 reio
313 1366 451 1427 cumbae
464 1364 618 1426 locutione
629 1364 721 1425 aliam
736 1362 891 1443 conjunxit
904 1362 1147 1451 proverbialem:
1170 1384 1284 1428 emws·

151 1458 228 1515 ctae
243 1448 341 1513 neris
357 1450 431 1512 esse
451 1450 471 1512 i.
489 1471 516 1513 e.
527 1449 644 1512 subtilis
659 1447 763 1529 judicii
782 1471 867 1512 esse:
890 1468 982 1534 quare
996 1448 1143 1513 Erasinus
1155 1451 1191 1514 h.
1204 1452 1226 1515 l
1238 1452 1283 1515 τοὶ

88 1549 93 1560 “
127 1581 130 1587 1
148 1536 269 1624 posuit:
291 1540 465 1599 exterso
483 1531 691 1620 suspendere
707 1556 812 1597 naso:
833 1533 889 1597 sed
902 1538 1018 1614 majore
1034 1556 1106 1619 cum
1118 1534 1153 1600 ri
1167 1534 1283 1601 reste

24 1654 26 1661 ·
150 1634 293 1685 excusso
309 1642 414 1700 noso,
437 1643 455 1683 e
475 1641 536 1707 quo
556 1622 686 1699 ejectum
703 1619 848 1707 'quicquid
867 1631 931 1683 erat
945 1619 1093 1685 sordium.
1134 1619 1283 1693 Vetermn

102 1784 107 1793 ι
150 1721 269 1775 etrecc.
288 1710 375 1772 locos
387 1729 417 1772 v.
439 1728 487 1794 ap.
502 1706 597 1786 Pasa,
612 1704 657 1770 Pl.
675 1718 706 1769 et
725 1705 885 1771 Heindorf.
905 1705 945 1768 ad
958 1706 1069 1787 'Horat
1086 1704 1197 1789 Sat'l,
1211 1708 1280 1785 (hd

128 1896 136 1913 '
236 1901 307 1965 119.
332 1893 426 1959 Men'
440 1890 568 1969 mutire
583 1888 714 1983 beses?
736 1914 799 1957 nec
823 1891 916 1958 elem
934 1913 998 1958 nec
1017 1914 1101 1957 cum
1115 1880 1280 1979 amedei]

141 1980 244 2068 ¹Plena
258 1980 430 2045 modestiae
451 1982 562 2044 oratio:
584 1981 627 2045 sic
645 1983 728 2044 enim
745 1981 892 2067 loquitur,
933 1980 1001 2043 nasi
1015 1984 1155 2061 futurum
1172 1982 1214 2046 sit
1230 1981 1280 2069 ipsi
1314 2040 1317 2049 .

148 2070 222 2155 satis
238 2069 318 2130 inter
332 2069 448 2129 amicos
468 2067 632 2130 familiares
655 2064 695 2147 de
717 2079 856 2154 conupta
878 2003 1038 2129 eberone
1055 2077 1085 2129 et
1106 2066 1280 2132 Neronianis

148 2146 330 2303 {odsizintra
346 2152 482 2238 privatos
498 2154 628 2240 parietes
650 2153 811 2237 conqueri:
839 2150 930 2239 quod·
942 2151 1043 2215 mirus
1062 2163 1110 2215 est
1129 2174 1186 2232 eo,
1207 2152 1279 2240 qnod

177 2238 284 2303 ucilids
301 2250 333 2301 et
344 2238 488 2302 Horatius
503 2240 666 2301 votuerunt
685 2239 744 2301 sibi
757 2239 858 2301 licere.
903 2236 1099 2319 [sententiat
1129 2238 1213 2302 Mihi
1225 2261 1279 2303 non

148 2320 253 2391 liceret
268 2325 326 2387 sub
342 2323 445 2405 lingua
459 2323 715 2388 immurmurare?
737 2345 777 2386 ne
790 2335 869 2385 tecte
880 2320 1031 2408 quidem?
1053 2345 1096 2386 ne
1106 2326 1211 2389 scrobi
1209 2346 1280 2475 ¹qm-

1240 2430 1280 2473 sne

150 2410 225 2474 dem
240 2410 478 2491 committerem,
500 2406 584 2495 quod
593 2430 646 2471 me
661 2414 713 2472 sus
735 2431 844 2491 ensum
857 2410 976 2473 h'abet?
997 2408 1184 2495 Nusquam?
1258 2410 1265 2427 '
1320 2476 1322 2489 ,

150 2506 253 2571 tamen
266 2496 345 2558 libro
362 2494 514 2557 infodiam
531 2504 597 2557 cett
619 2492 677 2557 Pl.
708 2431 739 2556 B
1118 2574 1121 2579 Ι

150 2578 245 2646 Men’
262 2592 350 2645 retus
367 2580 468 2658 lectio,
488 2602 553 2643 non
568 2599 622 2640 me
636 2578 731 2665 [quod
744 2579 888 2642 Pithoeus
909 2577 1060 2661 dederat]:
1081 2579 1178 2666 idque
1193 2582 1280 2645 mutu
1319 2574 1322 2589 ¹

150 2667 279 2747 melius;
302 2686 380 2731 sum
394 2660 533 2741 scrobe,
558 2656 690 2747 dationes
704 2688 760 2753 pro
774 2666 806 2728 in
822 2666 941 2729 sc’robe.
984 2666 1138 2731 Ausonius
1161 2666 1281 2733 Paulino
1320 2692 1322 2697 ·

150 2746 260 2841 [Epist.
277 2748 402 2831 XXIII,
416 2754 455 2816 18
469 2749 547 2836 sq.]':
1097 2822 1101 2827 ,
1156 2748 1159 2753 ’
1279 2749 1284 2757 ’

236 2842 421 2941 Deprensis
437 2849 613 2919 scrobibus
629 2850 755 2918 vitium
768 2851 889 2943 regale
902 2852 1058 2920 minutas
1141 2844 1144 2852 ¹

199 3012 201 3023 .
241 2936 410 3035 Credidit,
434 2937 536 3025 idque
556 2939 617 3003 diu
632 2939 718 3004 texit
730 2938 907 3029 fidissima
924 2940 1033 3005 tellus.

87 3036 90 3043 ’
241 3049 312 3110 120.
333 3038 406 3107 Hic
421 3049 540 3105 tamen
555 3038 757 3129 infodiens]
773 3037 991 3125 Ἐναποθήσω
1012 3040 1090 3126 τῇδε
1110 3044 1154 3127 τῇ
1171 3040 1282 3133 othe:

102 3144 155 3210 153
162 3130 302 3217 quamvis
314 3141 345 3193 te
360 3127 555 3192 dissuadente
570 3151 628 3209 ego
641 3142 747 3194 tamen
759 3129 863 3211 judicii
876 3130 939 3191 mei
951 3140 1062 3192 testem
1073 3126 1207 3195 Satiram
1218 3132 1283 3195 scri-

151 3221 240 3294 bam,
262 3237 326 3279 non
338 3226 372 3278 ut
387 3236 457 3277 eam
477 3226 594 3277 temere
614 3216 647 3277 in
666 3219 768 3279 lucem
784 3216 891 3292 edam,
913 3214 968 3277 sed
989 3214 1060 3300 quia
1075 3234 1194 3281 vocem
1207 3238 1283 3281 rum-

151 3323 226 3390 pere
242 3322 329 3362 amor
340 3311 442 3362 rectae
455 3299 632 3364 eruditionis
645 3323 718 3387 prae
737 3302 946 3382 indignatione
964 3298 1149 3386 aequissima
1165 3325 1219 3367 me
1237 3326 1284 3367 eo-

153 3391 211 3469 gitz
234 3384 308 3463 hie,
334 3384 368 3446 id
387 3396 433 3447 est
452 3385 485 3446 in
505 3388 566 3448 hoc
588 3389 721 3451 carmine
744 3389 811 3451 sive
833 3389 893 3449 hoc
917 3387 1013 3459 libro,
1043 3405 1110 3447 non
1132 3390 1285 3453 autemid

152 3473 278 3537 scrobe:
305 3469 378 3532 ideo
402 3470 548 3554 sequitur,
576 3470 668 3548 vidi,
698 3470 773 3536 vidi
799 3470 891 3557 ipse,
921 3469 1049 3539 libelle.
1095 3466 1285 3557 Infodiam,

150 3559 185 3622 id
207 3568 253 3621 est
274 3556 460 3635 consignabo
480 3566 511 3618 et
529 3557 600 3618 huic
623 3560 743 3621 chartae
764 3558 904 3635 credam,
930 3556 1042 3619 deinde
1065 3580 1137 3622 eam
1152 3564 1286 3625 osculnm

151 3665 188 3706 ac
203 3643 288 3727 quasi
301 3652 423 3722 aggesta
443 3642 539 3703 humo
554 3645 698 3707 obruam:
721 3643 796 3706 duas
817 3645 900 3705 enim
923 3644 1059 3706 actiones
1080 3665 1147 3708 vox
1163 3648 1223 3711 ista
1240 3646 1286 3711 hic

153 3729 293 3791 denotat:
310 3748 437 3811 quarum
447 3737 605 3812 utramque
619 3727 884 3813 exponitOvidius
895 3728 996 3791 inXl.
1004 3728 1132 3793 Metam.
1148 3731 1207 3812 [90
1214 3730 1285 3837 sqq]

152 3814 192 3877 de
206 3825 331 3875 tonsore
345 3810 450 3875 Midae
470 3813 615 3899 loquens3
637 3814 771 3899 alioquin
788 3810 942 3900 infodere
955 3816 1022 3877 sive
1041 3835 1287 3900 καταχωννυειν

171 3922 207 3963 ro
220 3919 364 3961 arcanum
380 3897 538 3977 diligenter
560 3901 658 3961 celare
677 3900 807 3985 ponitur.
849 3899 984 3962 loannes
1001 3899 1243 3983 Chrysostomus
1257 3904 1286 3967 in

149 3922 207 4049 ltl.
230 3983 278 4047 ad.
289 3985 438 4068 populum
452 3982 684 4047 Antiochenum
704 3986 853 4048 Humilia:
883 3979 925 4047 dlv
947 3981 1014 4062 doe
1030 4006 1110 4050 zore
1131 3987 1191 4053 aul
1211 3986 1287 4076 δόξῃ

151 4064 329 4153 ἆνέχεσθαι
344 4070 412 4132 τῶν
429 4063 561 4145 ἑτέρους
577 4066 743 4151 λεγόντων
757 4073 882 4149 κακῶς,
906 4066 1117 4154 κατάχωσον,
1140 4069 1288 4142 ἀπόκτει-

150 4177 214 4222 νον
230 4150 268 4218 τὸ
288 4150 421 4236 λεχθὲν,
444 4147 531 4238 λήθῃ
544 4149 704 4237 παράδος.

239 4260 309 4322 121.
341 4249 446 4332 Vidi,
474 4251 550 4319 vicli
573 4254 660 4342 ipse,
689 4254 829 4320 libelle:
859 4255 1052 4322 Aniculae
1073 4256 1169 4324 asini
1191 4260 1287 4329 Mida

150 4362 214 4407 rex
227 4338 354 4422 hobel]
369 4339 458 4429 Apud
470 4340 622 4406 loannem
630 4341 893 4409 saresberiensem
907 4346 959 4408 lib.
973 4344 1029 4409 lll.
1042 4346 1198 4415 scr-ibinus
1216 4346 1287 4413 Au·

150 4427 283 4495 riculae
296 4424 389 4493 esini
401 4422 518 4491 Midae
534 4424 653 4506 babet,
676 4429 732 4493 sed
743 4430 830 4494 aliter
844 4430 876 4494 in
892 4431 1100 4517 antiquissima
1115 4432 1213 4499 Persii
1226 4436 1288 4500 rita

741 2517 759 2556 e
772 2516 851 2558 voce
865 2490 991 2558 mutire
1007 2516 1039 2558 r.
1049 2493 1134 2567 Pass.
1155 2518 1193 2583 p..
1204 2478 1279 2577 841]
1320 2498 1322 2565 j
