2700 4972
147 291 150 298 ’
232 339 238 352 ⁶
318 324 382 390 ro
408 302 821 431 rausltsarrarn
848 328 873 394 1.
1085 298 1168 402 '121
1281 391 1284 397 .

64 521 84 563 u
108 497 358 602 Tbamnaturgus
381 507 427 560 est
447 494 561 579 dictus,
592 500 676 578 cujus
704 498 800 564 vitam
825 495 991 584 Gregorius
1009 500 1169 589 Nysoenm

64 585 754 753 roppppupppupetrpoppffimmm'
776 667 810 732 id
831 681 878 733 est
898 667 1042 755 εἰωθώς,
1064 626 1168 763 quiam
1248 720 1253 731 .

64 779 110 820 ›re
122 758 238 819 habeat
251 751 285 816 id
301 758 403 817 facere
414 765 445 817 et
459 753 543 839 quod
560 755 592 816 in
615 754 822 818 describendis
842 759 980 822 moribus
1003 763 1167 829 hominum

64 849 103 907 let
118 842 353 928 Theophrastus
369 839 490 918 dicere,
511 834 664 917 τοιοῦτός
676 836 766 937 luctu
780 833 878 919 olor:
892 855 926 904 ut
937 845 970 907 in
983 860 1068 941 sexta
1080 850 1218 933 [3612166

620 946 753 990 neocrre
773 936 935 1013 paratus,

64 1014 168 1078 »ratius
200 1012 269 1100 [Ep.
290 1010 331 1093 II,
358 1017 386 1092 1,
411 1011 502 1090 1841:

527 1104 563 1158 et
587 1092 790 1184 depugnare
808 1098 950 1181 parati:

83 1183 170 1271 apud
193 1184 390 1249 iuvenalem:
419 1178 567 1244 laudare
591 1182 759 1267 parolus,
779 1181 920 1267 nescire
936 1197 1109 1273 paratus:
1137 1206 1170 1258 et

65 1274 119 1333 alta
131 1271 257 1334 similia:
280 1280 362 1344 amat
377 1269 461 1331 enim
478 1267 636 1332 luvenalis
658 1291 728 1331 eam
745 1290 865 1333 vocem.
1083 1298 1086 1306 ’

69 1404 71 1409 ·
110 1360 185 1422 183.
209 1352 361 1444 Cynico]
392 1354 528 1418 Vivebat
543 1365 614 1443 'tum
630 1353 807 1419 Demetrius
830 1355 977 1438 Cynicus,
1001 1363 1086 1440 cujus
1104 1363 1169 1425 sin·

63 1445 164 1504 larem
177 1462 213 1504 ac
224 1439 408 1527 stupendam
417 1441 561 1503 virtutem
577 1439 712 1503 dilaudat
725 1439 845 1504 Seneca
858 1442 909 1520 [de
921 1441 1032 1509 Benef.
1042 1444 1114 1528 VII,
1124 1447 1169 1529 8⁶]

73 1526 334 1614 apud·Arrianurn
348 1525 520 1612 Epictetus:
544 1526 578 1586 in
596 1527 688 1606 hujus
709 1528 863 1590 honorem
883 1541 914 1591 et
929 1531 1076 1595 similium
1085 1535 1186 1620 „qui

64 1623 151 1676 erunt
162 1614 307 1676 omnibus
322 1613 431 1675 seculis
450 1609 567 1696 oppido
588 1613 693 1697 pauci,
720 1610 869 1698 Cynicus
890 1616 960 1678 heic
981 1610 1093 1696 ἁπλῶς
1112 1636 1171 1705 pro

64 1700 216 1786 ilosopho
228 1699 365 1784 ponitur3
387 1698 552 1776 ingenere
571 1718 646 1760 vero
668 1696 707 1759 de
723 1697 861 1779 Cynicis,
882 1721 1013 1785 quorum
1033 1725 1071 1766 ea
1090 1717 1173 1768 tem-

65 1796 146 1849 state
161 1784 332 1847 uberrimus
350 1794 413 1845 erat
432 1793 615 1867 proventus,
636 1785 718 1845 male
739 1796 899 1847 senserunt
918 1808 983 1848 non
999 1792 1103 1852 solum
1120 1791 1172 1854 isti

64 1872 135 1934 o'res
151 1867 337 1934 Graecarum
351 1868 588 1953 disciplinarum,
610 1867 773 1931 sedetiam
789 1890 807 1930 e
819 1865 943 1934 Graecis
955 1875 1171 1958 sapientissimi

65 1957 157 2042 ique:
186 1956 356 2019 nonenim
385 1973 458 2017 vera
478 1954 589 2017 tinute
616 1953 851 2017 admirationem
876 1958 961 2038 vtdgi
980 1961 1171 2042 colligebant,

65 2040 83 2104 d
105 2044 209 2106 vultus
224 2041 398 2104 torvitatem
414 2050 444 2101 et
457 2037 609 2102 tristitiam
622 2060 658 2101 ac
672 2039 903 2104 dissentientem
926 2064 944 2106 a
967 2047 1093 2119 caeteris
1113 2049 1173 2110 ha·
1252 2072 1258 2119 J

65 2139 128 2190 urm
229 2127 237 2142 ⁹
271 2127 298 2189 is
326 2126 464 2188 moribus
487 2136 576 2210 atque
601 2126 741 2211 impuras
764 2128 965 2201 obscoenitati
989 2132 1173 2219 praetende-

65 2224 112 2277 nt.
184 2234 241 2294 ege
257 2211 370 2274 Dionis
387 2210 601 2291 Chrysostomi
620 2233 797 2274 sermonem
811 2213 1012 2279 Alexandriae
1032 2219 1173 2282 habitum
1236 2244 1239 2253 ’

65 2312 71 2361 t
84 2301 174 2363 locos
184 2298 308 2361 Luciani
325 2319 373 2383 ap.
385 2296 489 2377 Pass.;
512 2294 551 2360 de
564 2299 674 2376 barba,
697 2320 790 2383 quam
805 2300 944 2379 alebant,
954 2356 956 2363 .
966 2299 1011 2364 Pl.
1027 2301 1068 2364 ad
1082 2303 1114 2366 h.
1128 2305 1172 2384 l.].

65 2404 123 2449 uro
152 2395 339 2470 quantopere
365 2382 471 2464 Cynici
495 2384 588 2444 etiam
617 2383 648 2444 in
669 2379 857 2447 Graecorum
871 2384 1025 2468 ¹urbibus,
1056 2388 1186 2454 nedum·

65 2490 166 2550 imae,
189 2473 227 2533 ab
241 2469 384 2532 omnibus
403 2479 630 2554 spernerentur,
654 2480 755 2556 potest
761 2470 895 2553 intelligi
912 2474 964 2536 vel
978 2493 1019 2536 ex=
1033 2473 1172 2556 ejusdem
1266 2490 1268 2499 ⁴

65 2555 141 2620 ionis
162 2553 343 2625 xxlv.,in
365 2554 461 2640 princi
482 2556 524 2616 io.
826 2590 828 2599 ·
922 2564 925 2575 '
1207 2618 1210 2627 .

115 2637 273 2706 Barbam
288 2637 419 2717 vellat]
478 2641 527 2702 uia
541 2639 743 2704 indolentiam
757 2655 787 2706 et
808 2644 991 2709 vacuitatem
1005 2647 1171 2710 affectuum

65 2729 251 2791 ofltebanttu
261 2724 359 2789 Stoici
373 2737 463 2811 atque
477 2724 592 2808 Cynici,
614 2722 790 2813 propterea,
814 2751 885 2792 cum
903 2730 936 2792 in
956 2733 1079 2817 publico
1095 2755 1172 2795 con-

65 2814 252 2891 iciebantur,
271 2834 332 2897 quo
347 2812 503 2896 specimen
521 2810 627 2876 darent
647 2834 722 2875 suae
743 2815 878 2894 vinutis,
901 2818 941 2879 ab
966 2819 1066 2881 obviis
1088 2818 1174 2882 varie
1276 2890 1278 2895 ⁴

65 2901 239 2963 itabanuu:
261 2899 338 2960 alius
361 2919 414 2961 eos
438 2918 533 2960 sanna
547 2898 733 2984 excipiebat,
755 2901 832 2963 alius
855 2902 1023 2966 convictum
1043 2902 1172 2983 dicebat,

65 2987 109 3049 tus
127 2994 248 3049 vestem
262 2984 401 3046 trahebat
419 2994 471 3045 aut
488 2983 617 3046 barbam
636 2987 771 3047 vellebat
791 2997 843 3046 aut
862 2986 923 3049 alio
947 2988 1057 3072 quovis
1075 2987 1174 3052 modo

66 3074 183 3135 oleatus
202 3082 281 3132 erat:
303 3080 408 3131 auctor
423 3067 485 3130 Dio
501 3069 743 3150 chrysostomus
758 3071 791 3133 in
807 3091 845 3132 ea
860 3069 901 3135 de
920 3073 1047 3136 schema
1069 3076 1175 3159 pbilo-
1288 3135 1297 3156 ,

65 3157 143 3243 phi:
166 3156 210 3218 sic
227 3152 303 3217 olim
323 3152 464 3217 Socrates
485 3175 540 3238 per
551 3157 685 3217 Athenas
698 3154 872 3236 ingrediens
891 3157 998 3227 solitus
1018 3158 1227 3236 nucarii-167

65 3246 171 3321 imur,
201 3252 234 3302 ut
254 3242 296 3302 ait
312 3239 449 3303 Laertius
477 3239 566 3316 [errat
591 3241 622 3301 in
643 3241 755 3304 Laertii
773 3244 891 3321 verbis,
920 3254 954 3304 ut
971 3244 1105 3308 ostendit
1126 3243 1173 3308 Pl.

81 3327 154 3393 174.
172 3325 268 3406 nol.]:
290 3325 364 3388 inde
385 3327 582 3410 proverbium
604 3324 644 3388 de
667 3327 754 3388 omni
778 3320 1016 3409 contemtu'ctiu
1029 3327 1176 3415 πώγωνα

66 3416 157 3478 lietu
170 3408 251 3481 nul,
273 3414 341 3490 vel,
364 3422 398 3472 ut
411 3410 548 3475 Julianus
563 3411 709 3496 loquitur,
732 3405 878 3495 ὑβρίζειν
897 3413 943 3490 εἰς
959 3411 1019 3491 τὰς
1035 3411 1090 3480 ἐπὶ
1109 3416 1226 3499 recitet)

66 3497 168 3564 malou
188 3497 317 3580 colpum
340 3508 371 3559 et
384 3497 517 3575 Latinis,
540 3494 689 3561 barbam
709 3496 820 3560 alicui
841 3497 991 3562 vellere:
1013 3503 1060 3565 cui
1073 3504 1176 3568 simile

80 3582 218 3651 secunda
231 3582 329 3647 Satira
344 3582 409 3664 [28]
434 3581 474 3645 de
487 3587 572 3645 fatuo
591 3595 622 3646 et
643 3583 683 3646 ad
702 3584 868 3648 ludibrium
888 3588 1048 3673 exposito:

248 3666 427 3753 stolidamx
432 3665 577 3752 praebet
594 3666 666 3751 tibi·
677 3669 807 3732 vellere
832 3668 988 3736 barbam.
1012 3682 1015 3687 '

122 3752 298 3822 Petulons
320 3753 492 3834 nonaria]
521 3755 731 3819 Meretrix'de
757 3757 808 3820 via
832 3770 1056 3841 praetereuntes
1073 3771 1178 3844 petere

66 3844 246 3904 :lacessere
268 3841 372 3904 solita:
405 3839 573 3903 nostarioe
598 3863 719 3904 anona
748 3843 824 3904 hora
852 3841 949 3906 dictae
978 3846 1042 3930 [per
1063 3867 1179 3931 oppro-

66 3927 138 3991 ium
157 3926 299 4013 quidem,
322 3938 355 3988 ut
375 3925 668 4012 quadrantariae,
692 3925 916 4008 dioboluresl‚
945 3930 1027 4014 quod
1045 3952 1081 3992 ea
1102 3934 1180 3994 hora

66 4025 154 4076 iteret
180 4012 280 4075 aditus
301 4012 341 4074 ad
360 4014 532 4098 lupanaria,
564 4036 634 4096 cum
658 4027 728 4075 ante
749 4016 867 4077 clausae
888 4029 989 4079 essent
1006 4020 1105 4096 sores,
1127 4020 1179 4082 vel

66 4121 186 4161 rmore
213 4101 264 4161 vel
282 4120 321 4160 ex
342 4101 411 4179 lege
434 4112 486 4160 aut
507 4097 607 4162 edicto
627 4101 726 4184 aliquo
752 4101 811 4178 [cf.
829 4100 905 4180 Pil:
936 4104 984 4164 cui
1006 4103 1107 4166 simile
1132 4114 1179 4166 est

66 4184 173 4247 licuun
196 4183 271 4246 illud
287 4185 418 4269 Ampelii
435 4187 579 4270 praefecti
596 4185 668 4248 Urbi
689 4188 746 4249 sub
768 4186 998 4267 Valentiniano,
1021 4209 1082 4273 quo
1100 4188 1180 4252 cavit

66 4294 89 4334 .e
111 4274 236 4334 taberna
256 4270 372 4333 vinaria
395 4283 465 4332 ante
487 4273 595 4332 horam
620 4283 758 4355 quartam
782 4274 947 4358 aperiretur
968 4296 1048 4337 neve
1068 4295 1180 4357 aquam
1280 4297 1286 4317 ¹

66 4357 209 4438 rlgarium
225 4357 402 4418 calefaceret
416 4356 584 4441 quisquam,
608 4360 648 4436 et]
659 4378 699 4418 ne
713 4379 809 4443 usque
832 4357 872 4421 ad
890 4361 1102 4445 praestitutum
1118 4357 1181 4423 diei
1206 4424 1209 4431 ,

66 4445 170 4506 tatium
184 4443 264 4505 lixae
284 4454 404 4507 coctam
419 4455 625 4528 proponerent
643 4464 781 4526 carnem,
804 4456 837 4507 ut
858 4457 963 4508 auctor
983 4456 1029 4509 est
1043 4444 1181 4515 Ammia-

1202 4614 1256 4681 i
