2700 4972
148 336 194 403 ¹54
516 330 925 403 tonsuramus

152 505 529 571 cliniersslettmreturi
552 518 775 590 mneos
799 526 927 587 rusus,
955 527 1032 593 quos
1055 470 1289 569 intndoenam

153 598 234 657 liene
250 592 369 657 nautii
390 612 532 677 proteres
549 591 704 655 intudum
722 590 931 655 funditabantz
959 592 1088 655 omnino
1111 588 1226 661 rectior
1242 602 1289 656 etl

152 704 290 831 pum-id.
315 726 478 827 tolidurir
489 759 559 824 scie
567 782 697 847 ponere
709 761 854 843 murem]
869 761 1036 847 Postquam
1051 760 1189 826 ostmdit
1201 754 1288 843 ‹ixpa-
1307 794 1318 811 =

154 870 230 915 otuu
242 866 274 913 et
285 852 452 913 vanitatem
467 846 673 927 laudantium,
693 870 775 910 nunc
793 859 873 911 artes
887 849 1013 933 exponit
1031 849 1216 912 vanisimas
1233 869 1287 910 eo-

154 962 239 1013 rum,
259 940 312 1021 qui
333 934 549 998 laudabantur:
580 937 779 1013 corrogabant
805 935 889 996 enim
913 932 1067 997 auditores
1089 948 1122 996 et
1140 934 1286 1019 impensis

154 1044 319 1085 taenarium
333 1022 476 1100 suffragia
489 1022 613 1081 illorum
626 1018 825 1098 redimebant,
846 1018 931 1105 quod
942 1031 973 1082 et
986 1021 1020 1081 in
1042 1018 1220 1082 camsidicis
1230 1042 1286 1082 no·
1322 1032 1327 1041 '

153 1130 197 1171 tar
207 1108 365 1171 luvenalis
380 1106 478 1169 Setius
492 1103 573 1169 xltl
588 1105 662 1184 [32]
684 1105 756 1167 ilos
774 1117 878 1167 autem
895 1117 985 1168 notus
1006 1126 1046 1167 ex
1056 1106 1188 1167 Horatio
1207 1105 1287 1169 aliis-

152 1220 227 1279 que,
250 1192 409 1257 Petronius
421 1191 458 1269 [c.
472 1190 544 1269 101:
567 1186 683 1250 Multo
697 1211 752 1251 me
764 1188 899 1287 turpior
912 1211 949 1252 ea
964 1200 1020 1268 tu,
1042 1189 1210 1265 Hercule,
1231 1186 1287 1275 qui

153 1276 294 1364 utforis
307 1297 492 1351 coenares,
505 1273 651 1377 potitam
665 1273 842 1338 mactasti:
864 1275 976 1340 eadem
989 1275 1182 1339 consuetudo
1198 1277 1286 1340 etiam

152 1364 236 1451 apud
255 1362 400 1427 Graecos.
443 1356 773 1444 Lunanus‘qudoov
794 1359 923 1427 deducu.
943 1361 982 1444 [ξ.
998 1364 1069 1441 21];
1091 1361 1126 1425 ol
1144 1360 1240 1444 pltat
1252 1358 1287 1427 dl

152 1446 354 1532 nuditum
373 1442 424 1511 cisi
447 1443 504 1510 uui
525 1441 652 1529 probriu
670 1450 739 1510 cciv
756 1446 900 1512 δείπνων
927 1441 1189 1511 ἀποτινέτωσαν.
1235 1446 1286 1513 Eu

153 1536 235 1621 apud
255 1536 472 1598 l'bilostratum
492 1533 525 1594 in
541 1532 711 1595 Polemone
736 1530 806 1614 [vit.
821 1530 922 1614 Sepla.
943 1531 1033 1613 1,25‚
1053 1531 1081 1616 §.
1097 1536 1130 1614 9]
1152 1534 1286 1637 sophista

154 1628 251 1685 laceta
263 1620 389 1685 lusturm
404 1617 445 1680 de
456 1617 591 1703 quodam
602 1617 744 1698 indocto,
765 1617 822 1683 sed
841 1618 936 1682 divite
954 1619 1129 1699 recitatore,
1151 1641 1207 1705 qui
1221 1622 1285 1683 loe-
1319 1628 1325 1659 ·'

153 1728 213 1771 ntus
226 1707 387 1769 exercebat
398 1715 429 1765 et
440 1715 531 1790 pacto
547 1703 587 1766 de
596 1705 694 1766 usuris
708 1707 768 1767 hoc
781 1726 904 1790 semper
915 1703 1057 1784 addebat,
1070 1699 1112 1768 τὸ
1126 1702 1187 1769 stul
1201 1708 1285 1789 μελι-

153 1796 278 1866 cuatus
300 1783 529 1869 ἀκροάσεσθαι
545 1787 646 1869 [eddi
668 1783 934 1872 u'upociouobutl,
961 1802 1052 1874 atque
1069 1812 1110 1852 ex
1125 1792 1187 1853 bac
1210 1790 1285 1878 pacti

155 1878 299 1941 ctmuenti
322 1880 391 1957 lege
415 1875 561 1939 adversus
581 1896 637 1937 eos
658 1879 783 1956 agebat,
809 1878 862 1962 qui
882 1876 1109 1939 recitationibus
1136 1877 1203 1940 suis
1227 1899 1285 1941 non

153 1968 342 2027 interessent.
377 1957 507 2023 Sumen
523 1956 675 2024 calidum
689 1963 741 2040 ait,
780 1962 831 2025 uia
845 1962 929 2025 cibos
944 1983 1036 2047 quam
1046 1963 1285 2027 ferventissimos

152 2050 269 2113 mensis
288 2049 401 2111 inferre
419 2047 514 2108 moris
536 2057 617 2110 erati
639 2058 673 2107 ut
693 2044 733 2108 ad
757 1985 949 2110 dthenaeum
969 2049 1188 2113 monebamus.
1211 2046 1285 2128 [Su-

153 2154 231 2197 meu
251 2156 302 2221 ap.
316 2132 477 2196 Romanos
496 2132 530 2193 in
550 2133 680 2194 summis
700 2131 816 2195 deliciis
828 2135 1013 2212 habebatur3
1034 2155 1065 2197 v.
1079 2132 1182 2199 Plum
1194 2159 1205 2216 3
1219 2154 1285 2223 po·
1330 2156 1332 2167 ·

152 2240 235 2283 rcere
247 2240 304 2307 pro
317 2238 490 2304 apponere;
511 2238 543 2281 v.
565 2214 657 2279 eund
700 2214 868 2298 Comites,
889 2219 1050 2281 domestici
1062 2221 1246 2306 plerumque
1258 2231 1286 2283 et

152 2307 287 2383 clientes,
307 2305 359 2389 qui
372 2302 578 2389 prodeuntem
592 2300 631 2363 ad
645 2302 835 2366 recitandum
849 2307 1070 2367 comitabantur
1085 2316 1116 2367 et
1138 2305 1182 2389 ad
1200 2308 1285 2394 plau-

151 2412 223 2457 sum
235 2391 474 2477 disponebantur
490 2388 643 2469 (Juvenal.
659 2387 732 2468 Vll,
746 2388 819 2470 ts);
841 2393 881 2452 cf.
897 2390 942 2453 Pl.
961 2387 1144 2470 Lucerna,
1166 2394 1286 2456 laneum
1327 2434 1330 2439 -

151 2478 289 2563 pallium,
309 2473 393 2560 quod
405 2486 497 2554 togae
509 2476 560 2537 vel
573 2477 637 2553 ejus
652 2474 721 2537 loco
735 2475 856 2538 tunicae
870 2476 1074 2556 injiciebatur,
1097 2478 1177 2540 olim
1196 2478 1287 2543 vesti·

151 2574 291 2627 utentum
312 2561 456 2638 militare,
486 2560 630 2621 extremis
650 2560 835 2647 reipublicae
859 2563 1048 2647 temporibus
1070 2563 1166 2626 etiam
1183 2565 1217 2627 in
1238 2586 1286 2627 ur-

152 2652 225 2713 beiu
236 2648 331 2709 irmm
353 2666 418 2707 ens.
460 2644 581 2707 Horatii
593 2647 696 2707 locum
713 2647 904 2710 simillimum
922 2670 953 2712 v.
968 2649 1002 2710 in
1015 2645 1139 2728 Imitat]

236 2732 287 2797 56.
354 2739 368 2792 t
388 2749 507 2793 verum
514 2776 527 2808 ,
551 2727 684 2816 inquis,
707 2735 810 2813 amu]
846 2733 925 2796 lllira
952 2734 1102 2815 elegantia
1122 2736 1287 2799 vanitatem

150 2822 263 2883 borum
283 2811 471 2898 φιλοδόξων
494 2815 656 2902 poitarum
683 2821 725 2881 ob
746 2821 853 2882 oculos
875 2820 978 2905 ponit,
1008 2817 1178 2902 μιμήσεως
1195 2822 1288 2902 figura

101 2930 138 2987 ρρ
152 2903 366 2969 venunuime
380 2914 485 2966 utens:
507 2903 573 2980 isti,
595 2902 652 2981 ait,
673 2914 834 2989 postquam
851 2904 964 2990 aliquid
978 2905 1147 2985 recitarunt,
1171 2906 1288 2971 audito-

152 3012 201 3057 res
216 2987 289 3075 quid
309 2988 368 3051 sibi
386 2989 488 3051 visum
507 2988 599 3050 suerit
612 3000 720 3068 rogant
734 3010 786 3070 ac,
807 2996 894 3075 quasi
908 2993 1073 3078 prolicere,
1097 3014 1163 3054 non
1175 2991 1288 3056 laudarl

150 3086 309 3163 cuperent,
330 3073 518 3138 verum'sibi
539 3072 599 3135 dici
620 3086 708 3136 orant
733 3086 764 3138 et
782 3077 941 3139 veritatem
961 3099 995 3139 se
1011 3098 1114 3140 amare
1137 3076 1287 3141 dictitant:

150 3174 254 3249 putes,
277 3181 347 3222 cum
366 3160 443 3222 haec
462 3158 578 3237 rideas,
601 3161 741 3244 quamvis
757 3182 864 3241 graves
884 3183 952 3225 esse
966 3163 1061 3227 viros.
1104 3163 1177 3226 Pari
1188 3164 1288 3243 suari-

151 3260 211 3313 tuto
225 3242 391 3309 vanitatem
412 3244 545 3310 eandem
567 3247 715 3331 expressit
732 3246 873 3310 Arrianus
892 3250 970 3311 libro
990 3250 1096 3328 tertio,
1123 3270 1162 3312 eo
1182 3272 1217 3313 ca
1239 3250 1287 3329 ite,

170 3332 232 3397 uutl
255 3329 401 3394 adversus
423 3327 501 3415 sotir
522 3325 836 3414 ἄναγιγνώσιιονιας
856 3330 913 3397 καὶ
938 3330 1199 3416 διαλεγομένους
1216 3271 1288 3401 lxt-

149 3358 319 3491 dtuttutois
332 3415 391 3496 [est
403 3417 466 3495 23]‚
489 3415 529 3478 de
546 3418 655 3501 quibus
674 3418 744 3480 heic
759 3418 889 3499 Persius,
912 3431 958 3483 est
975 3423 1139 3506 scriptum:
1162 3418 1288 3507 πρώην,

150 3506 262 3591 iuquit,
284 3498 673 3584 ἑπαινιθεὶςπεριήρχον
699 3500 755 3568 καὶ
776 3507 879 3568 πᾶσιν
900 3502 1021 3589 ἔλεγες,
1044 3506 1076 3569 cl
1100 3504 1289 3586 corstona

153 3585 358 3673 Θαυμαστὸς,
378 3583 483 3693 κύριε,
503 3581 566 3671 τὴν
581 3583 664 3671 ἐμήν
683 3603 737 3652 σοι
755 3589 931 3674 σωτηρίαν.
955 3594 1027 3668 πῶς
1046 3587 1080 3655 δ’
1095 3585 1193 3658 εἶπον
1209 3590 1289 3659 ἐκεῖ-

149 3700 207 3743 νος
234 3672 273 3739 rd
297 3678 413 3753 xoiou3
445 3692 534 3738 οπον
561 3667 726 3755 ἃιὲγρννα
749 3671 929 3741 τὸνΠᾶνα
955 3675 1011 3742 καὶ
1034 3673 1093 3754 cois
1120 3675 1289 3762 Νύμφας·

145 3762 342 3843 Ὶὶιρφνοῑς
361 3759 401 3843 [§.
418 3761 485 3839 11]:
507 3780 546 3822 ne
559 3758 619 3821 dici
633 3760 757 3844 quidem
774 3775 885 3849 potest,
903 3786 995 3849 quam
1007 3767 1089 3827 bene
1101 3765 1180 3827 haec
1196 3766 1290 3836 Persii

151 3854 252 3915 lutuno
265 3848 412 3911 illustrent
428 3844 519 3924 [adde
534 3845 633 3930 aliqua
648 3867 697 3932 ap.
712 3846 789 3930 Pl.];
811 3850 867 3912 sed
880 3849 971 3936 poe'ta
986 3849 1189 3915 doctissimus·¹
1197 3853 1290 3916 istum

151 3956 291 4003 rmum:

235 4016 283 4083 ut
297 4022 440 4092 aarum,
451 4011 581 4101 inquis,
605 4036 707 4094 amo,-
728 4038 849 4082 verum
865 4016 954 4082 mihi
970 4016 1078 4082 dicite
1100 4016 1143 4083 de
1159 4043 1226 4100 me,

151 4130 191 4179 er
204 4104 302 4173 Plauti
320 4101 506 4167 Mostellaria
523 4122 614 4189 pene·
627 4102 668 4166 ad
686 4108 816 4169 verbum
835 4107 1032 4192 transcripsit:
1060 4107 1114 4168 ubi
1134 4106 1288 4172 Philema-

152 4198 228 4265 Μ
249 4190 403 4277 Scapham
425 4188 566 4251 ancillam
589 4187 633 4251 sic
656 4190 817 4274 alloquitur
848 4190 889 4271 [l,
912 4197 942 4271 3,
964 4192 1036 4271 24]:
1066 4189 1145 4279 Ego
1168 4214 1290 4259 verum

152 4300 253 4355 «saur,
279 4294 400 4341 verum
423 4268 501 4338 volo
532 4271 619 4336 mihi
649 4271 740 4336 dici:
772 4274 961 4339 mendaces
985 4272 1045 4338 odi
1050 4298 1062 4353 3
1095 4281 1165 4359 lege
1190 4293 1289 4344 totum

151 4365 332 4457 printlpiutn
360 4365 424 4442 ejus
445 4380 572 4438 scenae,
584 4432 589 4439 .
602 4369 671 4423 actu
692 4361 807 4446 primo:
835 4375 882 4426 est
901 4363 986 4426 enim
1014 4365 1163 4444 singulari*
1185 4369 1289 4534 lepore

153 4450 321 4519 canutum
365 4447 487 4513 linces
501 4444 682 4510 Tattiusad
696 4443 848 4528 Quintum
870 4452 994 4512 nauem
1014 4447 1067 4530 [IL
1081 4453 1131 4531 16,
1145 4449 1207 4535 ρο
1242 4456 1289 4533 ju.
