2700 4972
139 364 229 409 niv
330 404 335 411 ,
550 340 584 403 Α.
627 338 872 408 PERS-I'l

140 514 308 602 Juppiter?
350 522 402 605 aut
422 508 569 597 quidnam
589 519 653 590 est,
677 532 738 599 qua
758 485 793 574 d
816 514 959 579 mercede
980 517 1107 583 deorsum

140 620 261 686 Emeris
282 620 455 685 auriculas?
498 620 646 705 pulmone
666 624 698 683 'et
717 621 846 684 lactibus
866 624 991 690 unctis?
1192 674 1195 685 .
1240 636 1285 701 30

225 728 305 791 Ecce
327 728 410 807 avia,
439 737 491 790 aut
511 737 654 789 metuens
674 724 784 791 diuum
805 742 983 812 matertera,
1010 736 1095 800 cuuis

141 836 266 921 Exemit
285 824 416 923 puerum
435 837 629 919 frontemque
649 844 740 919 atque
759 832 822 897 uda
844 838 953 902 labella

140 942 255 1009 lnfami
276 944 371 1025 digito
394 953 424 1007 ct
445 940 619 1005 lustralibus
639 950 711 1005 ante
725 941 836 1007 -salivis

141 1050 268 1138 Expiet,
294 1061 416 1113 urentes
438 1032 545 1113 oculei
565 1048 706 1111 inhibere
725 1048 833 1135 perita.

142 1158 232 1221 Tunc
252 1158 394 1222 manibus
415 1156 511 1245 quatit
531 1166 564 1219 et
582 1176 672 1241 spem
690 1164 827 1219 maurum
847 1159 983 1245 supplice
1003 1177 1079 1228 voto

142 1265 231 1330 Nunc
251 1250 350 1329 Licini
369 1267 403 1328 in
425 1284 568 1350 campos,
596 1284 679 1325 nune
700 1262 802 1329 (11αωὶ
820 1264 914 1329 mittit
932 1268 965 1331 in
988 1271 1098 1339 eedesr

111 1362 114 1367 ’
143 1373 250 1441 Hunc
265 1382 389 1461 *aptent
407 1391 580 1460 generum
602 1389 665 1432 rex
688 1378 723 1435 et
743 1368 887 1458 regium
915 1376 1053 1459 puellae

144 1476 250 1549 Hanc
271 1478 414 1567 rapiant
420 1503 433 1559 3
464 1472 629 1567 quicquid
652 1474 845 1543 calcaverit
865 1477 942 1562 iric,
972 1506 1053 1550 rosa
1066 1483 1166 1573 fiat!

144 1588 198 1652 Ast
218 1610 277 1671 ego
298 1589 407 1651 nutrici
427 1608 491 1649 nou
511 1582 627 1647 mando
647 1596 739 1650 vata:
772 1596 884 1667 negato

144 1692 283 1780 Ju'ppiter
302 1697 380 1759 haec
400 1695 463 1774 illi,
492 1690 631 1779 quamvis
653 1702 683 1753 te
708 1695 808 1755 albata
828 1695 950 1774 rogarit.
1064 1701 1068 1707 '
1246 1710 1290 1778 40

229 1802 336 1869 Poscis
355 1822 450 1891 opem
471 1799 574 1863 nervis
596 1782 766 1884 carpusque
784 1798 877 1865 fidele
897 1818 1053 1873 senectae:
1079 1860 1082 1865 .
1124 1852 1127 1857 -

145 1911 253 1993 Esto‚·
265 1924 341 1994 a'ge:
385 1908 441 1974 sed
461 1908 590 1995 pingues
611 1905 733 1990 patinae
754 1918 915 1995 tucetaque
936 1933 1034 1978 crassa

146 2021 286 2085 Aunuere
305 2020 355 2083 his
376 2037 503 2103 superos
522 2024 666 2088 vetuere,
693 2010 865 2100 iovemque
886 2032 1052 2087 morantur.

128 2172 140 2197 ,
231 2127 313 2193 Rem
335 2139 450 2191 struere
472 2132 600 2208 exoptas
622 2140 711 2183 caeso
733 2123 831 2201 bove,
860 2120 1105 2219 Mercuriumque

146 2237 280 2323 arcessis
300 2237 393 2300 fibra:
437 2224 486 2292 da
498 2224 690 2314 fortunare
713 2239 876 2312 penates,
1247 2248 1290 2318 45

147 2341 210 2409 Da
224 2330 351 2430 pecus,
382 2347 417 2402 et
434 2332 605 2425 gregibus
623 2329 786 2419 foetum!
829 2334 919 2422 Quo,
941 2346 1091 2431 pessime,
1112 2365 1218 2439 pacto,

147 2450 211 2515 Tot
230 2451 288 2513 tibi
306 2451 340 2512 in
360 2450 502 2512 flammas
523 2444 660 2525 junicum
682 2455 806 2507 omenta
826 2446 1020 2532 liquescant?

74 2589 110 2627 ..·
147 2558 310 2622 Attamen
330 2558 381 2621 hic
402 2554 479 2620 extis
501 2564 532 2616 et
557 2553 663 2638 opimo
684 2553 807 2617 vincere
828 2557 907 2618 ferto

147 2664 299 2730 Intendit:
315 2640 410 2753 ¹jam
433 2656 558 2726 crescit
580 2678 686 2761 ager,
706 2658 792 2746 jam
814 2662 938 2728 crescit
959 2666 1067 2752 ovile,

148 2766 232 2832 Jam
254 2765 411 2850 dabitur,
436 2764 615 2853 jamjam!
659 2764 758 2829 donec
780 2767 925 2853 deceptus
946 2781 977 2833 cl
998 2794 1108 2860 exspes
1248 2782 1291 2849 50

145 2876 360 2963 Nequidquam
379 2875 477 2942 fundo
499 2875 628 2961 suspiret
648 2896 793 2939 nummus
813 2876 847 2937 in
867 2876 943 2941 imo.

237 2982 272 3046 si
291 2985 346 3048 tibi
368 2997 497 3050 crateras
521 2980 637 3063 argenti
657 2981 822 3067 incusaque
842 2983 948 3068 pingui

150 3090 232 3155 Auro
256 3089 472 3167 deraserunt,
501 3088 594 3154 sudes
616 3100 646 3150 et
666 3100 790 3175 pectore
810 3093 901 3155 laevo

149 3196 291 3261 Excutiat
311 3213 410 3281 guttas
432 3199 537 3264 laetari
559 3197 783 3285 praetrepidum
805 3221 874 3263 cor:

150 3305 232 3367 Hinc
253 3306 329 3369 illud
349 3309 458 3388 subiit,
487 3328 561 3369 auro
582 3326 683 3369 sacras
704 3306 787 3392 quod
808 3319 901 3374 ovato

150 3410 295 3481 Perducis
316 3417 428 3479 facies:
472 3433 555 3475 nam
569 3408 709 3499 fratrae
732 3410 826 3478 inter
846 3414 969 3494 cahos,

152 3510 298 3579 Somnia
314 3515 449 3602 pituita
470 3517 531 3607 qui
544 3519 805 3608 purgatissime
826 3520 982 3605 mittunt,

156 3618 347 3709 Praecipui
371 3636 489 3711 aucte,
519 3624 634 3715 aitque
654 3624 728 3691 iilic
749 3650 860 3695 aurea
880 3627 1000 3697 barba.

237 3730 354 3796 Aurum
373 3757 448 3802 vasa
468 3734 589 3801 Numae
610 3733 810 3824 Saturniaque
829 3739 952 3827 impulit
971 3762 1042 3807 aera

153 3834 354 3928 Vestalesque
375 3864 481 3924 urnas,
510 3854 541 3906 et
559 3840 697 3908 Tuscum
718 3847 810 3909 fictile
830 3858 936 3911 mutat.

154 3941 186 4008 Ο
210 3967 319 4013 curvae
339 3949 372 4013 in
392 3964 488 4015 terras
506 3949 628 4015 ammae
650 3962 681 4014 et
697 3954 880 4027 ‚coelestium
900 3955 1025 4020 inanes!

155 4047 240 4132 Quid
259 4058 360 4139 juvat,
380 4062 440 4124 hos
460 4057 583 4146 templis
603 4068 725 4124 nostros
748 4061 911 4127 immittere
932 4085 1052 4145 mores,

160 4218 368 4229 —-——.-..---

225 4311 284 4367 Sat.
301 4312 337 4366 11.
358 4314 390 4368 V.
407 4309 451 4367 42.
469 4313 586 4382 grandes
599 4313 717 4380 peticus.
737 4344 771 4353 —
787 4317 818 4369 V.
837 4316 881 4372 47.
892 4318 1019 4384 flammis.
1038 4347 1072 4357 -·
1091 4318 1123 4372 V.
1141 4318 1185 4375 48.
1205 4324 1241 4377 Et
1253 4332 1298 4379 tu·

155 4396 224 4433 marr.
243 4410 279 4421 -
295 4382 329 4436 V.
346 4386 389 4438 52.
407 4390 533 4436 crateres.
552 4412 587 4420 -
605 4382 638 4436 V.
654 4382 699 4440 54.
717 4384 846 4441 macter
862 4396 972 4458 guttas,
991 4389 1055 4444 luet.
1072 4417 1107 4428 -
1130 4389 1164 4445 V.
1182 4395 1226 4451 et.
1244 4402 1298 4450 ter-

155 4449 201 4505 rie·
219 4478 254 4490 —-
271 4450 305 4505 V.
323 4454 367 4510 62.
382 4453 460 4521 juvat
476 4453 539 4522 trau,
556 4452 644 4522 templ.
983 4512 986 4517 .
