2700 4972
105 312 150 375 ss
195 388 199 401 1
306 374 309 381 ,
429 252 893 401 sconuanrnmirs

61 528 64 533 ·
105 480 170 545 sale
189 499 245 543 eos
265 475 391 545 defricet
412 498 449 543 ac
465 430 561 544 ridete
581 477 784 564 patrocinium
805 487 852 540 est
875 478 915 541 ab
936 478 1004 556 elus
1020 488 1143 559 mente,
1166 481 1249 561 cujus

105 584 270 653 personam
287 564 430 643 assumit,
451 563 555 628 irrisus
568 575 614 626 est
629 566 669 627 ab
689 563 950 645 auctorislmente.

196 645 488 732 Quo'didicisse?]
509 647 589 728 Quis
605 661 652 712 est
669 650 740 712 finis
755 646 947 729 studiorum,
976 648 1003 713 si
1019 649 1072 711 hie
1093 670 1162 711 non
1177 650 1246 717 est?

98 737 176 800 'Jarn
195 736 329 800 dixinius
350 739 450 800 solere
469 735 608 799 Persium
628 733 669 797 ad
688 736 979 821 contemplationem
1000 756 1148 799 revocare
1168 736 1247 815 tinia

106 827 190 903 eujus
206 844 311 887 caussa
326 824 404 884 haec
421 824 526 885 omnia
542 823 635 901 fiunt3
657 820 696 883 de
712 843 775 906 quo
788 822 883 883 multa
902 822 1046 885 inferius:
1068 822 1139 883 beic
1157 820 1248 901 igitur

104 908 238 972 ostendit
252 909 409 994 proposito
424 910 485 969 hoc
506 910 650 994 exemplo
665 908 806 987 ignotum
826 909 920 986 vulgo
937 928 1005 969 esse
1019 906 1117 969 finem
1129 906 1246 971 smdio-
1272 968 1277 973 .

103 1016 173 1056 rum
185 1006 231 1074 et,
253 996 331 1057 sicut
342 994 414 1057 alibi
428 993 516 1072 dicit,
540 991 707 1080 quidnam
721 992 848 1056 victuri
855 992 1059 1078 gignamur.
1088 990 1151 1072 [lta
1160 992 1245 1055 illan.

48 1150 51 1154 ,
104 1086 144 1163 23
165 1080 243 1144 tus:
267 1077 356 1167 quod
363 1102 376 1141 .·
399 1080 490 1143 ceteri
508 1077 605 1142 Godd.
624 1100 733 1141 omnes
746 1079 998 1153 consentiuntin:
1024 1076 1120 1162 Quid
1130 1075 1243 1157 didio,

102 1166 137 1227 in
153 1188 213 1251 quo
236 1164 352 1228 tuendo
371 1189 435 1229 non
456 1166 639 1229 satisfecisse
655 1163 740 1227 Pass.
762 1167 905 1229 observat
920 1162 1017 1229 Orell.
1058 1160 1108 1226 Aa
1122 1176 1244 1227 senteu-

102 1252 178 1314 tiam
193 1262 268 1315 sane
280 1252 363 1327 ,nihil
379 1252 479 1353 aptius
496 1253 607 1315 vocula
631 1250 722 1333 Quo,
753 1252 882 1313 alterum
897 1251 924 1312 si
938 1250 1085 1328 retineas,
1106 1250 1244 1351 puplica:

8 1346 11 1351 “
103 1334 189 1417 Quid
204 1349 250 1400 est
263 1336 405 1413 didicisse
416 1361 438 1400 1.
451 1360 478 1400 e.
493 1339 581 1423 quale
594 1358 617 1400 s.
633 1336 821 1422 quantillum,
834 1357 927 1422 quam
939 1336 1026 1423 parvi
1036 1334 1145 1422 pretii:
1165 1334 1246 1421 quod

101 1434 188 1505 gestu
203 1423 354 1509 loquentis
369 1423 562 1504 significatur.
606 1420 653 1484 lta
668 1423 750 1569 pitius
770 1422 864 1484 etiam
875 1422 974 1486 voluit
986 1421 1070 1484 Pass.
1086 1418 1244 1485 Dissimile

103 1520 149 1572 est
160 1508 245 1595 quod
256 1510 353 1573 Web.
362 1506 465 1571 laudat
476 1508 657 1573 lllaximian.
699 1508 718 1572 l}
733 1506 758 1586 I,
772 1511 852 1607 llll:
878 1505 973 1592 Quid
986 1505 1074 1571 miti
1086 1502 1244 1589 divitiae,
1280 1564 1284 1587 2

103 1606 171 1657 cett.
184 1605 308 1681 propter
320 1594 516 1681 pronomen]

187 1676 268 1745 Nisi
280 1678 343 1742 lroc
351 1676 588 1759 fermentum]
610 1676 747 1743 Volebat
760 1674 926 1764 dioensis,
949 1679 1034 1758 cujus
1053 1676 1159 1743 vicem
1171 1674 1244 1741 Per-

72 1750 76 1759 ⁴
100 1763 164 1830 sius
175 1766 326 1851 loquitur:
348 1766 408 1829 nisi
421 1766 562 1847 scientia,
585 1786 677 1851 quam
698 1765 788 1826 suerit
810 1765 918 1849 aliquis
941 1762 1000 1826 ade
1021 1775 1086 1843 tus,
1129 1764 1243 1853 colera-

97 1842 148 1914 tur
159 1851 192 1913 in
207 1853 373 1937 publicum.
416 1852 536 1916 Persius
557 1851 747 1925 σκωπτικῶς
765 1872 821 1936 pro
845 1850 971 1912 scientia
1012 1850 1020 1864 “
1044 1850 1066 1910 't
1082 1784 1243 1936 jirmeu-

100 1946 174 1999 tum
193 1948 223 2000 et
244 1933 448 2024 caprificus:
477 1937 563 2022 quia,
585 1948 619 1998 ut
637 1940 823 1999 fermentum
842 1935 875 1997 in
892 1956 1003 1999 massa.
1014 1934 1166 1997 contineri
1181 1958 1243 1997 non

101 2033 221 2109 potest,
250 2025 323 2107 quin
346 2022 398 2084 det
411 2023 664 2103 significationem
683 2023 731 2083 sui
754 2043 884 2106 eamque
905 2020 1100 2100 fervefaciat,
1128 2022 1244 2084 attollat

101 2110 138 2173 ac'
152 2106 281 2171 tandem
293 2119 428 2194 rumpat,
449 2108 525 2169 item
539 2108 694 2192 caprificus
707 2108 741 2167 in
760 2128 906 2169 saxorum
927 2105 1136 2169 commissuris
1156 2118 1243 2169 enata

99 2193 243 2295 impediri
259 2216 299 2256 ne
320 2194 373 2272 uit,
396 2192 560 2279 quominus
575 2214 648 2255 saxa
664 2191 806 2271 disjiciat:
819 2193 861 2254 ita
874 2192 1001 2255 eruditio
1015 2193 1049 2254 in
1059 2192 1166 2255 animo
1182 2193 1243 2257 leri
1281 2234 1284 2241 ·

102 2290 134 2343 et
145 2297 274 2343 manem
291 2216 420 2361 gloriam
438 2279 593 2353 ambiente
609 2279 746 2340 babitare
759 2301 825 2347 non
837 2290 953 2364 potest,
976 2278 1049 2364 quin
1062 2290 1096 2341 ut
1107 2278 1243 2341 fermen-

98 2376 167 2427 tum
180 2368 297 2427 attollat
308 2368 397 2429 illum
407 2377 496 2451 atque
509 2365 596 2426 inflet
610 2376 640 2426 et
656 2376 689 2425 ut
699 2365 855 2450 caprificus
867 2368 950 2427 foras
963 2363 1086 2450 prodire
1102 2374 1134 2427 et
1145 2383 1242 2444 agno-

100 2451 145 2513 sci
155 2450 333 2537 laudarique
347 2454 385 2515 ab
401 2452 544 2514 omnibus
562 2451 670 2537 cupiat.
716 2449 753 2531 [„
762 2448 895 2513 Causam
914 2452 977 2530 agit
989 2448 1127 2513 hominis
1141 2452 1242 2513 ambi-

95 2535 180 2616 tiosi,
195 2537 292 2622 qualis
310 2536 372 2599 erat
378 2536 477 2601 Nero:
501 2534 642 2600 subinde
657 2536 748 2600 iuter
756 2532 956 2631 {omiliasec
970 2533 1144 2601 Graecum
1153 2558 1240 2622 prq-

78 2646 81 2651 ’
98 2619 255 2687 verbium
264 2619 428 2705 jactans:
455 2620 604 2687 occultae
621 2620 770 2685 mrusicue
792 2621 924 2685 nullum
945 2644 1015 2685 esse
1032 2631 1223 2707 respectum
1229 2645 1240 2699 ς

23 2958 83 3026 ‘75

99 2704 227 2773 Sueten.
246 2707 317 2772 Ner.
342 2710 414 2773 20ss
436 2709 495 2790 Pt]
541 2708 708 2770 Historiam
725 2709 881 2773 variorum
898 2712 1122 2771 l'ermentomm
1139 2710 1237 2771 habes

98 2792 181 2878 apud
201 2794 335 2859 Plinium
351 2792 445 2876 [libro
466 2792 589 2858 XVllI.
611 2842 630 2872 „
638 2792 679 2857 V.
699 2794 863 2858 Humbert.
882 2792 923 2856 ad
949 2790 1064 2856 Baron.
1090 2800 1148 2872 11,
1167 2799 1239 2859 771.

96 2874 224 2965 Rupes-t.-
239 2880 400 2944 adtuven.
416 2887 446 2960 3,
463 2880 553 2946 189.“
575 2876 709 2958 Pecs.]:
729 2882 812 2960 cujus
828 2891 927 2941 aetate
940 2882 992 2944 vel
1012 2880 1090 2941 circa
1103 2879 1240 2965 primum

98 2964 165 3028 fieri
179 2967 281 3053 coepit
299 2969 484 3029 fermentum
506 2988 546 3028 ex
565 2965 632 3050 ipsa
648 2965 759 3044 farina,
782 2987 859 3051 quae
877 2965 1041 3046 subigitur,
1063 2966 1241 3051 priusquam

98 3049 228 3113 addatur
243 3054 298 3115 sal.
314 3052 401 3115 Plato
416 3053 495 3114 inter
510 3047 600 3129 ζέσιν
623 3063 654 3114 et
671 3045 817 3134 ζύμωσιν
837 3073 903 3113 non
924 3050 1111 3132 distinguens
1132 3050 1240 3114 definit

96 3137 158 3200 sic:
181 3139 238 3220 τῆς
252 3132 399 3221 γεώδους
420 3132 536 3213 οὐσίας
552 3130 640 3219 ὁμοῦ
654 3137 786 3220 κίνησιςΙ
801 3134 856 3202 καὶ
871 3130 1030 3219 atauus.-
1052 3136 1112 3200 sed
1129 3136 1239 3222 optimi

95 3233 235 3287 auctores
251 3223 291 3286 ad
307 3224 433 3287 affectus
452 3224 547 3286 animi
560 3225 640 3285 hanc
656 3246 768 3288 vocem
789 3227 989 3287 transierunt:
1009 3245 1066 3309 pro
1087 3224 1133 3285 ira
1156 3221 1238 3310 apud

94 3305 237 3370 Plautum
260 3308 341 3387 [Cas.
358 3308 439 3389 11‚5‚
460 3309 527 3390 17]:
551 3331 620 3373 esse
635 3308 674 3372 in
679 3305 873 3393 fermento,
895 3312 955 3372 hoc
968 3321 1014 3372 est
1027 3310 1236 3392 θυμοῦσθαι,

95 3393 308 3476 φλεγμαίνειν
329 3388 395 3458 ὑπὸ
410 3396 531 3479 χολῆς.
560 3395 718 3460 luvenalis
735 3394 802 3477 [lIl,
827 3394 917 3475 188]:

645 3480 760 3567 accqre
784 3491 817 3544 et
837 3478 931 3544 istud

306 3560 528 3627 Fermentum
550 3562 611 3627 tibi
631 3563 727 3645 liobe,

93 3647 154 3708 hoc
169 3642 215 3710 est
228 3646 408 3728 indignandi
423 3671 559 3730 caussas;
581 3650 736 3713 simillime
752 3649 886 3714 Hebraei
898 3666 970 3730 qun,
987 3648 1071 3736 quod
1078 3644 1235 3736 sermen-

94 3743 173 3795 tare
196 3745 256 3811 est,
284 3756 341 3820 pro
364 3747 484 3815 turgere
508 3738 553 3797 ira
577 3748 609 3798 et
631 3730 804 3816 βιάζεσθαι
822 3737 987 3822 accipiunt:
1016 3736 1126 3799 dicitur
1143 3750 1175 3800 et
1197 3737 1233 3799 de

92 3819 160 3881 aliis
174 3820 332 3883 affectibus
351 3823 444 3882 etiam
456 3823 490 3883 in
505 3823 597 3884 sacris
609 3823 704 3901 libris,
716 3836 783 3885 tum
799 3824 893 3887 etiarn
912 3824 1042 3884 aliorum
1057 3835 1234 3887 auctorum:

91 3904 163 4004 quia
179 3907 244 3967 fere
260 3901 442 3988 παθήματα
458 3920 528 3970 sunt
540 3902 703 3988 old-ripato
716 3921 746 3971 et
765 3907 881 3989 φνσιοὶ
900 3903 1063 3990 [piendi
1094 3908 1248 3995 Pruden-¹

90 3998 151 4052 uus
174 3989 308 4076 [Apoth.
329 3993 427 4072 422]:
463 3990 548 4056 Cum
568 3989 775 4079 tormentati
800 4005 1000 4082 turgescant
1021 4016 1150 4070 moreo3
1172 3999 1232 4059 fro-

89 4096 188 4160 queus
204 4098 269 4140 vox
282 4079 316 4139 in
330 4077 424 4141 Novo
435 4079 647 4142 instrumento.

175 4160 225 4225 Et
244 4185 330 4249 quoae
351 4163 455 4228 semel
473 4165 561 4229 intus
581 4163 713 4228 Ianam
734 4165 812 4244 est]
840 4164 913 4227 Non
934 4163 1094 4250 displiceat
1112 4164 1231 4229 simul:

34 4250 37 4255 '
87 4248 165 4309 riam
182 4269 251 4309 cum
277 4247 415 4311 doctrina
432 4252 524 4314 simul
547 4251 741 4330 ingeneratur
757 4272 793 4310 ac
813 4251 919 4313 crescit
932 4252 966 4312 in
984 4252 1100 4314 nomm
1119 4252 1231 4314 animis

87 4332 205 4414 glor-im
223 4333 371 4399 titillatio:
393 4334 449 4398 sed
463 4337 549 4399 aliter
565 4357 674 4399 omnes
687 4339 903 4416 membranae3
929 4359 988 4399 nec
1001 4349 1101 4400 muto.

172 4419 226 4485 25.
250 4417 361 4507 Rupta
368 4419 513 4507 jecore]
534 4420 606 4485 Non
624 4431 762 4484 comtant
776 4421 836 4485 sibi
848 4422 979 4487 Veteres
990 4423 1022 4484 in
1039 4423 1231 4504 assignandis
