2700 4972
162 343 206 408 14·
396 354 400 367 ·
515 306 935 410 sennensium-s
976 400 982 415 .

160 514 247 620 idem
274 514 367 601 poita
393 513 427 579 in
453 509 594 578 Serenae
620 512 797 609 hadericus
825 512 868 594 [a.
898 511 952 594 68]
981 512 1163 601 Hispaniam
1190 509 1294 601 lysa·

201 623 223 665 a
242 622 331 665 uve·
821 636 826 653 ·
852 622 855 629 ’
1087 628 1089 633 ⁴

78 756 106 771 „
161 603 241 688 μζ
407 683 531 773 primo
551 683 651 749 loom
673 684 755 767 [edd.
781 679 886 764 huot]
910 707 1056 773 aequore
1073 683 1190 751 Solem

74 849 76 853 ἢ
123 770 151 837 6.
245 769 377 836 ludio:
398 782 435 836 tu
448 770 562 858 fessos
585 781 708 836 exacto
730 771 801 834 luce
814 769 956 860 jugales

242 855 402 934 Proluis,
432 857 532 946 inque
554 867 613 922 trio
632 857 808 944 respirant
829 855 946 921 sidero
958 855 1086 946 fluctu.
1237 918 1241 923 .

155 941 245 1007 India
266 942 384 1008 lavat:
415 943 472 1007 sed
500 945 650 1031 Hispania
672 941 827 1030 proluit,
855 942 941 1027 quod
968 948 1061 1025 longe
1087 946 1198 1023 majus.
1234 941 1292 1008 11L

47 1104 51 1115 Ι
157 1033 316 1094 consulatu
336 1031 471 1094 Honorii
493 1030 536 1108 [r.
559 1033 632 1110 177]
660 1031 745 1092 canit
759 1029 799 1092 de
820 1027 1021 1095 Theodosio:
1046 1051 1050 1061 ’

209 1112 295 1180 'Te
316 1126 393 1180 tuus
416 1115 572 1181 Oceanus
598 1114 713 1180 aetoli
737 1114 880 1203 gurgite
901 1113 1032 1180 lassum

242 1200 395 1289 Excipit,
419 1213 452 1265 et
472 1202 563 1267 notis
585 1199 763 1288 Hispania
779 1200 913 1287 proluit
934 1200 1046 1287 trudis.
1245 1250 1249 1267 ,

36 1328 40 1339 f
156 1284 208 1349 Sic
229 1289 292 1350 hoe
313 1276 568 1375 locoiimphasin
595 1310 741 1370 magnam
771 1309 808 1350 ea
835 1308 900 1351 vox
926 1287 1038 1351 habet:
1067 1285 1107 1350 de
1134 1284 1293 1352 Musarum

155 1375 243 1436 fonte
272 1375 386 1437 bibisse
415 1386 466 1436 aut
498 1395 576 1460 aqua
601 1375 682 1438 illius
711 1394 868 1461 aspersum
896 1374 993 1436 fuisse
1022 1373 1088 1436 sine
1116 1371 1235 1439 invidia
1264 1386 1295 1437 et

155 1458 328 1529 mediocres
354 1459 467 1547 poiitae
496 1461 674 1541 glorientur:
706 1471 737 1521 at
763 1460 912 1544 proluisse
940 1481 975 1521 se
1001 1459 1054 1521 illo
1083 1461 1180 1529 fonte.
1199 1460 1307 1523 nemo'

156 1543 267 1608 dixerit
289 1540 356 1608 sine
377 1544 483 1631 putida
503 1546 659 1626 jactantia:
683 1546 727 1608 sic
741 1545 894 1608 Ausonius
908 1544 1074 1607 Mosellam
1094 1564 1193 1626 suam,
1215 1546 1294 1634 po'e‘-

59 1652 63 1658 ·
153 1650 208 1695 ma
229 1632 510 1715 castigatissimum²
538 1643 630 1696 vocat
650 1640 750 1694 tenire
769 1628 922 1694 libamen
941 1630 1081 1696 Musae:
1106 1643 1218 1718 postea
1238 1630 1294 1695 ad·

155 1715 200 1778 dit
221 1715 263 1804 de
281 1716 383 1804 poetis
404 1719 471 1782 aliis
497 1716 539 1798 [v.
562 1717 625 1781 445
648 1719 742 1802 sqq.]:
952 1720 957 1731 ‘

150 1813 153 1818 '
412 1819 417 1831 ¹
761 1811 840 1866 stunt
866 1799 930 1865 tibi
949 1798 1060 1880 multi,

122 1922 127 1928 ·
188 1908 191 1914 ’
238 1887 343 1954 Alrue
365 1888 495 1967 amuis,
517 1909 633 1952 sacros
653 1888 711 1975 qui
731 1884 916 1952 sollicitare
926 1887 1062 1978 fluores
1082 1938 1086 1962 ἦ

238 1973 419 2039 Aonidum
439 1987 615 2060 totamque
645 1972 754 2036 solent
780 1972 920 2037 haurire
940 1972 1163 2061 Aganippea.
1187 2040 1190 2045 ,
1280 2022 1308 2031 ,-

86 2072 89 2087 ’
154 2072 215 2143 Pro
235 2074 332 2141 modo
377 2089 446 2152 otae
467 2098 565 2164 aquae
592 2079 768 2139 facultatem
798 2078 942 2161 cujusque
956 2077 1134 2145 aestimant
1162 2075 1290 2163 poiitae:

154 2156 269 2228 Statius
288 2164 324 2226 in
345 2099 523 2228 iumentino
543 2161 635 2225 Pollii
657 2160 744 2240 [silv.
766 2158 807 2243 H,
829 2169 860 2243 2,
881 2165 958 2234 361:
1004 2226 1005 2230 ,

240 2262 323 2335 Noa
345 2264 433 2333 milti
455 2265 643 2355 sivcuuctos
665 2262 806 2329 Helicon
831 2262 1013 2352 indulgeat
1033 2288 1162 2356 arpaec.
1304 2298 1307 2303 ·

154 2369 207 2437 sie
234 2372 329 2435 etiam
354 2369 513 2456 Eunapius
540 2369 584 2457 [in
605 2367 787 2455 Sopolide‚
838 2414 848 2432 .
872 2367 942 2433 157.
962 2369 1009 2431 ed.
1032 2369 1144 2450 Planta
1170 2365 1292 2455 (insidat

49 2488 53 2503 ·
154 2454 351 2523 Kouralios
370 2459 504 2542 appellat
524 2454 640 2541 oppido
666 2467 793 2518 tenuem
814 2391 937 2517 dicendi
965 2457 1153 2518 facultatem.
1195 2455 1291 2535 [Con-

153 2555 233 2607 torta
254 2545 332 2605 haee
358 2541 520 2628 explicatio
543 2553 574 2603 et
589 2541 712 2621 longius
737 2542 849 2626 petita:
876 2541 1021 2604 nunirmn
1039 2543 1099 2605 illis
1119 2544 1222 2608 ve'rbis
1243 2555 1290 2607 te-

154 2641 205 2694 cte
231 2626 407 2710 significate,
429 2626 568 2691 Persium
595 2626 766 2690 modestius
797 2649 832 2692 se
858 2628 974 2690 bibisse
1008 2626 1047 2690 de
1077 2629 1299 2714 Hippocrene3·

154 2737 255 2779 enare
276 2714 372 2779 etiam
392 2711 461 2777 Cas.
493 2714 530 2776 in
546 2711 733 2799 exponenda
750 2734 832 2777 voce
847 2709 1007 2798 proluere
1027 2713 1112 2779 Pass.
1133 2714 1289 2796 indicavit,

153 2799 283 2865 laudans
305 2798 406 2865 Ovis.
429 2798 513 2863 Fast.
533 2797 597 2878 IV,
620 2803 699 2863 778:
729 2808 763 2863 et
791 2798 875 2861 oioo
895 2797 1022 2883 prolu'e
1049 2822 1129 2864 rore
1156 2804 1289 2866 marries.¹

154 2886 204 2951 cf.
223 2887 333 2949 Horat.
345 2883 410 2948 Sat
428 2883 473 2964 ΙΙ,
492 2882 525 2964 4,
545 2888 599 2962 es,
618 2885 672 2947 ubi
690 2885 835 2969 praecipit
850 2882 970 2948 Catius:
992 2883 1062 2948 leui
1074 2885 1290 2972 praecordio

112 3036 116 3047 ,
153 2970 265 3049 mulso
285 2968 511 3035 Prolueris
533 2968 670 3035 melius:
693 2968 855 3055 quoniam
866 2968 986 3033 vacuis
1005 2971 1215 3038 committere
1226 2995 1289 3039 ve-

152 3058 210 3122 ais
230 3053 295 3123 Nil
319 3055 388 3121 uisi
415 3055 490 3121 leae
518 3053 621 3120 decet.
663 3054 755 3120 Idem
779 3054 928 3136 judicium
956 3054 1105 3129 Stieb'eri
1131 3081 1183 3144 ap.
1203 3057 1288 3125 Pass-

151 3165 186 3231 pa
205 3141 309 3223 VEL]
348 3141 421 3208 Non
440 3143 679 3229 praetermittam
699 3140 783 3228 quod
804 3141 887 3228 apud
908 3141 1073 3206 Thoonem
1092 3143 1175 3208 Arati
1193 3145 1289 3209 inter-

121 3290 125 3301 „
150 3241 277 3316 pretem·
294 3230 336 3315 [p.
359 3234 430 3309 128,
452 3234 473 3294 2
495 3228 545 3293 ed.
558 3228 650 3291 Vaid.
675 3231 759 3295 1536
779 3227 820 3290 ad
837 3250 936 3294 vers:
952 3221 1043 3292 Ἀλλ’
1066 3225 1131 3309 ἄρα
1153 3229 1187 3295 oi
1207 3252 1289 3312 κρα-

150 3314 204 3394 ti]
233 3315 312 3394 legi:
340 3314 415 3377 huic
435 3314 490 3376 uni
510 3316 590 3394 fonti
617 3315 757 3400 primitus
783 3315 928 3378 tributam
955 3314 1051 3378 fuisse
1065 3312 1209 3402 *Κρὴνης
1232 3340 1288 3405 ap·

150 3401 359 3486 pellationem,
377 3397 453 3463 inde
473 3398 514 3462 ad
537 3401 617 3463 alios
636 3404 739 3465 fontes
758 3422 872 3466 vocem
890 3400 1057 3466 transiisse.

241 3499 453 3582 Gaballiua]
479 3499 582 3564 Etirun
602 3504 680 3564 haec
699 3522 765 3566 vox
786 3523 879 3566 suum
899 3505 1040 3566 aculeum
1054 3502 1173 3589 babet:
1197 3520 1287 3595 pota·

27 3630 30 3643 ·
152 3599 200 3651 rat
220 3589 304 3651 enfin
323 3589 381 3652 sic:
402 3583 476 3654 Nec
492 3582 590 3675 sonte
608 3587 727 3674 equino
742 3585 844 3652 labro
860 3588 1040 3654 mersimus
1056 3602 1197 3656 nostra:
1218 3610 1287 3658 ma:

151 3675 208 3736 luit
228 3686 332 3736 autern
354 3670 555 3737 Caballino:
575 3673 660 3759 quod
680 3694 796 3765 nomen
818 3685 864 3738 est
884 3676 1078 3740 inhonestius
1098 3677 1150 3755 [de
1166 3678 1286 3762 Pegaso

152 3771 249 3836 certe,
279 3760 462 3824 assentiente
486 3760 580 3824 etiam
608 3758 770 3824 Heindorf.
798 3758 838 3823 ad
858 3760 938 3824 Hor.
958 3760 1022 3827 Sat.
1041 3761 1073 3842 I,
1095 3769 1124 3844 6,
1148 3764 1220 3847 591,
1253 3776 1288 3829 ut

150 3857 232 3908 recte
246 3844 359 3925 judicet
371 3857 460 3911 vetus
479 3846 645 3932 interpres:
666 3843 724 3909 sed
745 3862 798 3908 cnr
816 3847 878 3908 hoc
897 3850 1029 3910 verbum
1049 3852 1201 3936 usurparit
1220 3874 1286 3915 non

151 3950 190 3994 ea
211 3953 316 3995 caussa
337 3944 400 4012 est,
420 3952 512 4018 mam
531 3933 584 3995 ille
604 3933 708 4011 affert,
729 3954 830 4019 neque
843 3931 920 3994 illud
933 3936 1050 4013 solum,
1073 3934 1158 4020 quod
1173 3960 1285 4002 nume-

116 4024 135 4080 7
151 4016 250 4079 rosior
268 4019 311 4079 ita
331 4018 366 4079 fit
383 4039 508 4083 versus:
536 4039 645 4082 verum
664 4020 736 4095 ista,
767 4016 852 4104 quod
872 4021 1079 4082 contemnenti
1098 4034 1129 4087 et
1152 4026 1284 4088 subsan-

151 4104 238 4165 nanti
259 4122 296 4165 ea
316 4124 381 4167 vox
402 4115 466 4166 erat
479 4104 594 4190 aptior:
612 4099 779 4189 καβάλλης
798 4105 882 4166 enim
898 4101 1021 4168 Graecis
1043 4117 1075 4169 et
1087 4107 1202 4172 Latinis
1225 4133 1284 4175 ca·

61 4184 268 4268 ”populos
299 4211 363 4251 non
388 4189 489 4274 quivis
516 4211 613 4276 equus
639 4189 766 4273 dician,
800 4189 857 4253 sed
880 4192 1052 4268 jumentum
1080 4191 1300 4277 damasum,

151 4269 349 4358 astatoria:
377 4275 522 4339 Horatius
545 4274 613 4375 [Ep.
635 4275 660 4356 Ι,
684 4280 734 4355 18,
756 4279 820 4363 36],
1299 4270 1302 4277 ’

468 4361 600 4427 olitoris
617 4372 709 4535 [figent
729 4361 884 4428 mercede
905 4356 1096 4438 caballum

151 4443 422 4532 autpistriuense:
444 4447 598 4513 Ausonius
702 4459 725 4514 t„
745 4447 842 4531 XXI,
864 4444 927 4527 341,

727 4802 734 4815 ⁸
981 4782 1036 4859 ἦ
1082 4820 1091 4839 x
1133 4830 1146 4847 ἢ,
1168 4792 1215 4843 ιζ’]
1244 4832 1247 4835 .

900 4864 930 4909 p.
1102 4850 1120 4895 ⁸,
1158 4858 1209 4901 ·÷:

865 4932 868 4935 .
917 4912 920 4917 '
1167 4908 1211 4935 .e.'
