2700 4972
366 324 925 442 sorsassssarlumrt.
990 370 994 382 ,
1085 370 1088 386 ι
1180 360 1225 423 τι
1285 301 1288 307 ’

71 521 196 593 tollere}
217 519 322 604 ltaque
338 517 434 585 Persii
455 530 554 586 aetate
571 543 610 587 eo
632 533 760 587 ventum
781 534 854 603 erat,
870 533 904 586 ut
924 522 991 589 sine
1010 520 1128 604 iudicio,
1146 528 1221 608 ullo,

68 607 148 671 sine*
159 603 334 681 modestia,
354 606 561 689 inverecunde
582 630 706 694 prorsus
728 620 818 695 atque
838 607 1049 694 impuderiter‚
1069 611 1122 695 qui
1141 615 1220 677 reci·

66 691 180 755 tationi
191 691 367 770 intererant,
390 695 552 755 confusam
564 714 677 758 uocem
692 697 863 763 attollerent
878 706 909 758 et
931 696 1037 759 omnia
1051 690 1217 778 laudarent,

65 776 197 843 sed-illa
219 778 429 863 potissimum,
458 799 537 864 quae
562 781 723 865 postoritia
751 781 853 845 fishrla
880 792 913 844 et
940 781 1037 845 sibilis
1062 794 1146 845 erant
1168 782 1217 848 di.

65 864 233 944 gnissima:
264 874 331 927 tum
358 865 442 927 enim
463 866 593 928 maximi
616 867 767 930 clamores
787 873 829 929 *et
856 868 979 952 plausus
1000 869 1217 951 excitabantur,
1290 865 1304 895 ‘

69 955 141 1012 curis
172 961 317 1013 tenerum
348 949 464 1039 aliquid
490 971 526 1012 ac
553 953 648 1014 molle
675 951 716 1015 ad
742 972 829 1016 aures
857 952 1023 1034 acciderat,
1053 954 1125 1015 hinc
1146 956 1217 1020 illae

62 1034 192 1122 putidae
213 1035 463 1099 acclamationes:
486 1038 618 1118 σοφοῖς,
641 1037 751 1117 θείοις,
773 1034 879 1114 Bene,
899 1033 1009 1112 Recte,
1031 1035 1215 1119 Decenter,

62 1133 94 1187 et
116 1121 246 1199 similes,
268 1119 308 1183 de
329 1121 439 1206 quibus
460 1122 533 1185 alibi
555 1123 741 1187 dicebamus.
765 1123 818 1203 [V.
836 1121 945 1189 laudd.
968 1123 1007 1187 ad
1021 1122 1056 1189 vj
1070 1127 1123 1205 15.Δ
1141 1124 1214 1189 Ρο-

59 1204 166 1293 palo-l
204 1204 279 1270 June
307 1207 398 1288 igitur
424 1206 546 1271 Persius
573 1231 695 1273 morem
721 1211 804 1291 hunc
834 1207 960 1272 damnat
983 1220 1016 1271 et
1035 1211 1213 1296 improbum
1229 1210 1265 1267 66

61 1304 165 1357 vocat.
209 1290 283 1357 Non
302 1294 516 1379 praetermissa
537 1295 615 1368 haec
636 1317 706 1393 pars
729 1316 747 1357 a
772 1295 953 1375 gravissirno
975 1296 1123 1381 scriptore
1138 1297 1212 1361 Plu-

43 1379 168 1440 -tarcho
189 1377 225 1439 in
246 1378 325 1440 libro
346 1376 404 1442 De
425 1374 541 1464 officio
565 1378 747 1456 cunductitii,
777 1382 947 1443 ubimulta
975 1393 1101 1466 peccata
1121 1402 1211 1447 com-

60 1472 274 1529 memorantur
293 1464 353 1527 illis
374 1464 554 1545 familiaria,
576 1467 630 1550 qui
651 1465 691 1528 ad
711 1465 900 1529 audiendum
922 1470 1210 1533 convenerantz‘ibi
1309 1507 1312 1527 2

62 1549 157 1613 ctiam
177 1550 221 1612 ait
247 1550 319 1612 illos
344 1543 546 1632 ἀσχημονεῖν
573 1564 604 1614 et
624 1544 907 1636 ὑπερασχημονοῖν
939 1547 1125 1617 καὶπολλὰ
1153 1568 1214 1619 oo·-
1273 1566 1277 1573 '
1319 1602 1321 1609 s

60 1634 219 1714 λοιιιίζειν
236 1632 312 1717 περὶ
332 1630 392 1718 τὴν
414 1631 587 1721 ἀκρόασιν.
611 1637 652 1724 [p.
675 1643 725 1703 37.
741 1638 775 1702 C.
799 1639 851 1703 45.
872 1637 920 1716 Et]
954 1636 1041 1712 Heio
1059 1638 1092 1700 id
1113 1653 1160 1703 est
1178 1641 1210 1703 in

14 1722 20 1729 '
61 1722 302 1800 recitationibus,
324 1743 453 1807 quarum
472 1720 628 1808 praecedit
648 1725 780 1785 mentio:
800 1724 844 1785 ita
864 1723 1009 1800 Veteres,
1031 1747 1094 1786 non
1117 1735 1208 1788 tanc.

148 1814 204 1874 2⁰.
226 1802 343 1893 Neque
355 1830 445 1885 ,voce
466 1797 588 1872 serena
608 1807 774 1894 Ingentes
796 1807 975 1895 trepidare
1001 1807 1120 1890 Titos]
1151 1811 1210 1874 Vi-

62 1891 155 1973 teas,
184 1893 302 1977 inquit,
328 1891 492 1975 Romanos·
512 1898 653 1979 proceres
680 1893 837 1956 incondita
862 1915 941 1958 voce
963 1895 1144 1975 acclamare,
1175 1908 1210 1959 ut

60 1979 205 2041 homines
226 1979 412 2063 levissimos.
460 1978 532 2045 Titi
559 1970 800 2060 subitorum,
835 1982 887 2066 qui
914 1981 1114 2069 praenomina
1145 1983 1206 2044 hoc

62 2063 267 2143 denotantur,
298 2065 368 2149 quia
396 2102 404 2131 ·.

148 2146 360 2215 Gaadedaat
373 2150 607 2237 praenomine
627 2149 744 2216 molles
767 2147 975 2228 Auriculae3

62 2236 108 2301 sic
126 2236 162 2299 in
183 2234 288 2321 quinta
312 2236 377 2317 [81]
402 2235 542 2300 Marcus
563 2260 620 2324 pro
644 2239 718 2301 civis
739 2236 912 2299 Romanus:
941 2235 1079 2300 Marcus
1102 2234 1208 2299 duait:

59 2320 200 2395 iteratis
222 2319 387 2408 adsigna,
411 2321 536 2402 Marce,
559 2321 724 2387 tabellas:
744 2324 823 2384 inter
834 2323 1034 2407 praenomina
1052 2323 1206 2386 honestis·
1304 2372 1307 2379 .

57 2408 137 2471 sima
157 2418 247 2471 erant
266 2406 389 2471 Marcus
409 2419 447 2475 ,ct
469 2407 558 2471 Titus
597 2410 672 2487 [imo
705 2429 722 2469 a
758 2406 839 2472 Tito
872 2406 992 2485 Tatio,
1019 2407 1205 2470 Sabinorum
1293 2428 1297 2435 ¹

14 2560 18 2567 ,
56 2514 138 2575 rege,
159 2504 308 2574 tractum3
329 2515 359 2558 v.
380 2497 457 2556 locc.
480 2514 528 2578 ap.
549 2493 634 2577 Pasa.
659 2505 787 2579 excepto
811 2490 985 2557 Laurens.
1007 2493 1129 2580 antiq„
1152 2495 1205 2578 qui

58 2600 137 2643 rana
164 2580 302 2659 habet·];
341 2601 415 2641 nam
445 2578 528 2664 quod
556 2581 589 2642 in
619 2581 812 2664 antiquorum
841 2580 1029 2642 scholiorum
1054 2581 1205 2659 farragine

59 2666 233 2746 legitur'ab
256 2667 412 2727 obscoena
440 2665 527 2729 vocis
553 2667 633 2729 titus
659 2666 788 2727 notione
817 2663 913 2740 (unde
936 2662 1052 2729 titulus
1074 2667 1205 2729 verbum
1326 2724 1329 2729 ,

61 2747 280 2833 ιιατέμφατον
308 2749 390 2836 apud
409 2752 614 2836 nequitiarum
640 2751 815 2837 scriptores)
850 2748 945 2813 Titos
965 2751 1034 2813 heic
1059 2751 1205 2836 appellari

58 2835 230 2916 Romanos,
253 2836 310 2899 etsi
330 2837 586 2922 probariscimus
609 2837 682 2900 viris
706 2834 927 2912 eruditissimis,
949 2856 1018 2898 esse
1037 2846 1142 2898 tamen
1163 2838 1203 2898 ab

58 2916 206 2987 hocloco
224 2920 359 2985 alienum
375 2934 520 3008 putamus
533 2924 574 3000 [r.
588 2923 666 2985 haec
683 2933 901 3006 exsequentem
915 2920 999 2984 Pass.
1014 2943 1044 3005 p.
1061 2921 1202 3007 259sq.]:

59 3020 90 3071 at
107 3008 267 3095 ingentes
293 3006 366 3071 Titi
388 3007 479 3087 dixit,
509 3010 579 3094 quia
600 3029 742 3094 proceres
762 3007 941 3092 praesertim
961 3008 1092 3070 levitatis
1112 3027 1203 3069 accu-

60 3104 117 3174 sat,
143 3094 208 3157 etsi
237 3112 346 3156 omues
368 3093 505 3155 Romani
533 3095 615 3157 cives
644 3091 836 3172 Trojugenae
863 3103 952 3176 atque
980 3093 1119 3171 ingentes
1140 3090 1204 3154 Titi

59 3180 335 3244 haberivtilebaut
360 3178 548 3259 [„lllarcilius
569 3179 785 3259 Augustianos,
812 3177 966 3239 auditores
994 3188 1025 3238 et
1045 3179 1204 3262 plausores

59 3264 191 3329 Neronis
220 3263 361 3341 (Sueten.
388 3271 440 3330 20.
462 3276 493 3326 et
513 3264 598 3347 25.),
629 3264 784 3343 intelligit,
806 3263 858 3347 qui
886 3283 956 3323 cum
978 3259 1206 3326 robustissimi

61 3361 170 3415 esseut
184 3348 375 3437 juventutis
397 3350 411 3414 i
418 3358 603 3436 ageratos
624 3349 778 3427 dicuntur,
808 3359 839 3410 et
864 3345 953 3424 Titi,
982 3346 1067 3432 quod
1088 3350 1205 3432 equites

60 3438 210 3523 plerique,
229 3437 296 3500 sive
315 3448 350 3498 ut
371 3439 413 3499 ait
434 3437 581 3516 Sueton.,
604 3432 849 3500 adolescentuli
872 3436 1033 3519 equestris
1056 3431 1205 3512 ordinis,

60 3523 171 3593 aTito
193 3520 304 3605 Tatio,
332 3534 367 3584 ut
388 3520 468 3586 celsi
488 3517 661 3586 Ritumaes
692 3542 740 3607 ap.
764 3521 869 3582 Horat.
892 3519 1099 3581 dicebantur.“
1128 3520 1209 3603 Pll3

59 3604 94 3673 td
112 3605 300 3695 trepidare
321 3629 397 3672 cave
417 3612 530 3672 referas
553 3608 592 3681 ad
614 3605 791 3671 libidinem:
813 3603 870 3668 sed
893 3615 939 3667 est
959 3605 1003 3666 illi
1025 3604 1126 3668 simile
1141 3603 1256 3689 Sa-(ss)

60 3694 130 3759 tiras
152 3695 321 3780 sequentis·
343 3694 385 3772 [v.
408 3694 461 3774 54]
492 3692 620 3758 laetari
646 3688 906 3778 praetrepidum
936 3711 1014 3753 cor.-
1042 3691 1151 3775 quibus
1173 3689 1207 3753 in

61 3781 133 3845 locis
156 3792 188 3843 et
210 3780 362 3849 similibus
384 3778 545 3866 trepidatio
570 3791 617 3843 est
637 3770 775 3861 πτόησις
795 3771 876 3858 μετα
898 3777 1004 3858 χαρᾶς
1026 3768 1207 3857 ἄπειρατά·
1274 3826 1277 3831 .

15 3866 18 3871 ’
60 3868 118 3930 λον
139 3860 231 3949 προς
250 3861 406 3941 ἔταινονε
430 3866 545 3929 exilitio
568 3886 638 3926 cum
660 3865 807 3945 gestiente
829 3873 859 3925 et
877 3860 1023 3924 indecora
1038 3862 1152 3925 laetitia
1166 3858 1206 3923 ad

61 3951 281 4033 laudandum:¹
306 3963 353 4014 tot
385 3953 487 4016 verbis
522 3971 700 4037 expressum
730 3970 748 4010 a
776 3948 937 4011 Plutarcho
967 3949 1208 4013 observabamus

78 4038 141 4103 uod
164 4037 433 4118 ingeniosissimus
453 4035 547 4123 poiita
567 4057 647 4100 voce
666 4035 756 4096 unica
772 4033 877 4097 nescio
899 4054 940 4095 an
963 4033 1105 4119 apertius,
1126 4043 1207 4095 certe
1232 4082 1235 4088 .

62 4060 330 4211 lupariadcspor
357 4123 449 4209 dixit3
478 4121 534 4185 sed
563 4121 695 4205 loquitur
715 4119 892 4183 Plutarchus
922 4116 961 4180 de
982 4116 1121 4197 laudato,
1142 4139 1207 4179 non
1223 4143 1258 4196 57
1330 4184 1333 4189 ,

64 4209 97 4273 de
119 4209 288 4287 laudante,
316 4221 350 4271 ut
370 4209 512 4273 Persius:
539 4208 656 4272 sic.ille
679 4202 762 4285 Περὶ
788 4206 850 4269 τοῦ
872 4199 1027 4282 ἀκούειν,
1054 4206 1207 4290 quoloco

64 4308 168 4360 monet
189 4294 472 4375 inrecitationibus
493 4296 626 4357 multum
646 4292 860 4379 profici-posse
881 4292 974 4353 etiarn
995 4313 1035 4353 ex
1054 4289 1136 4354 vitiis
1157 4309 1208 4350 re-

67 4382 198 4447 citantis:
224 4376 284 4445 ual
326 4374 411 4462 itai
452 4378 499 4449 uit
519 4378 563 4466 [p.
584 4378 714 4457 40·c.],
744 4372 964 4459 διανοήματος
986 4370 1129 4440 εὐτέλεια
1151 4368 1209 4463 ital

72 4460 217 4553 ὀήμαιοτ
316 4488 375 4553 της
393 4489 438 4533 aa
462 4466 581 4560 σχῆμα
601 4458 768 4548 pausada
785 4459 842 4530 ιιαὶ
857 4456 995 4545 πτόησις
1009 4455 1090 4545 μετὰ
1104 4459 1209 4544 χαρᾶς

360 4666 367 4683 Ι

405 4692 411 4701 ι
