2700 4972
276 331 339 397 sn
361 330 536 400 raasn
557 330 658 399 sm.
679 282 974 401 rao'aoaun.
1153 336 1196 402 1a

139 500 210 570 Cui
228 499 324 592 subja
346 501 419 604 ‘aba
442 502 680 569 demetarum
700 502 915 593 ambagibus,

200 590 316 655 imao
352 588 430 655 nali
456 612 543 655 saxa
571 590 715 654 volvunt
728 590 897 678 pondere,
967 602 972 612 '

202 674 314 763 ‘pedes
335 673 495 757 caballos,
520 686 623 783 terga
643 686 760 763 raptos
787 675 939 743 verbere.

50 761 129 828 Ideo
161 763 331 827 literatores
361 758 470 825 Graeci
499 763 666 845 καβαλλης
701 762 761 824 dici
787 774 929 850 putarunt
954 765 995 826 ab
1015 760 1193 842 injiciendis

53 848 220 928 oneribus,
247 846 331 935 quod
351 869 431 912 vore
451 846 651 932 καββάλλειν
669 846 805 913 Doribus
826 850 935 912 usitata
954 871 1010 935 pro
1032 844 1195 931 καταβάλ·

53 939 123 1000 λειν
144 937 294 1021 putabant
316 934 495 1017 significari:
519 938 556 999 ab
578 936 643 998 istis
665 943 766 1022 terga
789 933 1133 1021 rrqutiatranstulemnt
1154 932 1194 997 ad

54 1025 262 1106 cujuscunque
286 1024 357 1104 eqni
386 1014 580 1103 εὖτελισμὸν
606 1042 641 1083 ac
660 1021 809 1084 vilitatem
836 1019 1060 1107 declarandam.
1103 1020 1195 1082 Luci-

53 1109 113 1170 lius
138 1106 182 1192 [p.
203 1110 267 1172 270
288 1106 400 1187 Harl:
429 1114 639 1171 snacaaaalor
657 1106 703 1186 [,]
723 1105 844 1171 tardas
866 1104 1037 1170 cadallus:
1065 1107 1113 1169 cui
1135 1125 1195 1194 op-

53 1193 180 1280 ponitur
199 1188 284 1277 apud
304 1190 438 1253 eundem
461 1191 501 1278 [p.
524 1192 602 1267 352l
625 1213 725 1277 equus
772 1190 948 1270 radariaa,
970 1191 1116 1280 optimus
1136 1214 1196 1255 ve-

55 1289 141 1342 ator.
186 1275 306 1339 Seneca
337 1278 464 1363 epistola
492 1277 705 1344 LXXXVII:
740 1214 959 1367 §quantum
988 1288 1067 1342 erat
1094 1274 1197 1342 secal'

56 1363 160 1428 dacus
175 1362 424 1448 imperatorem
439 1362 694 1449 triumphalem,
717 1364 908 1429 censoriam
922 1374 965 1442 et,
988 1361 1078 1451 qaod
1093 1384 1196 1450 saper

56 1446 176 1514 omnia
204 1458 274 1525 eat,
312 1444 480 1511 (latonam
507 1470 577 1512 uno
601 1447 737 1514 caballo
766 1472 837 1514 esse
865 1451 1080 1515 contentum-1
1112 1448 1194 1511 aud

55 1535 236 1599 Petronium
258 1533 297 1613 [a.
312 1533 388 1612 tat}
412 1535 637 1617 παροιμιῶδες
657 1536 742 1614 illud,
765 1533 874 1599 lassas
896 1546 1064 1624 tanquam
1077 1472 1195 1599 aalat
1241 1604 1269 1621 ι,
1326 1568 1330 1578 ·

55 1620 108 1684 lus
130 1620 169 1684 ia
192 1619 305 1691 alian:
324 1618 408 1707 quod
429 1623 628 1707 proverbium
649 1623 735 1685 aliter
756 1623 859 1684 extulit
881 1621 1017 1689 Ovidius
1037 1622 1071 1683 in
1092 1622 1196 1708 primo

55 1704 203 1770 Remedii
224 1706 330 1786 [394lz
431 1726 433 1730 ⁴

142 1790 327 1876 Principio
354 1788 431 1854 allai
451 1798 566 1855 noster
586 1788 726 1854 aalaelat
747 1810 857 1893 equae.

60 1877 177 1943 Paulus
214 1877 415 1962 Aquileiensis
452 1875 598 1939 diaeonus
634 1878 712 1939 libro
749 1878 944 1941 historiarum
973 1876 1035 1941 XI.
1057 1874 1199 1941 ¹Socratis

56 1967 153 2029 verba
173 1963 283 2025 Latine
303 1975 425 2026 vertens
449 1959 598 2024 caballos
619 1963 756 2041 vocavit,
785 1984 863 2047 quos
890 1965 942 2025 ille
965 1962 1092 2031 asinos.
1111 1990 1116 2000 ·
1136 1962 1198 2025 So-

58 2052 146 2113 cratis
167 2050 281 2112 verba:
310 2050 452 2129 περιεῖλε
475 2044 511 2111 dl
532 2045 588 2111 nal
608 2044 669 2112 τὸν
696 2043 861 2131 δημόσιον
880 2050 951 2113 saia
976 2049 1099 2145 χρειῶν
1120 2045 1198 2128 datl-
1329 2108 1337 2117 .

57 2156 140 2219 μον,
160 2127 238 2199 οἷον
257 2128 427 2216 ἡμιόνων,
456 2133 550 2216 βοῶν
570 2130 627 2198 aral
650 2129 739 2201 ὄνων
762 2135 868 2200 vertit:
902 2132 1049 2199 absmdil
1071 2156 1113 2221 qa
1181 2157 1198 2199 a
1308 2164 1311 2169 ·

59 2222 168 2286 etiam
192 2218 370 2305 publicam
399 2240 533 2282 cursam
562 2219 737 2284 malarum
765 2230 798 2282 at
825 2217 1056 2283 caballorum:
1080 2156 1197 2284 inoduo-
1272 2240 1276 2249 “

59 2307 149 2370 dreni
169 2307 255 2370 libris
275 2328 332 2399 pro
352 2308 461 2384 bobus,
484 2307 536 2391 qui
553 2328 571 2368 a
587 2305 713 2368 Socrate
733 2306 943 2385 nominantur,
965 2318 1120 2390 ponuntur
1140 2328 1198 2381 ca,-

59 2391 165 2458 melir
191 2403 224 2454 nt
248 2390 379 2454 dubitari
404 2393 502 2477 possit
529 2413 606 2453 num
635 2390 718 2477 apud
737 2392 867 2454 Paulum
896 2388 1103 2455 camelorum
1123 2391 1198 2456 scri-

58 2478 200 2544 bendum
226 2480 266 2540 sit
292 2500 349 2563 pro
378 2475 624 2541 caballorum·
656 2477 835 2563 Appellatur
861 2489 964 2541 atrtem
996 2475 1199 2567 ¹Caltallt'nnt
1244 2486 1246 2491 '

56 2562 142 2651 lana
161 2564 267 2628 Persio
289 2559 312 2646 ἡ
335 2561 440 2626 ἵππου
462 2559 570 2646 κρήνη
589 2565 704 2627 montis
725 2564 899 2642 Heliconis,
918 2582 982 2625 non
1002 2564 1036 2625 in
1058 2560 1231 2627 contem-⁸

59 2663 148 2737 ptum
167 2651 264 2737 ipsius
286 2650 390 2727 fontis,
413 2649 464 2735 qui
485 2671 547 2711 una
570 2672 640 2711 cum
660 2661 767 2712 monte
790 2660 821 2711 et
840 2651 986 2712 universo
1006 2648 1199 2727 tractullln-

60 2738 102 2801 sis
124 2749 189 2799 erat
209 2758 310 2799 sacer:
331 2733 388 2798 sed
408 2736 441 2796 in
463 2734 570 2797 odium
587 2737 717 2798 istorum
738 2735 1033 2823 pseudopolitarum:
1061 2735 1200 2798 similiter

60 2822 228 2901 luvenalis,
251 2843 323 2883 cum
348 2820 388 2884 de
405 2821 523 2907 perfido
541 2819 701 2899 Graecula,
720 2820 839 2884 Bareae
861 2821 996 2884 delatore
1016 2824 1200 2906 loqueretur,

59 2908 165 2995 ipsum
181 2930 302 2995 ,equum
322 2908 427 2969 alitem
448 2906 616 2988 Pegasum,
645 2908 747 2993 poe'tis
766 2905 1064 2987 decantatissimum,
1092 2908 1201 2972 caballi

62 2996 267 3082 appellatione
290 2994 384 3055 allisit
405 2991 471 3069 1111,
495 2998 557 3058 tta
578 2995 654 3078 sqla

147 3079 283 3145 Stoica-s
304 3076 428 3142 aniate
448 3076 604 3143 Baream
630 3075 769 3142 delator·
789 3076 948 3151 amicam,

146 3164 366 3251 Disot'palam
395 3186 428 3227 re
449 3185 552 3235 aenea
571 3163 654 3248 ripa
677 3164 826 3227 natritrrs
854 3160 892 3225 in
921 3159 992 3241 illa,

148 3250 212 3316 Aa
237 3272 342 3338 qaam
368 3188 546 3337 ilorgoaei
567 3247 714 3334 delapsa
741 3261 792 3312 est
815 3244 928 3334 pinna
949 3242 1096 3311 caballi:

63 3360 127 3403 non
146 3336 234 3423 qnod
254 3336 383 3417 Pegaso,
405 3358 500 3421 quem
519 3337 553 3397 in
575 3338 668 3398 coelis
689 3346 823 3400 vetustas
845 3334 1019 3409 collocarit,
1044 3334 1140 3395 vellet
1157 3333 1203 3395 ire

64 3425 251 3503 detractam,
281 3421 338 3486 sed
371 3425 441 3508 quia
469 3419 604 3484 Graecos
633 3425 716 3484 male
743 3420 863 3497 odera,
889 3419 1074 3482 nominatim
1096 3417 1205 3482 Corin-

63 3512 156 3590 thios,
183 3532 202 3573 e
224 3509 334 3595 quibus
355 3520 419 3571 erat
439 3510 491 3570 ille
512 3510 711 3594 sycophanta,
732 3508 785 3593 qni
805 3504 939 3571 Baream
963 3506 1128 3567 afflixerat:
1154 3505 1205 3567 in-

64 3599 280 3679 signaturam
302 3597 385 3657 urbis
409 3593 549 3660 Corinthi
571 3606 635 3656 erat
655 3595 801 3675 Pegasus,
821 3605 856 3657 ut
876 3593 991 3655 seimus
1013 3591 1205 3675 estantiquis
1231 3660 1233 3665 ,

65 3681 213 3747 nummis.
260 3679 335 3759 [Etsi
358 3683 437 3761 haec
456 3681 532 3742 ratio
556 3702 621 3743 non
703 3681 841 3758 habitur,
862 3679 1001 3742 altiorem
1024 3688 1130 3739 tamen
1150 3677 1205 3739 sti-
1245 3716 1248 3723 ·

65 3772 131 3832 lum
151 3771 191 3831 ab
212 3766 355 3831 Juvenal
382 3768 417 3828 in
441 3788 519 3831 voce
548 3702 703 3830 caballi?
728 3787 853 3851 quoque
882 3764 998 3826 servari
1025 3784 1091 3824 non
1119 3761 1207 3826 dabis

64 3854 227 3932 l'assovio,
249 3854 301 3938 qui
344 3856 439 3917 .·205
461 3854 552 3931 hujus
573 3874 643 3916 voe.
665 3852 948 3938 interpretationem
974 3849 1130 3927 immerito
1158 3849 1208 3911 vi-

66 3940 156 4004 detur
175 3874 343 4027 premensi
381 3936 471 4000 Unde
490 3951 560 4000 nata
582 3940 621 4001 sit
640 3940 673 4000 in
695 3938 804 4000 animis
833 3947 974 4000 veterum
993 3936 1071 3996 haec
1093 3935 1208 4020 opinio,

66 4027 156 4113 quasi
177 4025 337 4110 Aganippe
359 4035 390 4085 et
410 4024 607 4109 Hippocrene
639 4027 740 4086 fontes
771 4023 836 4109 poti
862 4022 1094 4107 inspirationem
1123 4023 1210 4082 face-

66 4123 136 4175 rent
162 4113 339 4188 literarum‚
373 4131 440 4171 non
467 4121 547 4173 taret
575 4110 700 4172 Solinus
736 4109 779 4190 [v.
807 4110 973 4194 plumap.
1001 4102 1142 4189 laudatos
1169 4108 1210 4170 ab
1329 4174 1335 4185 ,

10 4230 31 4283 ·-.'
68 4198 187 4261 IJlrerto
197 4194 326 4283 Geogr.
340 4194 382 4259 V.
395 4193 436 4258 II.
448 4194 484 4259 P.
497 4202 525 4260 1.
537 4218 569 4282 p.
584 4202 621 4262 at
633 4194 729 4282 sqq.]3
750 4192 873 4258 videtur
883 4213 919 4256 ea
933 4193 1092 4280 persuasio
1108 4191 1210 4254 inces-

29 4286 33 4293 '
69 4284 147 4349 sisse
168 4284 333 4347 hominum
353 4292 474 4344 mentes
501 4294 570 4370 post
590 4282 721 4345 Homeri
749 4292 781 4343 et
800 4277 933 4344 Hesiodi
951 4290 1091 4364 tempora
1098 4300 1109 4335 :·
1136 4296 1213 4340 nam

13 4400 24 4441 2,
71 4370 232 4433 Homerus
251 4388 404 4453 nusquam
423 4368 548 4431 illorum
574 4368 711 4431 lontirnn
734 4366 891 4445 meminit,
920 4387 966 4428 ne
989 4376 1057 4426 tum
1086 4360 1212 4450 quidem

10 4466 13 4473 '
62 4476 146 4521 nun
170 4454 214 4521 tle
231 4452 364 4521 anam
385 4464 510 4517 cantore
530 4447 764 4537 adredmaim
780 4452 924 4539 toquiar.
965 4446 1212 4536 Hesioduslfip-
