2700 4972
91 348 142 419 ts
359 434 365 449 Ι
457 324 867 441 conusursatus
958 382 960 391 «

99 519 225 584 clamat:
249 515 288 584 V
288 517 405 584 unitus
419 518 618 585 vanitatum
640 528 674 584 et
685 520 804 585 omnin
824 516 990 583 vanitas!
1030 511 1067 583 si
1084 512 1235 581 beream
1267 544 1273 555 ·

97 627 263 683 sacrorum,
284 616 317 668 ut
334 603 522 669 Graecorum
541 604 711 692 pomarum,
732 606 873 669 notitiam
887 602 1025 669 Romani
1043 600 1254 685 habuissent,

54 700 59 711 '
97 691 166 777 quis
188 690 337 754 dubitaret
358 691 397 754 dc
421 690 589 756 Salomone
610 691 748 755 Persium
774 693 835 754 hoc
861 688 1045 777 principium
1071 700 1144 751 esse
1162 706 1237 751 mu-

42 844 45 851 ,
96 777 239 843 uratum?
274 797 357 839 nunc
378 774 604 860 ξυνίματωοιν
623 779 703 839 hanc
723 789 757 839 ut
776 777 931 839 fortuitam
952 773 1164 856 agnoscimus,
1191 773 1235 833 ita

36 864 40 871 '
75 862 200 925 mirari
219 862 292 927 satis
312 864 489 948 nequimus:
509 862 597 931 idem
618 862 701 925 enim
716 861 864 941 dixenrnt,
885 862 999 926 eodem
1019 864 1101 937 loco,
1119 856 1236 921 eodem

59 991 66 1007 .
96 951 161 1011 fere
181 947 289 1011 modo.
332 948 563 1012 Non-multum
592 948 746 1012 dissimilis
774 947 943 1012 sententiae
968 968 1034 1012 vox
1060 946 1114 1009 itte
1142 965 1234 1007 aurea

24 1086 27 1091 .
97 1032 206 1099 Severi
230 1026 443 1120 Imperatoris,
473 1036 525 1121 qui
546 1035 668 1113 omnia,
694 1057 825 1119 quorum
851 1034 962 1101 insano
993 1052 1099 1095 amore
1127 1028 1236 1093 ardent

95 1120 249 1198 homines,
270 1118 398 1207 adeptus
418 1120 487 1206 ips‘e
508 1132 539 1185 et
558 1141 639 1183 vana
660 1132 801 1206 expertus
821 1120 942 1198 omnia,
963 1116 1090 1181 tandem
1111 1114 1235 1181 coactus

96 1216 143 1269 est
164 1208 352 1269 exclamare:
385 1204 530 1269 Omnia
553 1207 630 1285 fui,
657 1207 761 1269 nihil
791 1227 837 1273 ex
871 1204 967 1267 edit:
993 1225 1087 1289 quam
1106 1212 1236 1267 senteu-

40 1354 43 1363 ,
94 1291 172 1365 tiam
188 1290 432 1377 sapientissimus
457 1293 510 1354 ille
536 1290 615 1376 Imp.
637 1291 777 1369 Marcus,
804 1227 883 1355 siin
907 1291 1076 1373 βασιλεῦον
1097 1290 1236 1372 pctore

53 1436 60 1459 f
97 1369 296 1458 praecaves,
319 1378 356 1441 iis
379 1399 457 1462 quae
479 1376 518 1440 de
536 1399 570 1440 se
591 1377 718 1463 scripsit,
739 1397 833 1461 saepe
852 1377 1000 1440 inseruit:
1021 1387 1053 1438 et
1075 1375 1108 1438 in
1126 1384 1235 1461 quarto

6 1462 13 1483 ‘
97 1460 138 1544 [ᾗ.
152 1462 207 1543 88]
230 1463 272 1525 ait
292 1462 393 1527 idem:
417 1458 497 1527 ὅλον
510 1455 629 1528 κανόνι
652 1461 735 1547 quod
756 1465 850 1548 paulo
866 1462 952 1525 aliter
964 1461 1103 1525 Persiust
1126 1480 1237 1546 ανον-

96 1557 168 1609 nrm
184 1558 234 1613 est
249 1546 286 1611 τ’ττ
301 1546 398 1612 rebus
411 1547 538 1612 inune!
581 1548 620 1611 Ut
641 1547 723 1634 apud
744 1549 947 1633 philosophos
970 1542 1008 1611 τό
1023 1540 1124 1611 ντνόν
1145 1556 1178 1608 et
1196 1538 1236 1610 τὸ

33 1645 35 1649 ’
95 1632 222 1697 ναστὸν
243 1646 446 1719 opponuntur,
468 1636 511 1697 sic
532 1635 566 1696 in
587 1635 694 1697 ethicis
715 1636 798 1696 bona
818 1636 977 1719 malaque,
1000 1630 1123 1696 inania
1135 1642 1168 1705 et
1181 1652 1236 1695 so-

89 1715 182 1782 *licta
232 1719 377 1782 Horatius
407 1718 698 1800 [sat.1,r,113]=
729 1729 761 1783 et
775 1718 887 1783 'inune
905 1716 1105 1783 abscindere
1124 1713 1234 1781 coldo.

1 1806 26 1821 ''
58 1816 61 1821 “
96 1802 203 1867 Solida
230 1816 302 1868 sunt
321 1827 400 1890 quae
421 1827 488 1869 rem
510 1828 580 1867 curn
601 1807 729 1867 nomine
749 1807 866 1868 habent
894 1806 1109 1883 conjunctam
1129 1802 1235 1867 inania

43 1895 83 1969 et.
95 1890 162 1953 sive
182 1911 274 1965 vana,
295 1912 373 1976 quae
394 1913 511 1954 nomen
531 1902 650 1954 tautum
669 1892 736 1953 sine
757 1913 800 1955 re.
843 1889 891 1954 Ita
904 1889 1034 1953 dicimus
1050 1888 1173 1952 divitias
1184 1889 1237 1951 in-

95 1990 184 2054 anes,
235 1997 291 2038 uae
318 1998 383 2038 non
403 1989 556 2061 praestant
584 1975 667 2061 quod
697 1997 840 2040 verarum
867 1987 913 2039 est
942 1974 1116 2038 divitimm
1144 1994 1235 2060 prae-

94 2072 183 2160 stare:
214 1998 346 2125 (irtacus
359 2061 478 2124 Tullius
492 2062 664 2125 Tusculana
678 2061 720 2125 V.
743 2060 782 2139 [c.
802 2062 871 2143 ult]
895 2060 940 2159 de·
955 2061 1113 2147 Epicureis
1131 2060 1236 2158 philu-

94 2148 218 2311 {iiii
231 2144 720 2312 tbtttlf‘lllb‘tbtt
737 2144 1236 2319 {iiiiiffliiriiiiibii

95 2316 208 2383 code:
232 2317 342 2398 inani]
360 2318 452 2382 vocis
468 2341 551 2382 euno
567 2317 765 2382 decoratum
783 2341 854 2383 esse
874 2317 1010 2383 dicunt:
1031 2339 1126 2403 quare
1140 2317 1236 2383 eliam

94 2396 290 2483 ἇνύτταοατα
315 2416 464 2468 vocantur
490 2405 676 2490 sapientibus
712 2407 788 2467 falsa
817 2406 993 2467 mortalium
1022 2407 1122 2484 bona,
1161 2402 1236 2489 qnia

93 2487 177 2551 nuda
198 2499 269 2552 sunt
289 2491 428 2561 nomina,
450 2511 487 2552 ea
508 2493 649 2553 facultate
670 2489 813 2553 destituta
833 2490 916 2576 apud
931 2493 1042 2570 vulgus
1058 2489 1235 2570 hominm,

115 2582 188 2637 uam
214 2576 378 2661 appellatio
407 2576 603 2660 promittebat
630 2588 662 2638 et
687 2579 771 2656 cnjus
803 2569 922 2640 caussa'
938 2589 1022 2638 erant
1049 2572 1236 2662 expetenda.

94 2594 259 2741 iiregorius
271 2660 483 2724 Nazianzenus
502 2662 537 2724 in
558 2683 594 2724 ea
616 2683 710 2766 quam
731 2662 807 2724 dixit
820 2662 942 2725 iuliano
961 2671 1109 2725 censuum
1120 2680 1236 2747 esqua-

94 2746 167 2808 tori:
199 2741 255 2810 διαί
283 2740 484 2829 stripeium
512 2742 553 2812 τὰ
583 2768 707 2849 purum
736 2744 793 2813 καὶ
822 2741 1018 2827 αλνύταοατα
1039 2741 1235 2830 spirantes

93 2829 216 2895 Nicetes
236 2833 268 2893 in
289 2834 377 2894 illum
397 2834 517 2907 locum:
546 2854 688 2916 ματαιον
709 2827 836 2917 λέγεται
857 2829 895 2899 τὸ
918 2827 1034 2899 κενόν·
1066 2828 1150 2898 ὅταν
1171 2824 1234 2917 liin

93 2900 127 3001 ᾖ,
148 2918 285 3000 πρᾶγμα
306 2913 343 2982 ii
364 2912 411 3001 μὴ
432 2911 527 2983 οίον·
555 2914 665 3000 ὄνομα
686 2914 747 3001 μὲν
766 2913 934 2997 αλοτίτον,
962 2921 1099 3003 πρᾶγμα
1121 2915 1158 2984 ii
1180 2911 1237 2984 οὖ-

95 3004 220 3084 inpari·
245 2999 352 3086 ὄνομα
374 2998 472 3086 δόξης
492 3001 549 3069 καί
570 3005 779 3081 δυναστείας·
801 3002 859 3070 καί
880 3002 971 3088 μένει
992 3002 1031 3070 τὸ
1053 2998 1164 3088 ὄνομα
1182 3011 1236 3083 tu·

93 3081 172 3153 λόν·
192 3082 282 3154 οὕτω
297 3087 354 3154 καί
375 3092 481 3155 πᾶσαν
502 3091 537 3155 ul
557 3087 677 3175 ἡδοναί
699 3093 760 3157 τοῦ
778 3090 856 3176 βίον
880 3088 938 3157 καί
954 3083 1133 3174 εὐπραγίαν
1153 3085 1235 3168 νοτί-

22 3230 25 3235 .
94 3172 211 3238 δονται
229 3171 286 3240 καὶ
308 3169 481 3242 ἀπατῶσιν
502 3189 534 3241 et
547 3178 664 3242 stetimz
686 3173 798 3260 ἐτίοης
813 3178 882 3243 τῶν
894 3178 1061 3261 brutescis
1075 3171 1239 3261 ²st'pctyptsis.

93 3280 162 3323 των
185 3258 241 3325 καί
262 3255 301 3325 τὸ
323 3253 481 3327 εἶναικαὶ
501 3258 540 3327 τό
562 3259 608 3347 μὴ
630 3256 736 3329 ciuus:
756 3263 828 3339 ideo
852 3285 930 3349 quae
950 3275 1023 3326 sunt
1041 3263 1232 3344 hujumodi,

94 3344 221 3407 nomina
250 3367 268 3408 a
313 3349 455 3427 ellantur,
480 3351 567 3413 velut
594 3350 639 3413 rei
666 3350 871 3436 appellatione
899 3347 1034 3430 indigna.
1082 3349 1234 3433 Synesius

95 3430 223 3516 epistola
239 3368 429 3495 LprVffl:
451 3435 572 3516 χειροῖν
593 3434 646 3499 δεῖ
663 3439 710 3520 τῷ
731 3432 865 3521 πολέμῳ
886 3431 944 3499 καὶ
966 3427 1030 3499 οὐκ
1052 3426 1233 3519 ὀνομάτων

94 3518 250 3579 πολλαῐντ
276 3518 389 3581 milites
410 3519 551 3583 imbelles
574 3532 663 3585 vocat
684 3516 844 3605 ὀνόματα.
887 3521 1045 3603 Chrysost
1066 3520 1100 3585 in
1120 3521 1234 3587 Mart.

4 3624 8 3649 ⁴
94 3602 210 3664 Homil.
231 3601 355 3667 XLIV:
377 3601 444 3668 Καί
465 3607 573 3681 καλῶς
594 3601 695 3683 εἶπεν,
716 3602 738 3689 ἡ
762 3602 870 3690 dacica
891 3609 953 3672 τοῦ
964 3599 1130 3672 πλούτου·
1152 3603 1234 3673 πάν·

93 3708 133 3750 τα
155 3681 221 3770 γὰρ
250 3684 291 3751 ταί
320 3691 382 3753 τοῦ
404 3683 554 3755 πλούτου
575 3686 700 3775 ἀπάτη·
734 3685 884 3776 ὀνόματα
912 3686 975 3774 γὰρ
1003 3687 1110 3775 μόνον
1133 3690 1233 3774 ἐστὶν,

94 3765 156 3836 οὐκ
180 3770 234 3836 ἐπὶ
255 3771 460 3857 πραγμάτων
480 3777 629 3861 κείμενα·
657 3774 713 3842 καί
741 3775 805 3861 γὰρ
835 3773 856 3862 ἡ
882 3773 989 3863 ἡδονὴ
1018 3775 1076 3842 καὶ
1105 3773 1233 3862 tibiis

92 3855 149 3922 καὶ
172 3853 191 3922 ὁ
213 3859 443 3961 ναλλωτισμός
464 3862 520 3933 καὶ
541 3853 651 3927 aivva
672 3866 777 3932 ταῦτα
796 3862 963 3948 φαντασία
985 3862 1035 3938 τίς
1057 3862 1165 3944 ἐστιν,
1190 3859 1232 3931 oti

43 3949 301 4024 [49)αοαγματων
322 3941 472 4031 ἀλήθεια.
517 3948 607 4013 Idem
622 3951 758 4036 plurain
774 3951 907 4013 eandem
917 3951 1100 4014 sententiam
1113 3952 1231 4017 Hamil.

94 4028 198 4093 LVIH
219 4044 249 4093 et
270 4031 356 4096 LIX.
400 4035 486 4097 Haec
505 4035 596 4116 igitur
622 4038 698 4098 ratio
727 4048 774 4100 est
799 4040 891 4118 hujus
919 4058 957 4122 ap
980 4038 1147 4102 ellationis:
1174 4060 1231 4103 nec

93 4118 190 4178 multo
213 4118 299 4180 aliter
319 4119 454 4182 Hebraei
473 4123 611 4202 magistri
630 4143 743 4187 vocem
765 4115 823 4184 bna
847 4120 929 4211 apud
950 4058 1156 4188 ialomonem
1177 4147 1232 4189 ex-

92 4212 226 4287 ponunt:
254 4215 286 4265 at
311 4202 351 4270 B.
375 4206 583 4290 Hieronymus
607 4208 641 4272 in
671 4207 787 4271 erudita
806 4209 1054 4295 interpretatione
1075 4212 1142 4290 ejus
1163 4210 1232 4275 libri

91 4287 186 4349 aliam
208 4308 348 4352 caussam
367 4291 472 4357 affert:
502 4314 599 4358 vanas
621 4293 682 4356 dici
701 4315 750 4357 res
772 4294 882 4359 armti
908 4296 1000 4376 hujus
1019 4317 1086 4358 non
1108 4290 1231 4377 ἁπλοῖς,

91 4370 150 4435 sed
173 4372 213 4435 ad
234 4372 339 4438 Deum
362 4391 566 4464 comparatas:
592 4377 679 4466 quod
698 4381 860 4446 sublimius
888 4391 936 4444 est
954 4401 1049 4466 qnam
1069 4393 1104 4444 ut
1123 4381 1232 4448 videa-

91 4467 140 4521 tur
161 4462 227 4538 ejus
247 4461 281 4525 in
294 4472 432 4528 mentem
442 4463 548 4530 Persio
567 4466 701 4532 venees.
743 4463 841 4535 cura
861 4466 1027 4533 bomimun
1045 4460 1230 4537 vanissimas

454 4758 499 4795 .,Ι
714 4794 717 4799 Ι

438 4808 551 4887 ’ἥθ’-,α
672 4866 695 4889 ·.

403 4892 407 4899 ¹
478 4882 590 4918 cerrum-¹
677 4888 681 4909 ι
