2700 4972
177 446 186 453 ..
316 330 969 453 ⁸crrrnasnsrcrrnnnr
1172 388 1238 454 rn
1318 332 1321 339 ¹

97 532 216 623 uthac
230 524 347 611 radone
358 548 509 626 majorem
527 513 728 612 consilio'suo
744 545 953 613 auuontatem
972 545 1122 614 conciliet.
1161 546 1237 615 l'ot·
1265 543 1270 587 Ὺ

96 645 150 698 est-
167 635 263 697 etiam
280 633 340 696 sim
360 633 446 696 licius
463 633 577 719 erponi
597 633 649 694 hic
669 634 823 697 lacuerat
843 631 998 718 discipulis
1018 635 1081 697 suis
1101 638 1181 715 jam,
1202 646 1237 699 ut

94 738 155 807 par
166 730 229 797 est,
252 738 324 799 gran
346 717 462 793 insibus
476 728 507 781 et
525 719 717 803 praetextatis
735 717 815 781 dicat
830 718 881 780 hic
898 717 1020 782 Stoims
1035 741 1102 783 non
1123 719 1236 787 debere
1262 744 1265 749 ·

95 825 154 867 eos
175 804 316 866 moribus
339 802 452 866 iisdem
472 803 531 881 uti,
559 804 670 888 quibus
690 800 845 889 quondam
867 803 902 866 in
922 805 1187 884 grammaticorum
1206 819 1237 869 et

95 891 257 951 rhetorum
270 888 383 951 scholis
394 898 495 953 essent
506 888 571 953 usic
594 898 664 949 tunc
677 891 761 950 enim
774 889 910 974 ipsorum
923 886 1082 952 socordiae
1097 901 1128 952 et
1138 891 1238 970 negli-

95 974 221 1054 gentiae
242 974 275 1036 in
295 973 402 1037 studiis
420 984 560 1060 paratim
581 975 620 1034 ab
641 984 739 1036 aetate
762 974 857 1037 larissa
874 973 1093 1059 patrocinium,
1114 975 1236 1061 quando

94 1081 162 1122 non
176 1070 299 1145 caperet
312 1070 417 1122 tenera
431 1071 529 1137 aetas,
551 1068 698 1143 quantum
711 1071 792 1121 esset
805 1057 952 1120 damnum
964 1061 1076 1138 jacbaa
1089 1060 1237 1145 temporis
1310 1097 1315 1109 ι

96 1156 127 1206 et
140 1145 298 1207 literarum
310 1162 350 1207 ac·
365 1144 483 1208 virtutis
502 1153 687 1228 contemnas:
709 1165 790 1205 nunc
807 1164 896 1222 vero,
918 1154 1080 1230 postquam
1097 1146 1237 1229 philoso-

94 1230 206 1316 phiam
218 1227 420 1311 degustarint,
442 1232 526 1309 eujus
540 1229 674 1313 primum
686 1240 717 1292 et
728 1229 924 1314 praecipuum
936 1240 1025 1315 caput
1040 1240 1087 1293 est
1100 1229 1236 1294 doctriua

98 1313 141 1377 tle
152 1315 234 1395 line,
257 1315 348 1377 cham
363 1325 494 1378 aetatem
507 1314 584 1376 alios
601 1333 705 1375 mores
717 1317 881 1411 postulare.
904 1312 986 1393 [Hoc
997 1314 1119 1394 rarius]

85 1408 89 1417 '
105 1438 108 1445 ·
186 1394 317 1463 Oculos
331 1396 520 1488 tangebam
526 1416 662 1494 parvus
674 1395 789 1479 olava]
809 1395 857 1461 Ita
870 1397 1066 1462 scribendum
1078 1410 1138 1463 estc
1158 1407 1236 1464 tan·

93 1481 244 1573 gebam,
264 1486 491 1571 inquam,‘non
505 1478 698 1568 tangebam,
721 1482 803 1569 quod
820 1495 850 1546 et
868 1486 1066 1549 membranae
1086 1484 1287 1561 damnantem

97 1583 131 1635 et
150 1571 427 1655 retus'interpres‚
454 1570 538 1647 cujus
557 1579 629 1630 sunt
649 1571 761 1632 verba:
784 1565 878 1631 oculi
897 1565 973 1631 olea
991 1566 1083 1633 tacti
1094 1580 1237 1654 partar—
1314 1604 1316 1609 .

98 1652 231 1720 mnan
244 1651 294 1717 ad
314 1663 467 1738 tempns3
490 1650 607 1714 accedit
626 1651 730 1736 (quod
750 1664 838 1738 caput
861 1657 928 1734 est)
949 1655 1026 1716 ratio
1050 1655 1135 1740 ipsa:
1163 1677 1236 1721 nam

100 1739 241 1829 tingere
257 1740 339 1818 oleo,
352 1741 413 1802 hoc
426 1746 474 1800 est
485 1737 581 1799 linere
594 1738 785 1822 superficiem
799 1736 954 1818 ciliorum,
967 1737 1046 1801 adeo
1060 1741 1156 1804 oculis
1171 1762 1238 1807 non

99 1836 210 1904 nocet,
235 1826 364 1903 ut=juvat
374 1823 538 1910 plurimum
549 1822 708 1906 firmetque
722 1823 836 1902 aciem3
859 1844 951 1908 quare
964 1825 1067 1887 scribit
1078 1823 1238 1888 Dioscori-

100 1910 157 1975 des
170 1910 205 1973 in
217 1907 428 1973 secundoolei
440 1900 630 1988 dadastana
647 1909 749 1971 valere
763 1907 803 1970 ad
825 1901 1024 1987 όξυδορκίαν
1047 1909 1139 1990 [adda
1158 1910 1237 1975 Plin.

99 1992 232 2075 XXIII,
244 1992 280 2067 4.,
290 2015 323 2080 p.
335 1998 409 2059 508.
429 1997 501 2058 310.
522 1996 595 2056 297.
616 1996 689 2056 309.
711 1991 759 2055 ed.
779 1991 876 2058 Eud.
903 1990 962 2057 W
958 1990 1038 2073 eb.]:
1064 2015 1128 2056 non
1148 1996 1239 2076 igitur

100 2077 284 2169 tangebam
297 2077 462 2160 legendum
476 2077 562 2155 heic,
582 2075 639 2141 sed
653 2073 858 2164 tangebam,
880 2088 912 2141 et
932 2078 972 2142 de
987 2079 1137 2143 interioris
1156 2081 1238 2142 oculi

98 2164 414 2251 tamnacdpiendum.
458 2161 656 2243 [Donnerusc
679 2160 795 2226 Oleum
809 2163 922 2249 quippe
942 2165 1062 2227 salubre
1081 2165 1177 2227 oculis
1189 2167 1239 2228 ‘al-

98 2252 257 2333 linebam,
286 2260 431 2335 tanquam
453 2258 644 2329 aegrotarent
665 2248 777 2330 orma,
798 2251 945 2313 morbum
959 2252 1119 2314 oculorum
1139 2251 1239 2339 simu·

182 2338 240 2487 145.
267 2415 430 2484 Grandia
443 2414 475 2481 ai
487 2414 619 2482 nollem
633 2413 797 2482 maritari
806 2413 911 2483 verba
922 2413 1067 2482 Catonis
1083 2415 1236 2502 Dicere]

93 2505 207 2573 'Genus
223 2505 445 2573 exercitationis
458 2506 516 2566 tuit
525 2516 663 2569 veterum
676 2505 848 2582 rhetorum,
869 2515 903 2566 nt
912 2497 1059 2584 'juberent
1071 2504 1238 2592 discipulos

99 2595 171 2658 stilo
187 2591 349 2678 complecti
363 2593 474 2669 verba,
497 2612 575 2676 quac
585 2590 745 2676 probabile
758 2600 806 2652 est
818 2589 932 2654 dixisse
942 2587 1075 2675 aliquem
1089 2612 1128 2654 ex
1139 2593 1240 2655 histo·

99 2681 143 2743 ria
161 2689 272 2740 notum
286 2677 403 2755 tirum,
428 2677 480 2740 ael
502 2696 573 2739 crem
595 2687 776 2753 moreretur,
798 2677 850 2738 vel
871 2676 970 2760 aliqua
987 2676 1046 2738 alia
1068 2678 1239 2756 occasione,

99 2785 179 2851 quae
195 2764 235 2826 sit
247 2763 323 2824 item
337 2782 377 2825 ex
398 2760 523 2823 historia
544 2772 631 2823 nota..
647 2759 708 2841 [cf.
722 2762 755 2822 h.
766 2762 787 2822 Ι.
804 2758 949 2840 Koenig.]
971 2757 1084 2823 Extant
1103 2757 1256 2825 Graeco-x

100 2871 170 2913 rum
188 2842 332 2930 μέλεται,
353 2847 428 2909 item
447 2864 553 2909 versus
571 2847 658 2907 multi
677 2865 748 2907 cum
767 2846 826 2906 hac
837 2845 1062 2930 inscriptione:
1086 2843 1179 2922 clauc
1195 2841 1239 2911 dv

101 2934 189 3001 adnot
203 2926 326 3017 λόγους
341 2926 360 2995 ὁ
377 2930 487 2995 deira:
508 2930 548 2993 de
561 2928 739 3009 hujusmodi
747 2929 1014 2997 'exercitationibus
1028 2932 1160 3015 loquitur
1168 2933 1238 2994 heic

101 3020 234 3085 Persius
276 3015 405 3081 Dicere
417 3012 523 3079 verba
538 3012 679 3078 Catonis
692 3011 854 3076 maritari
865 3024 912 3077 est
925 3015 1040 3077 chriam
1052 3035 1238 3102 componere

101 3107 163 3169 hoc
172 3106 280 3167 titulo:
306 3102 398 3178 τίνας
416 3096 459 3164 tv
471 3093 541 3164 eins
555 3097 675 3182 λόγους
687 3097 707 3163 ὁ
721 3095 843 3171 Κάτων
858 3093 1105 3183 τεθνηξόμενος.
1150 3099 1305 3192 [imaum

105 3187 252 3256 Discere
265 3208 373 3253 omnes
384 3189 450 3249 lere
463 3183 561 3249 Codd.
572 3197 689 3271 praeter
704 3190 723 3250 3
737 3184 822 3263 Aen,
842 3183 926 3269 quod
935 3186 1235 3274 praetuleruntrecen

104 3273 270 3340 ediscenda
292 3273 358 3336 istis
377 3272 481 3359 pueris
501 3281 564 3332 crat
583 3271 692 3357 scripta
710 3273 777 3359 jam
796 3269 985 3332 declamatio.
1028 3266 1119 3349 „Nec
1132 3282 1236 3337 tamen

102 3382 161 3427 suo
176 3359 291 3422 carebit
301 3357 484 3444 patrocinio,
508 3357 534 3418 si
572 3356 618 3418 uis
631 3354 810 3442 posthabitis
829 3351 918 3417 codd.
937 3348 1106 3426 lectionem
1117 3352 1235 3420 dicere

102 3444 289 3533 praetulefit,
303 3464 373 3504 cam
387 3440 532 3521 Quinctil.
546 3377 587 3523 lb,
602 3445 631 3520 7,
646 3446 661 3505 1
679 3438 756 3503 illud
770 3461 809 3502 ex
824 3439 1045 3503 consuetudine
1053 3441 1235 3505 mutandum

101 3527 313 3618 praecipiatin
326 3538 424 3591 aetate
434 3526 558 3613 puerili,
584 3544 627 3589 ne
648 3525 782 3604 omnia,
805 3523 985 3611 quassari
1008 3523 1132 3603 serint,
1162 3525 1236 3590 edi-

101 3616 205 3680 scant
216 3620 254 3676 et
270 3621 382 3692 certa,
404 3620 443 3676 at
453 3608 558 3674 maria
571 3619 634 3688 eet,
650 3608 708 3691 die
723 3607 889 3690 dicant,
906 3546 1145 3697 quodquidam
1160 3632 1240 3687 ma,

102 3698 199 3766 aime
216 3706 335 3784 patres
353 3695 497 3783 exigant
518 3696 612 3759 cett.“
633 3694 680 3761 Pl.
709 3734 749 3746 —
774 3744 794 3776 ,‚
802 3691 964 3761 Grandia
983 3692 1089 3758 verba
1105 3697 1237 3760 innuunt·

101 3796 165 3851 non'
177 3807 255 3850 rere
269 3782 429 3865 grandem,
450 3781 506 3846 sed
516 3779 668 3846 tumidam
684 3792 716 3846 et
729 3793 892 3849 ventosam
908 3781 1093 3865 orationem3
1113 3803 1146 3846 v.
1166 3782 1235 3847 intr.

101 3872 142 3937 ad
154 3872 280 3937 Petron.
296 3875 312 3935 1
328 3869 415 3954 sqqff
435 3862 495 3933 W
491 3863 561 3947 ab]
928 3866 931 3871 '

178 3958 243 4022 ¹46.
265 3949 348 4017 Non
363 3950 608 4016 cenomanum
622 3946 804 4016 laudanda
817 3972 874 4015 ma
900 3947 1007 4032 istra]
1028 3948 1068 4013 Et
1081 3970 1236 4032 gramma-

99 4043 153 4106 tici
163 4054 195 4106 et
205 4042 342 4103 rhetores
358 4042 555 4120 cogebantur,
574 4038 626 4102 vel
642 4037 669 4100 si
687 4049 793 4100 natura
809 4059 863 4100 mo
887 4038 944 4101 esti
962 4048 1078 4115 essent,
1100 4036 1233 4122 discipu-
1328 4102 1335 4111 ,

98 4130 201 4192 lorum
212 4126 451 4209 compositiones
465 4121 588 4186 laudare
603 4120 686 4208 apud
703 4133 860 4208 parentes,
881 4134 915 4185 ut
932 4133 1142 4208 praeposterae
1160 4123 1235 4183 illo-

97 4236 170 4277 rum
188 4209 344 4297 cupiditati
354 4210 575 4273 satislacerentr
596 4229 688 4293 quam
705 4209 882 4274 servitutem
900 4208 1023 4270 illorum
1037 4207 1180 4269 miseram
1198 4204 1233 4267 in

97 4301 206 4362 aliare
220 4305 308 4358 notat
321 4297 475 4399 elepanter
487 4292 645 4357 Petronius
664 4293 750 4356 initio
770 4291 912 4376 Satyrici3
938 4288 1120 4355 laudanda
1141 4290 1232 4395 ipitur

96 4406 161 4447 non
177 4380 354 4466 simpliciter
365 4400 388 4443 n
401 4374 564 4444 ἐπαινέσει
575 4390 626 4440 aut
640 4373 749 4458 abtin
761 4374 922 4456 ἐπαινεῖν,
942 4376 999 4443 sed
1014 4368 1111 4476 ἃχοῆ
1126 4366 1233 4437 αυτόν

95 4465 130 4550 ἐξ
144 4462 296 4551 ἀνάγκης
311 4461 480 4533 ἐπαινοῦν
500 4483 580 4552 quae
595 4465 693 4531 babet
713 4486 845 4535 amessa·
858 4462 999 4617 landppp,
1019 4481 1061 4526 ne
1078 4457 1230 4541 ndetcn,
