2700 4972
266 294 269 303 '
309 309 373 381 an
400 307 572 385 rursu
600 264 827 383 sarman
846 307 917 379 111.
985 280 988 285 ’
1027 309 1034 415 j
1106 296 1199 379 aar

77 482 113 551 lis
131 480 224 547 donis
237 482 464 565 „eontra'legem
479 481 615 549 Cinciam
636 481 742 563 [latam
755 482 793 547 U.
814 480 849 548 G.
863 480 947 560 ato,
968 481 1025 547 sed
1041 486 1105 565 jam
1129 494 1200 548 ante

77 570 230 639 ilaudium
255 570 471 654 imperatorem
492 572 678 651 neglectam,
700 591 732 633 v.
755 569 801 633 Pt
823 579 854 631 et
869 566 1022 651 Donnen]
1045 582 1146 649 notat,
1168 582 1200 632 et

77 678 175 721 nnun
194 656 427 731 illiberalitatem
447 656 632 739 perstringit,
655 654 706 739 qui
725 654 835 717 talibus
851 655 1027 719 muneribus
1044 646 1121 719 illos¹
1133 655 1251 718 ‹to-am

77 753 173 807 tarent
196 742 272 819 [imo
289 740 370 802 r‘ecte
389 742 570 802 observante
583 740 728 803 llleistero
744 742 844 803 solam
860 742 952 803 nutat
968 742 1127 805 avaritiam
1142 762 1200 826 pa-

77 846 241 905 ronorum,
264 846 341 910 quae
360 828 411 887 vel
430 828 468 886 ab
491 826 529 888 iis
553 824 635 887 dona
655 847 720 886 non
741 820 890 911 repudiet,
918 827 1026 910 quibus
1041 827 1119 888 nihil
1138 837 1201 889 erat

77 924 187 976 rraeter
207 932 334 974 suorum
352 931 494 990 agrorum
515 909 674 988 fructum]:
703 910 742 972 de
771 933 831 995 quo
857 913 943 999 plura
964 911 1120 976 luvenalis
1146 912 1201 973 illo

77 1020 136 1063 oco
150 998 268 1059 Satirae
285 992 359 1059 Vll.
393 990 573 1083 [Pingues
588 994 721 1058 Umbros
737 998 864 1081 explicat
877 997 1039 1061 lll'eisterus
1056 994 1098 1058 de
1114 994 1202 1059 loeis

77 1080 223 1171 {uibusd
232 1078 359 1145 -Persii
373 1079 470 1167 (Lips.
488 1080 582 1162 1810)
600 1104 630 1166 p.
646 1086 686 1146 56
702 1086 778 1143 bene
791 1084 929 1159 nutritus,
945 1084 1108 1145 habiliores
1123 1079 1204 1159 (cler

77 1167 183 1233 iurclr
208 1165 283 1229 sein
308 1162 542 1228 Geracentroct
565 1165 822 1252 uolrlgeuc't'lnte
847 1165 1090 1248 madmena:
1121 1166 1205 1253 quod

77 1276 179 1321 verum
199 1274 267 1316 esse
294 1273 310 1313 a
332 1263 416 1338 paret
439 1254 535 1333 etiarn
563 1275 581 1316 e
608 1254 739 1314 collectis
764 1274 782 1314 a
804 1251 912 1333 Scalig.
943 1251 1144 1339 ap..Taulrm.
1164 1252 1206 1315 ad
1314 1260 1321 1285 ²

77 1342 168 1405 Plaut.
190 1339 257 1402 lllil.
278 1274 334 1414 lli,
360 1344 386 1416 1,
409 1340 467 1416 53,
494 1338 588 1401 Voss.
609 1337 649 1399 ad
678 1336 784 1400 Catull.
804 1336 936 1417 XXIX,
963 1345 1018 1419 113
1047 1337 1103 1403 sed
1122 1337 1207 1423 quod

77 1426 168 1493 Web.
190 1427 250 1487 huc
271 1426 363 1485 rel'ert
378 1422 560 1485 Umbrorum
582 1445 622 1509 po
646 1425 731 1485 ulurn
749 1423 844 1486 fuisse
864 1417 1079 1505 ἁβροδίαιτον
1099 1444 1207 1503 παροι-

77 1508 222 1595 sanotae
243 1530 279 1572 τι
302 1504 465 1589 βιοτεύειν
482 1512 552 1585 τοῖς
566 1446 709 1587 Aeduis,
731 1511 796 1588 ejus
812 1508 890 1573 fides
912 1522 978 1573 esto
991 1531 1087 1597 penes
1103 1509 1207 1574 Th'eo-

79 1600 247 1685 portipum,
268 1594 378 1659 Athen.
399 1590 475 1660 ΧΗ.
497 1616 526 1681 p.
542 1596 615 1661 527.
634 1594 686 1675 A.]

89 1718 93 1729 “
163 1708 376 1797 [leffium.
405 1712 581 1799 „Tempore
593 1711 689 1776 Persii
708 1713 796 1799 piper
813 1734 921 1777 verum
940 1712 1082 1776 Indicum
1104 1715 1211 1795 magni

77 1800 202 1867 venibat
230 1794 436 1947 ekplondere
467 1797 662 1899 emebatur,
680 1807 739 1898 ‘ut
764 1819 890 1900 aurum
918 1798 976 1900 vel
1001 1809 1189 1900 argentum
1199 1822 1211 1876 ς

77 1887 123 1953 ΡΙ.
137 1886 182 1949 H·
197 1884 234 1949 N·
316 1889 368 1962 ‚7.
389 1883 504 1969 I’rpens
523 1888 663 1946 arborem
677 1905 741 1962 Jam
761 1883 886 1969 qurdem
905 1884 990 1948 ltalra
1009 1887 1132 1965 habult,
1156 1884 1214 1967 sed

77 1970 185 2043 ludica
203 1970 361 2035 viliorem:
385 1966 505 2032 deerat
523 1977 615 2031 tosta
636 1968 704 2033 itta
722 1969 908 2032 maturitas
929 1969 1072 2056 ideoque
1094 1981 1130 2033 et
1149 1990 1213 2033 ru-

77 2077 207 2145 garum
230 2052 423 2141 colorisque
440 2051 644 2117 similitudo.
666 2055 742 2117 Plin.
755 2055 851 2118 ibid.“
893 2057 937 2119 Pl.
953 2079 970 2118 e
984 2057 1128 2119 llleistero
1146 2059 1166 2118 l.
1182 2058 1214 2133 l.‚

77 2144 232 2306 ppivprrpppp
249 2142 367 2222 generis
382 2143 469 2263 piper
483 2141 620 2204 Marsum
637 2142 778 2203 clientem
794 2154 924 2228 patrono
949 2140 1094 2206 obtulisse
1114 2142 1215 2217 anim-

166 2334 218 2395 76.
248 2325 443 2415 Maennque
474 2324 566 2415 quod
588 2326 709 2412 primu
733 2312 886 2392 nondum
918 2324 1216 2415 defeceritxorcol

80 2416 163 2489 Osca
192 2409 366 2516 estndpm,
399 2436 457 2500 qua
479 2416 617 2478 similiter
637 2413 745 2478 Graeci
770 2416 810 2477 ad
838 2419 1019 2479 salsamenta
1043 2418 1215 2478 utebantur.

81 2496 209 2567 suidas:
243 2521 391 2581 νοχας,
420 2497 561 2582 κεράμια
590 2495 705 2582 α’γνιῖιι
733 2497 934 2566 vinariarum?
962 2500 1122 2583 ταρίχων,
1152 2494 1216 2563 δύο

83 2582 166 2653 eitlu
182 2582 316 2669 ἔχονται
336 2589 401 2647 fere
415 2598 519 2649 tamen
533 2589 785 2650 salsamentorum
798 2609 872 2651 vasa
889 2599 919 2650 et
932 2584 1041 2650 Graeci
1053 2599 1084 2649 et
1098 2597 1217 2650 veteres

80 2674 184 2738 Latini
200 2669 361 2747 eunomia
387 2670 542 2754 dixerunt3
575 2674 694 2759 primu
721 2694 805 2735 oren
831 2676 882 2737 vel
909 2694 982 2736 vere
1008 2674 1120 2759 prima,
1147 2692 1218 2733 curn
1245 2678 1248 2683 '

81 2762 185 2848 plures
205 2757 295 2819 datae
309 2758 421 2819 luerint
438 2779 456 2819 a
471 2760 644 2837 clientibus,
666 2762 718 2823 vel
734 2782 791 2845 pro
804 2771 888 2845 parte
899 2759 998 2844 prima
1012 2780 1046 2819 ac
1063 2757 1219 2842 superiore

84 2865 191 2923 orcae3
211 2842 297 2905 idern
310 2844 462 2926 utriusque
475 2844 726 2929 interpretationis
740 2857 785 2907 est
796 2866 919 2907 sensus:
941 2855 1056 2920 tantam
1069 2838 1222 2923 ejusmodi
1254 2840 1271 2891 ἰ
1306 2900 1309 2905 .

83 2950 250 2995 munerum
265 2930 385 3013 copiam
396 2930 502 2993 solitos
521 2941 665 3015 patronos
683 2933 837 3017 accipere,
858 2940 893 2991 ut
906 2950 992 2992 orcas
1010 2930 1142 3009 integras
1153 2928 1222 2988 illa-

84 3028 133 3080 tas
148 3014 260 3101 perdiu
271 3024 413 3078 servent'
1214 3036 1220 3043 ·

127 3200 130 3205 ,
175 3139 229 3199 772
254 3129 326 3195 Hie
341 3130 470 3218 aliquia
484 3129 526 3194 de
542 3140 648 3221 gente
671 3131 809 3199 hircosa
828 3124 1070 3196 centurionum
1084 3127 1221 3208 Dinon]

87 3222 247 3286 Hactenus
267 3221 319 3281 hic
345 3219 450 3282 doctor
468 3220 510 3280 ita
532 3241 605 3282 suos
629 3218 792 3305 discipulos
820 3218 860 3282 ad
883 3220 1097 3305 philosophiae
1123 3214 1225 3280 studia

88 3302 242 3385 incitavit,
264 3317 408 3391 tanquam
422 3304 512 3390 ¹'apud
529 3327 638 3367 omnes
662 3316 813 3369 constaret
836 3304 875 3367 de
892 3306 971 3369 illius
991 3304 1172 3390 praestantia
1194 3311 1226 3364 et

89 3393 130 3456 ad
147 3397 271 3456 beatam
283 3391 379 3455 vitam
394 3391 588 3454 necessitate:
609 3390 690 3455 nunc
710 3412 831 3455 mernor
844 3390 964 3453 Romae
984 3413 1017 3454 se
1031 3393 1108 3452 haec
1126 3388 1226 3449 dicere

91 3478 295 3559 etjuvenibus
308 3476 472 3554 Romanis,
494 3498 622 3561 quorum
635 3498 721 3538 aures
735 3498 842 3539 eorum
858 3479 986 3541 vocibus
1002 3470 1138 3561 quotidie
1155 3494 1227 3557 per-

91 3566 261 3649 sonabant,
282 3563 334 3647 qui
344 3564 556 3647 philosophiae
577 3560 712 3625 studium
730 3560 895 3625 irridebant
918 3574 949 3625 et
971 3562 1144 3625 amoribus
1157 3558 1227 3620 Ro-

92 3650 193 3713 manis
214 3650 349 3710 alienum
362 3647 550 3727 dictitabant,
572 3647 610 3709 ad
632 3649 707 3711 istos
728 3648 899 3710 orationem
916 3648 1063 3710 convertit
1083 3656 1114 3709 et
1132 3645 1229 3708 vitam

92 3738 233 3823 ipsorum
255 3736 295 3795 ob
316 3733 391 3794 illud
412 3735 529 3818 ipsum,
554 3733 638 3818 quod
661 3734 889 3818 philosophiam
910 3744 1107 3819 aspernentur
1117 3736 1138 3808 ,l
1147 3729 1241 3801 vitiis

97 3823 241 3884 omnibus
253 3841 321 3883 esse
341 3820 506 3881 obnoxiam
520 3822 645 3905 probat3
668 3832 755 3904 atque
768 3820 809 3881 ita
825 3810 926 3897 ellicit,
946 3840 987 3883 ne
1000 3816 1074 3903 quid
1084 3813 1230 3902 ponderis

97 3906 176 3992 apud
193 3904 361 3989 discipulos
377 3926 450 3967 suos
469 3907 580 3966 horum
595 3927 688 3967 voces
700 3907 840 3967 habeant.
883 3904 1021 3975 Primum
1031 3904 1122 3983 igitur
1135 3920 1233 3961 unum

99 3995 232 4077 aliquem
247 3992 377 4052 istorum
392 3989 506 4052 inducit
526 3990 687 4070 agrestium
702 4002 732 4051 et
747 3990 923 4077 epicorum,
944 3990 997 4074 qui
1014 3988 1055 4063 ad
1074 3984 1234 4071 studiarei
1303 4030 1307 4037 .

99 4078 252 4155 militaris,
275 4099 338 4138 non
357 4078 588 4162 philosophiae,
616 4076 775 4139 Romanos
795 4098 829 4139 se
851 4077 1001 4160 applicare
1019 4074 1130 4135 debere
1149 4070 1235 4150 jacti·
1336 4122 1343 4141 ,

100 4168 218 4227 tabant:
241 4163 291 4224 his
303 4164 373 4227 totis
386 4184 502 4224 novem
516 4164 666 4226 continuis
678 4163 816 4225 versibus
831 4182 885 4223 eos
895 4159 1090 4245 reprehendit
1102 4178 1136 4219 ac
1147 4154 1236 4230 ridet,

119 4252 150 4312 ui
169 4248 348 4311 doctoribus
369 4249 534 4333 sapientiae
558 4270 684 4334 operam
705 4250 875 4328 navabant3
897 4244 1009 4309 deinde
1031 4241 1288 4329 sequentibusu95

101 4272 223 4399 luobus
239 4334 379 4398 versibus
392 4332 561 4397 ostenditur
572 4337 632 4396 hoc
650 4334 735 4413 vulgi
747 4332 959 4397 Romanorum
980 4343 1011 4395 et
1024 4334 1237 4416 plerumnque

102 4424 243 4521 nmmum
254 4440 323 4485 esse
336 4406 501 4502 judicium,
521 4420 603 4483 hanc'
622 4418 662 4485 de
681 4419 878 4509 philosophia
895 4418 1088 4487 sententiam.
1178 4448 1181 4453 ¹
