2700 4972
97 334 163 401 ΜΒ
272 331 532 429 ΙΡΈΒΒΙΑΝΔ
556 332 776 403 HORATII
794 337 1054 409 IMH'ATIO.

717 505 866 596 quinque
880 531 918 575 ee
978 586 981 591 ¹
1016 520 1078 579 tur

229 589 278 657 Te
286 588 412 691 pueri,
436 586 599 655 insonum
608 601 791 680 portantes
807 617 915 685 oenop
942 619 1127 687 oramque.

184 698 257 764 145.
278 694 394 777 Quom
407 715 475 758 non
491 692 683 760 extinxerit
705 719 795 763 urna
818 698 982 781 cicutae]
1002 704 1043 769 In
1055 705 1186 793 epistola
1200 704 1236 768 ad

94 784 221 847 Florum
236 783 316 847 libro
327 779 484 857 secundo,
506 781 609 849 r.58:
1062 834 1065 839 .

225 867 324 950 Quae
335 873 502 955 poterunt
514 889 667 953 unquam
680 868 768 932 sutis
783 892 983 961 expurgare
994 862 1136 939 cicutae
1151 877 1169 939 ?

184 974 255 1038 149.
272 968 432 1048 Nummi,
452 991 534 1058 quos
550 969 627 1049 heio
645 973 835 1059 quincunce
851 974 1009 1042 modesto
1018 977 1233 1060 Nutrieros.]

94 1060 132 1125 In
150 1061 278 1147 epistola
292 1057 333 1121 ad
349 1058 484 1122 Lollium
506 1059 584 1122 libro
602 1060 721 1145 primo,
742 1059 864 1142 XVIII,
879 1065 939 1131 35:

568 1163 726 1207 nummos
744 1144 877 1211 alienos
888 1158 1025 1236 poscet.

31 1286 50 1321 ,Ι
76 1280 80 1287 .
182 1232 255 1296 152.
282 1227 557 1294 Cinisetmnnee
578 1239 612 1292 et
629 1227 759 1316 sabula
772 1227 869 1319 fies]
899 1234 1042 1302 OdalV.
1058 1236 1131 1300 libri
1149 1234 1233 1323 primi

93 1316 288 1397 carminum,
306 1338 339 1380 v.
356 1319 412 1381 16:

77 1398 81 1409 '
105 1472 108 1479 ,
222 1398 307 1466 Jom
321 1407 355 1465 te
361 1406 503 1489 premet
522 1420 589 1463 nox
607 1396 825 1491 fabulaeque
850 1426 981 1468 mones.

180 1509 253 1575 153.
280 1496 372 1569 Vive
387 1523 516 1566 memor
531 1502 614 1585 leti]
637 1504 735 1569 Satira
751 1519 836 1570 sexta
851 1509 920 1571 libri
933 1506 1075 1589 secundi,
1089 1531 1122 1576 v.
1140 1516 1196 1576 97:

225 1584 315 1657 Vive
338 1610 471 1652 memor
486 1609 592 1674 quam
606 1589 655 1653 sis
678 1590 758 1657 nevi
778 1591 900 1665 brevis.

177 1678 224 1743 Ib.
248 1676 327 1746 Hoc
348 1671 439 1762 quod
451 1673 592 1761 loquor,
614 1673 695 1741 inde
714 1679 789 1763 est]
816 1678 855 1744 In
875 1680 1087 1745 choriambico
1105 1680 1232 1749 carmine

93 1765 132 1829 ad
148 1763 338 1829 Leuconoe'n
358 1763 436 1825 libro
474 1765 571 1843 rimo,
593 1760 654 1842 XI,
672 1768 693 1828 7
701 1788 710 1829 :

222 1938 254 2001 A
453 1869 513 1910 um
532 1847 724 1935 loquimur,
742 1845 880 1937 fugerit
895 1847 1020 1915 invido

254 1943 338 1998 etos.

180 2022 251 2088 156.
279 2012 452 2084 Alternus
472 2015 638 2100 aberrem]
669 2015 734 2100 Qui
760 2022 840 2085 inter
860 2021 936 2086 vitia
963 2020 1112 2106 fluctuet,
1142 2024 1232 2090 modo

16 2172 21 2183 ,
91 2110 154 2175 hoc
176 2110 320 2195 probans,
343 2105 440 2169 modo
459 2103 550 2185 illud,
569 2101 748 2193 fugitivus
770 2116 804 2170 et
826 2126 904 2172 erro
918 2121 1115 2196 nuncupatur
1130 2110 1233 2177 Flacco

95 2192 193 2259 Satira
210 2194 279 2257 libri
323 2192 393 2255 rimi
413 2192 544 2279 septima
559 2188 699 2270 [secundi
711 2191 783 2273 VII,
800 2190 881 2275 113}

181 2285 252 2347 161.
319 2299 402 2357 ove,
431 2278 499 2341 cito
516 2275 580 2341 icoc
602 2275 724 2340 credes
739 2275 866 2364 jubeo,
891 2273 945 2364 fi]
975 2276 1060 2359 Quia
1076 2282 1233 2347 Menandri

91 2368 174 2429 hunc
190 2370 295 2429 locum
315 2388 333 2427 a
348 2365 493 2427 Terentio
509 2386 688 2449 expressum
703 2366 765 2428 suis
782 2364 887 2428 Satiris
910 2377 939 2427 et
953 2366 1102 2433 Horatius
1121 2380 1152 2432 et
1168 2369 1232 2433 Per-

37 2453 162 2526 551sius
176 2454 376 2530 inseruerunt,
398 2473 463 2513 non
478 2451 545 2512 sine
559 2452 716 2535 voluptate
732 2450 859 2515 studiosi
873 2453 985 2513 horum
998 2454 1095 2517 trium
1108 2457 1231 2519 eximio-

90 2561 160 2601 rum
177 2538 337 2624 poe'tarum
361 2539 456 2601 verba
479 2537 558 2597 inter
574 2558 608 2597 se
631 2535 858 2601 contenderint:
881 2536 963 2622 apud
982 2538 1150 2604 Horatium
1170 2564 1231 2628 per-

90 2646 237 2689 sonarum
258 2624 386 2687 nomina
406 2644 470 2683 non
494 2633 663 2706 ponuntur:
691 2621 812 2686 Persius
833 2644 910 2709 quae
927 2622 1011 2708 apud
1029 2625 1231 2691 Menandrum

89 2710 217 2790 invenit,
238 2710 377 2772 retinuit:
400 2706 570 2785 Terentius,
592 2719 627 2768 ut
640 2708 706 2769 fieri
724 2711 803 2771 solet
825 2731 843 2771 a
863 2710 1003 2789 comicis,
1023 2714 1155 2777 nomina
1168 2737 1230 2776 mu-

89 2798 182 2876 tavit,
206 2819 276 2857 cum
295 2793 458 2859 Menandri
483 2795 602 2857 fabulas
626 2815 707 2879 pene
732 2793 771 2857 ad
796 2797 927 2859 verbum
948 2808 1097 2861 verteret:
1128 2822 1228 2863 omnm

89 2886 152 2945 hoc
164 2892 338 2962 servarunt,
363 2892 397 2942 ut
413 2890 531 2942 amator
547 2881 668 2958 juvenis
680 2902 745 2941 non
764 2882 885 2953 monitu
904 2884 1103 2967 cujusquam,
1126 2885 1227 2949 seder

88 2968 308 3050 indignatione,
330 2966 413 3053 quod
428 2977 508 3029 esset
522 2967 670 3043 exclusus,
694 2988 763 3027 cum
775 2968 860 3029 bona
877 2978 983 3031 mente
995 2968 1098 3033 redire
1118 2972 1152 3033 in
1168 2992 1227 3053 gm-

88 3056 165 3119 tiam
188 3054 366 3117 meditetur:
396 3054 499 3137 itaque
521 3073 585 3113 non
608 3049 716 3114 Davus
740 3048 985 3117 Chaerestratum
1011 3068 1065 3118 aut
1082 3054 1226 3120 Parmeno

88 3140 273 3222 Phaedriam
287 3141 459 3226 compellat,
481 3136 537 3200 sed
552 3136 622 3202 vice
638 3158 739 3201 versa.
781 3138 928 3202 Horatius
945 3138 1047 3204 Satira
1064 3145 1153 3206 tertia
1167 3144 1225 3208 libri

88 3226 136 3305 11,
158 3249 189 3291 v.
209 3231 291 3294 260:

1009 3321 1153 3377 amator

217 3394 386 3460 Encimus
399 3392 459 3479 qni
474 3390 592 3473 distat,
615 3391 691 3480 ogit
704 3388 767 3456 ubi
779 3413 913 3473 secum,
937 3405 995 3460 eat
1011 3419 1060 3463 cn
1075 3422 1152 3465 non.

172 3499 219 3564 lb.
248 3496 371 3563 Finire
393 3493 530 3559 dolores
548 3495 768 3562 Praeteritoo
792 3494 974 3581 medion]
1006 3500 1168 3569 Sententia
1187 3514 1224 3569 erl

87 3585 266 3668 Menandri,
287 3588 382 3652 verba
401 3582 534 3663 Horatii,
559 3584 580 3645 l.
598 3584 621 3647 L
642 3605 673 3648 v.
688 3589 767 3650 263:

361 3690 408 3733 on
420 3667 538 3755 potins
557 3666 706 3733 mediter
718 3663 836 3754 finire
853 3665 1022 3735 dolores?

88 3759 250 3823 Terentius
271 3757 362 3842 [Eun.
379 3756 412 3836 I,
437 3761 471 3826 1,
492 3756 600 3852 2⁸‘ld²

422 3862 468 3902 an
483 3851 601 3925 potrus
622 3839 674 3904 ito
691 3862 745 3904 me
763 3861 975 3926 comparem,

217 3925 301 3993 Non
316 3925 460 4016 perpeti
476 3926 700 3992 meretricum
724 3926 980 3993 contumelias?

176 4032 248 4098 164.
277 4028 336 4095 An
360 4051 434 4094 rem
452 4028 611 4115 patriam
635 4052 774 4095 rumore
796 4029 938 4095 sinistro
953 4030 1086 4098 Limen
1103 4034 1153 4100 od
1172 4033 1222 4100 ob·

86 4140 247 4183 secenum
259 4112 453 4204 frangam]
474 4116 512 4180 In
534 4118 627 4182 simili
641 4120 792 4183 sententia
806 4122 938 4182 verbum
960 4116 1159 4211 infringere
1174 4147 1223 4211 po-

65 4250 69 4267 .
85 4207 145 4269 suit
158 4207 313 4282 Horatius,
335 4203 392 4266 etsi
407 4204 528 4268 diversa
541 4205 684 4267 notione:
707 4203 780 4267 Ode
787 4203 847 4267 XI.
864 4203 1019 4294 Epodon,
1042 4230 1075 4275 v.
1092 4217 1221 4297 21sqq.:

215 4289 277 4358 Ad
290 4309 359 4353 non
377 4286 510 4354 amicos
524 4288 614 4354 beu!
637 4285 724 4352 milii
739 4289 875 4377 parteis
895 4299 929 4357 nt
951 4288 1041 4357 heu!

248 4373 395 4440 Limina
420 4375 528 4453 duro,
548 4372 672 4460 quibus

292 4458 447 4529 Lumboe
463 4471 498 4526 et
512 4456 646 4549 infregi
662 4459 766 4526 letus.

831 4876 842 4917 ι
953 4884 957 4891 .
