2700 4972
412 123 474 189 tn
496 120 667 191 PERSII
688 124 912 197 surmate
932 127 957 190 Ι.
1174 136 1256 197 m
1307 143 1310 157 ¹

49 268 60 343 -'.'
117 312 199 375 poue
223 305 256 359 et
275 292 393 359 debiles
413 298 466 361 rel
487 296 588 382 aliqua
610 296 744 384 corporis
764 300 834 361 labe
853 296 987 379 insignes
1009 297 1148 363 irridere:
1196 323 1255 364 uae

50 448 56 467 Ι
112 379 295 465 improbitas
310 382 403 445 etiam
415 383 611 446 anathemate
624 382 795 447 vindicatur
816 383 850 445 in
871 382 995 462 clerico,
1024 406 1142 448 canone
1165 385 1190 448 L

112 486 237 545 eorum,
261 467 315 551 qui
324 460 713 553 Apostolicinominantur3
736 466 830 531 lurco
850 464 967 531 dicere
985 467 1080 533 lusce
1096 483 1142 533 est
1153 470 1253 535 ridere

55 568 63 585 ¹
110 550 277 613 bominem
294 554 414 615 luscum
436 553 518 615 etin
542 552 730 617 debilitatem
744 550 826 619 illius
847 548 926 616 diua
949 553 1067 618 diceret
1088 554 1181 619 lusce
1195 559 1253 621 ha-

108 637 185 701 bent
199 638 415 719 membranae,
436 660 517 718 non,
539 650 572 701 ut
588 640 640 701 alii
655 638 788 719 codices,
810 637 944 703 luscus.-
985 640 1049 703 uod
1071 642 1098 705 si
1119 645 1168 704 cui
1184 644 1252 728 pla-

109 732 196 801 oeat,
218 743 326 787 seusus
344 725 399 786 erit
410 725 560 809 optimus:
583 725 636 809 qui
655 722 790 788 Graecos
802 725 948 789 homines
963 662 1154 791 draecamcis
1169 728 1251 792 vitiis

107 808 292 893 abeuntes,
298 808 397 885 ridere
410 820 509 888 amat,
531 806 645 872 luscus
659 811 727 897 ipse
743 822 772 873 et
786 809 897 875 iisdem
913 810 994 874 vitiis
1006 813 1176 895 obnoxius,
1199 809 1250 875 di-

106 912 187 1040 cerq
209 889 309 957 lusco
327 917 386 982 pro
405 893 506 959 dicere
524 896 557 959 in
578 898 711 977 luscum,
733 907 767 961 ut
789 894 874 983 apud
892 896 1033 982 poe'tum:
1062 895 1097 963 It
1118 897 1252 965 clamor

107 998 169 1045 coe
187 999 220 1041 ο.

196 1070 270 1131 129.
292 1066 371 1130 Sese
392 1065 423 1146 [„
432 1060 542 1151 Seque
558 1065 699 1152 antiquae
712 1065 884 1129 recensioni
894 1065 1082 1132 Pithoeanae
1094 1079 1251 1155 receptum

105 1151 221 1213 nostris
234 1151 328 1223 etiem
336 1149 436 1215 Codd.
449 1154 623 1237 probatur.“
645 1149 698 1214 Pl.
721 1163 755 1213 ut
768 1152 862 1214 tribus
877 1152 975 1233 Pass]
999 1152 1154 1239 aliquem
1171 1174 1249 1216 cre-

104 1232 225 1317 dens]
255 1235 402 1319 νομίζων
419 1231 541 1301 ἑαυτὸν
561 1230 657 1319 εἷναί,
674 1258 759 1300 τινα.
796 1236 905 1323 [quam
933 1237 1099 1302 dictionem
1123 1239 1252 1303 illustrat

102 1320 192 1385 Pass.
248 1322 336 1385 Haec
354 1325 445 1385 altera
462 1336 508 1386 est
521 1336 594 1385 nota
612 1336 642 1385 et
655 1323 763 1408 prioris
777 1323 843 1385 vitii
856 1326 941 1386 fons:
962 1346 1036 1386 nam
1049 1325 1099 1387 isti
1115 1321 1249 1397 Graecos

103 1409 176 1487 vel,
264 1410 482 1493 loquebantur,
511 1406 676 1472 Graeculos
697 1407 770 1470 ideo
794 1413 1049 1494 aspernabantur,
1078 1411 1149 1497 quia
1165 1422 1250 1473 erant

105 1492 114 1507 ”
143 1494 163 1565 ,“
187 1505 362 1574 arrogantes
386 1515 420 1555 ac
443 1495 583 1580 superbi,
605 1495 739 1580 primum
759 1492 884 1578 quidem
906 1506 937 1555 ut
952 1492 1087 1558 Romani
1100 1495 1182 1560 cives
1199 1498 1252 1560 vel

75 1644 77 1648 .
101 1514 191 1657 Γ,
207 1576 328 1727 ffide
346 1589 379 1641 ut
394 1578 539 1660 dignitate
557 1581 657 1665 aliqua
678 1580 792 1657 ornati,
815 1591 867 1641 aut
885 1578 1006 1642 Romae
1022 1582 1082 1643 aut*
1093 1580 1127 1643 in
1147 1581 1249 1645 moui-

297 1686 325 1729 e.

95 1685 286 1821 ,ψῖσαίο
301 1744 393 1836 quod
405 1747 533 1813 bonore
553 1746 728 1835 supinus]
752 1746 790 1811 Iu
810 1747 987 1812 universum
1009 1770 1064 1813 eos
1079 1751 1298 1835 reprehen-163

103 1832 167 1914 dit,
188 1836 243 1921 qui
258 1836 449 1917 obhonores
470 1847 502 1899 et
516 1836 638 1921 publica
657 1855 801 1914 munera,
822 1835 1042 1920 qualiacunque
1061 1834 1187 1899 tandem

101 1930 225 2001 ment,
245 1922 459 2007 strperbibant3
482 1943 516 1985 se
558 1919 599 1983 ad
617 1920 822 1985 elevationem
844 1920 889 1981 rei
905 1920 993 2005 ponit
1013 1924 1191 2007 exemplum
1210 1858 1249 1984 il

101 2006 182 2087 lius,
209 2006 346 2093 pinon
362 2005 484 2071 Romae
577 2007 684 2069 itatem
707 2006 839 2090 aliquam
862 2006 1058 2086 obtinuisset,
1086 2029 1196 2070 verum
1215 2008 1248 2071 iu

99 2092 207 2177 aliquo
224 2093 341 2155 manici
362 2093 464 2156 iomm
485 2089 606 2155 Italiae:
638 2092 689 2176 qui
708 2093 810 2154 honos
826 2091 915 2152 nihili
936 2092 1031 2154 fiebat
1049 2113 1067 2154 a
1087 2090 1249 2156 Romanis.

101 2115 407 2274 Senecapaterlll
426 2179 504 2242 libro
524 2174 719 2243 controvers.
745 2177 796 2253 [iu
814 2172 989 2262 Excerptis,
1010 2199 1040 2262 p.
1063 2181 1125 2243 398
1146 2176 1186 2239 Bi
1209 2174 1246 2257 .]':
1283 2212 1287 2219 ,

100 2258 309 2337 &mortuus
326 2260 445 2345 ajebat
466 2260 509 2325 de
525 2261 595 2339 bis,
620 2260 679 2348 qui
695 2259 843 2324 bonores
859 2259 896 2347 in,
911 2259 1112 2347 municipiis
1130 2200 1242 2326 ambi·
1316 2284 1319 2289 ·

98 2346 198 2423 tiore·
233 2357 385 2415 sterent.-
410 2342 543 2413 Videor
558 2347 647 2412 mibi
662 2344 838 2410 insomnis
855 2343 1027 2421 laborare.
1122 2376 1126 2387 ¹

120 2502 123 2507 ,
215 2433 364 2519 opinus]
385 2436 536 2516 Arrogans
551 2447 581 2498 et
600 2435 695 2497 animi
716 2434 825 2497 vitium
837 2431 904 2517 ipso
929 2445 1016 2513 gestu
1039 2432 1172 2518 corporis
1191 2455 1247 2519 pa-

98 2523 164 2583 lam
184 2522 318 2585 faciens:
340 2533 387 2584 est
407 2543 503 2602 genus
526 2522 690 2583 hominum
706 2520 848 2605 superbia
864 2519 1055 2594 inflatorum,
1078 2520 1131 2604 qui
1144 2520 1246 2600 ingre-

99 2604 226 2671 diuntur
239 2605 318 2669 adeo
335 2619 436 2669 erecto
459 2628 586 2692 corpore
607 2618 697 2693 atque
715 2598 915 2687 ὑψαύχενες,
940 2605 1019 2668 utin
1040 2609 1143 2667 coelos
1166 2605 1246 2666 oculi

98 2713 211 2755 eorum
225 2694 361 2755 ferantur
373 2715 438 2754 non
452 2695 549 2755 multo
566 2714 654 2754 secus
677 2712 711 2753 ac
733 2691 989 2776 resupinatomm:
1011 2691 1060 2752 isti
1078 2702 1149 2753 sunt
1168 2712 1245 2775 quos

96 2776 256 2863 Epictetus
276 2778 360 2862 apud
386 2779 546 2845 &uanum
568 2778 625 2856 ait,
648 2799 709 2862 quo
731 2775 926 2839 admirationi
942 2776 1000 2837 sint
1024 2777 1182 2854 omnibus,
1203 2777 1246 2838 ita

96 2856 254 2941 insedere,
270 2864 444 2949 quasivero
462 2863 674 2944 deglutissent:
696 2863 739 2924 sic
752 2863 804 2924 ille
817 2861 886 2923 libri
896 2861 987 2945 primi
1003 2882 1067 2967 cap.
1077 2857 1178 2923 XXI:
1205 2858 1245 2923 Τί

98 2944 185 3032 ὑμῖν
199 2947 278 3099 βιαιο
297 2943 390 3055 ᾑμῖν]
413 2944 589 3033 ὀβελίσκον
609 2942 780 3012 καταπιών
801 2949 1004 3026 περιπανεῑς;
1026 2948 1168 3029 ηθελον,
1189 2943 1246 3009 ἵνα

96 3054 140 3121 ps
154 3055 200 3099 αα
233 3032 269 3105 oi
290 3037 499 3111 uuumoivces
520 3028 727 3116 θαυμάζωσι.
774 3029 883 3095 Graeci
905 3032 1018 3114 σοβεῖν
1033 3043 1062 3094 et
1081 3025 1246 3114 ὑψαυχεῐν

96 3118 139 3187 de
152 3120 202 3183 bis
214 3133 377 3206 usurpant,
402 3123 477 3191 item
492 3115 703 3198 ἐξναοιάζειν.
757 3117 901 3183 Clemens
918 3115 1141 3181 Alexandrinus
1165 3116 1245 3181 Pae-

96 3204 212 3287 dagogi
223 3207 302 3271 libro
322 3206 369 3273 ΠΙ
389 3208 426 3287 [c.
444 3212 493 3273 11.
508 3229 539 3291 p.
554 3211 617 3279 296
631 3206 711 3269 Putt.
732 3226 759 3268 s.
776 3227 806 3290 p.
830 3207 890 3267 109
902 3224 950 3307 pr.
971 3201 1069 3286 sylb]
1095 3203 1175 3265 inter
1189 3225 1243 3265 ex-

95 3293 202 3378 empla
228 3292 366 3357 incessus
389 3293 544 3378 culpabilis
568 3293 656 3379 ponit
676 3284 713 3355 τὸ
736 3287 772 3355 ἐν
797 3291 869 3363 ταῖς
894 3288 985 3364 οδοῖς
1008 3282 1159 3369 σαλεύειν
1184 3287 1242 3353 καὶ

56 3382 60 3387 ’
95 3372 335 3459 mamam
349 3375 573 3460 παραβλέπων
587 3376 633 3453 εἰς
647 3372 727 3453 τούς
743 3370 969 3457 ἀπαντῶντας,
993 3374 1021 3439 el
1036 3369 1240 3455 ἀποβλέπον-

95 3476 153 3539 tlte
170 3461 219 3543 tls
231 3459 353 3533 αὐτόν·
377 3461 532 3544 καθάπερ
555 3460 609 3528 ἐπὶ
623 3464 745 3548 σκηνῆς
762 3455 1015 3544 ἐμπομπὲύοντα
1040 3456 1097 3541 ααὶΙ
1118 3458 1241 3525 duaco·
1335 3518 1337 3522 .

93 3542 392 3633 deduxiotlttevova
420 3552 463 3613 ita
483 3548 627 3634 supinus
652 3550 722 3617 heic
745 3560 776 3611 et
795 3544 958 3631 supinate
980 3545 1061 3633 apud
1079 3544 1231 3613 Senecam
1240 3543 1294 3615 (89)

93 3636 128 3705 itt
145 3632 194 3713 ll,
217 3632 271 3709 De
290 3636 447 3713 beneficiis
468 3635 566 3716 [13]:
604 3657 687 3705 osu
712 3631 809 3697 erbiu
832 3653 991 3719 maguae.
1006 3628 1192 3713 fortunae!
1223 3653 1242 3693 ο

94 3716 344 3809 stultissimum
359 3720 517 3785 naulum!
542 3765 550 3781 .
576 3766 584 3789 .
609 3771 618 3789 .
641 3657 744 3789 Libet
762 3716 892 3783 interro
913 3714 1108 3803 'orm-quid
1123 3725 1241 3780 tanto·

92 3826 180 3893 pere
198 3814 233 3873 te
247 3806 387 3895 supinet
402 3804 561 3887 [Gronov-2
576 3805 783 3892 resupinet],
807 3740 1047 3890 quidgvultum
1062 3800 1241 3868 habitum-

59 3928 62 3933 ·
93 3914 161 3990 que
186 3891 259 4040 oprie
274 3902 475 3981 pervertat,
499 3900 538 3959 ut
561 3892 667 3959 matis
692 3888 821 3956 babere
842 3909 1030 3975 personum
1052 3910 1158 3976 quum
1173 3885 1241 3977 jc-

94 3999 188 4043 ccem
738 4004 741 4009 ¹

184 4071 256 4141 tsu
283 4062 447 4152 Fregerit
467 4061 625 4129 heminas
647 4059 770 4125 Arreti
792 4059 922 4144 [Coddc
944 4060 1068 4138 Areti3
1090 4085 1120 4126 v.
1140 4062 1186 4125 Pl.
1207 4061 1292 4149 p.164

95 4153 182 4235 171.]
207 4147 336 4219 aedilis
361 4150 529 4239 iniquae]
550 4150 641 4223 Ponit
656 4151 832 4234 exemplum
850 4145 1020 4229 dignitatis,
1041 4170 1119 4232 quae
1133 4169 1189 4233 per
1205 4169 1239 4211 se
1328 4228 1331 4235 ἢ

47 4281 50 4291 ·
95 4260 160 4305 uon
176 4258 310 4320 maguae
326 4238 386 4318 rei,
414 4237 535 4309 levibus
560 4247 663 4301 tamen
679 4234 857 4303 hominibus
870 4234 1016 4318 bullandis,
1032 4233 1180 4316 stulticiam
1202 4253 1239 4309 er
