2700 4972
295 468 300 479 ν
383 364 444 429 ru
473 364 647 433 rnnsrr
673 346 900 461 ssr'msu
921 338 955 434 1:
1196 374 1273 439 aa

95 538 267 603 vanitatem
280 536 464 601 ostenderet.
507 538 609 604 Docet
626 541 718 622 igitur
734 562 799 604 non
814 541 893 605 inter
912 562 962 606 res
979 543 1091 624 serias,
1113 544 1170 617 sad
1190 547 1241 610 in-
1257 551 1290 606 at

95 637 139 688 ter
152 626 381 697 oblectamenta
396 625 497 688 literas
518 627 625 689 haberi
644 650 662 689 a
683 629 836 713 plerisque
854 641 1047 708 magnatum,
1070 632 1242 698 aclaudari
1327 696 1332 705 ,

96 709 224 797 quidem
234 712 275 772 ab
289 711 328 772 iis
340 708 448 795 poiitas
462 723 492 773 et
507 715 656 776 encomiis
668 714 812 778 maximis
827 714 943 793 ornari,
965 714 1021 778 sed
1036 717 1116 779 inter
1129 723 1241 803 pocula

98 797 171 860 etin
186 798 264 860 vino
275 820 283 860 :
293 806 327 857 ut
339 796 428 858 facile
448 818 558 861 omnes
570 799 748 879 intelligant,
768 800 873 885 quanti
884 799 1074 865 laudationes
1089 804 1166 867 istae
1174 806 1241 869 fieri
1301 836 1304 841 ·

98 883 244 961 debeant,
269 903 408 967 aparum
422 885 532 946 sobriis
547 896 576 947 et
590 884 724 948 madidis
742 889 906 971 profectae.
950 884 1114 968 Ingeniosa
1134 902 1238 955 autem

97 969 216 1031 Persius
231 989 299 1029 rem
316 970 358 1030 ob
373 970 480 1031 oculos
494 971 538 1032 sic
553 973 654 1056 ponit,
675 983 708 1034 ut
722 974 835 1035 horum
855 972 1019 1035 hominum
1034 976 1153 1039 vanitas
1170 999 1239 1040 ma-

98 1055 296 1117 nifestissime
314 1064 469 1139 appareat.
581 1104 589 1119 ,.
615 1122 618 1131 ,

179 1170 283 1237 Inter
298 1168 463 1261 pocula]
491 1172 591 1237 Vetus
613 1174 664 1236 hic
685 1198 755 1239 mos
777 1187 807 1239 ot
824 1197 842 1238 a
859 1173 984 1241 Graecis
1004 1190 1162 1265 acceptus:
1182 1180 1238 1247 sed

97 1262 155 1323 hoe
170 1258 350 1324 oblectandi
362 1260 410 1322 sui
425 1260 546 1339 caussa,
568 1283 631 1321 non
649 1273 682 1322 ut
700 1263 864 1325 accuratius
888 1264 1050 1349 quicquam
1069 1278 1238 1335 tractarent.

97 1346 308 1429 Hieronymus
323 1344 469 1408 adversus
484 1343 647 1410 Rusmum:
665 1344 803 1427 Quaeso
818 1357 869 1426 te,
892 1347 1005 1411 amice
1020 1348 1239 1434 charissime,
1317 1406 1323 1427 ,

98 1428 301 1517 hujusmodi
313 1428 549 1493 deliramenta
561 1427 718 1495 dimittas
733 1441 768 1495 et
778 1431 1016 1518 prandiorum
1034 1428 1239 1503 coenarum·
1304 1468 1306 1475 ’

99 1514 320 1607 quejabuias
332 1538 399 1607 pro
416 1526 619 1604 argumento
637 1538 707 1581 non
720 1529 839 1583 teneas
857 1512 1026 1585 veritatis.
1050 1574 1055 1584 .
1155 1560 1159 1567 ·

176 1624 233 1706 81]
257 1634 474 1701 Romulidae
487 1634 627 1717 saturi]
650 1637 742 1712 [Cum
762 1644 803 1703 n'e
822 1652 929 1705 mente
946 1641 1072 1727 quidem
1091 1656 1174 1709 recte
1193 1646 1239 1709 uti

97 1734 242 1809 possunt,
261 1726 363 1787 multo
377 1725 446 1789 cibo
462 1736 493 1787 et
506 1724 634 1809 potione
645 1726 771 1810 repleti:
792 1724 849 1794 Pt.
872 1748 890 1790 e
912 1726 1006 1808 (iic.];
1025 1750 1084 1793 uec
1105 1732 1164 1794 riri
1184 1754 1243 1796 so-

96 1812 177 1892 lum,
199 1808 260 1873 sed
274 1810 368 1872 etiam
378 1811 545 1872 foeminae.
587 1808 746 1875 Juvenalis
759 1813 793 1874 in
810 1822 898 1875 sexta
917 1812 994 1892 [433
1006 1817 1104 1901 sqq.]:
1327 1806 1329 1815 ¹

177 1934 256 2000 ttta
274 1944 394 1998 tamen
415 1934 577 2023 gravior,
601 1957 690 2021 quae
713 1959 792 2001 cum
814 1934 1031 2003 discumbere
1052 1934 1174 2022 coepit,

172 2019 330 2087 laudnt
357 2016 567 2111 Virgilium,
583 2021 767 2111 periturae
788 2022 939 2125 ignoscit
958 2022 1093 2102 Elisae,

180 2105 379 2173 Committit
400 2118 495 2171 vates
521 2118 556 2170 et
576 2118 775 2195 comparat.-
797 2108 877 2175 inde
897 2109 1081 2177 Maronem

179 2192 301 2283 Atque
324 2192 396 2257 alia
413 2202 522 2285 parte
545 2196 581 2257 in
603 2193 736 2261 trutina
757 2192 935 2283 suspendit
958 2192 1165 2261 Homerum.

179 2344 235 2407 32.
258 2334 331 2427 ldie
344 2335 483 2425 aliquis,
498 2338 555 2402 cui
571 2338 701 2404 circum
714 2337 875 2404 humeros
885 2335 1113 2424 byacintbina
1129 2337 1242 2403 laena

95 2429 170 2508 est]
192 2424 268 2489 Erat
280 2427 394 2506 moris,
416 2438 449 2487 ut
464 2427 496 2487 in
508 2428 658 2490 ruissuum
669 2429 834 2493 intervallis
847 2436 900 2490 aut
912 2426 1040 2491 remotis
1053 2427 1169 2490 mensis
1182 2426 1243 2489 ali-

95 2513 162 2600 quis
179 2514 384 2576 convivarum
398 2514 450 2576 vel
464 2515 641 2575 memoriter
654 2518 704 2578 vel
718 2514 757 2577 de
771 2516 882 2599 scripto
896 2511 996 2596 ῥῆσιν
1014 2514 1139 2593 alicujus
1158 2511 1242 2599 poi-

94 2611 146 2662 tae
157 2600 318 2677 recitaret3
346 2596 428 2659 unde
441 2620 518 2659 mox
533 2599 672 2664 coituris
691 2622 764 2664 ansa
783 2599 941 2664 fabulandi
960 2602 1155 2664 nascebatur:
1177 2600 1243 2660 hor.

95 2706 178 2747 nunc
190 2685 266 2746 facit
279 2684 338 2746 iste
352 2684 430 2746 inter
451 2683 597 2748 delicatos
619 2686 815 2762 delicatulus,
845 2685 901 2749 cui
921 2683 1053 2749 circum
1076 2683 1242 2747 humeros

95 2766 330 2858 lpncintbina
342 2768 448 2833 laena
468 2778 539 2845 θείς
569 2773 663 2834 vestis
681 2773 849 2837 tricliniaris
864 2772 987 2834 mollior
1007 2783 1039 2834 et
1057 2770 1167 2833 coloris
1183 2790 1240 2832 exe
1301 2820 1305 2831 ,

94 2857 201 2943 quisiti
213 2867 427 2937 argumentum
442 2868 489 2919 est
502 2858 671 2920 solutorum
683 2880 825 2939 morum3
844 2859 918 2921 satis
937 2868 1054 2920 constat
1071 2878 1109 2920 ea
1130 2866 1240 2934 aetate,¹
1335 2910 1339 2920 .

95 2944 148 3029 qni
166 2943 371 3023 elegantiores
384 2941 483 3006 rideri
497 2944 657 3022 volebant,
681 2945 855 3007 coenatoria
876 2956 907 3007 et
924 2944 1101 3007 universam
1118 2953 1241 3006 vestem
1255 2942 1291 2997 82

94 3029 293 3091 uicbniarern
311 3026 592 3115 splendidissimam
611 3032 773 3094 habuisse:
795 3031 827 3091 in
849 3028 985 3116 dibapha
998 3030 1092 3109 igitur
1108 3046 1243 3114 purpura

97 3126 129 3177 et
144 3114 179 3177 in
200 3114 334 3177 coccinis
357 3124 409 3176 aut
426 3115 632 3195 hyacinthinis
651 3114 893 3179 discumbebant.
944 3115 1105 3179 Petronius
1122 3113 1244 3176 Arbiter

97 3200 142 3279 [c.
162 3204 207 3265 tto
222 3200 337 3279 extr.]:
372 3196 597 3262 Vestimenta
618 3220 700 3263 mea
725 3199 941 3264 accubitorin
965 3198 1102 3278 [ectaz
1130 3195 1245 3261 cuba-

97 3284 211 3366 teria]
238 3281 411 3370 perdidit,
448 3305 540 3371 quae
571 3283 661 3351 mibi
689 3285 803 3351 natali
822 3306 897 3349 meo
920 3283 1113 3349 siccaverat
1132 3282 1246 3348 cliens

97 3368 263 3458 quidam,
289 3366 399 3457 Tyria
414 3369 490 3434 siue
501 3368 607 3434 dubio
616 3418 628 3449 ,
653 3370 718 3435 sed
730 3372 809 3456 jam
825 3370 935 3436 semel
951 3371 1043 3435 lotar
1063 3373 1108 3436 sie
1128 3372 1190 3435 iste
1206 3370 1242 3431 in

98 3458 297 3541 hyacinthina
320 3468 408 3521 reste
431 3459 615 3521 accubitoria
636 3461 788 3522 accumbit
822 3461 869 3539 [v.
890 3458 975 3527 Pars.
998 3480 1030 3544 p.
1057 3462 1121 3523 267
1140 3468 1172 3520 et
1191 3455 1244 3521 Pr.

97 3556 162 3608 not
177 3542 229 3625 *]:
252 3539 356 3606 laena
372 3544 457 3606 enim
471 3546 532 3606 hoc
545 3546 615 3607 loco
627 3541 820 3632 danvmtda
836 3557 957 3610 restem
972 3547 1135 3608 hibernam
1157 3540 1241 3604 desi-

98 3640 172 3710 gnat
188 3630 239 3708 [v.
251 3627 337 3692 Pass.
357 3629 496 3710 laudd.],
521 3630 578 3695 etsi
594 3653 659 3694 non
677 3632 711 3697 id
733 3634 855 3719 proprie
873 3631 1021 3712 significat
1044 3628 1241 3709 [„Roinanis

96 3715 130 3778 in
146 3715 293 3779 convivio
312 3727 344 3777 et
358 3716 487 3777 triclinio
506 3713 629 3778 laenas
648 3720 765 3781 habere
783 3721 911 3796 licebat,
938 3718 972 3778 in
990 3720 1060 3780 foro
1082 3736 1147 3777 non
1167 3714 1243 3776 lice-

97 3803 167 3864 bat:
190 3802 233 3863 ita
248 3801 441 3863 coenatoriae
459 3812 490 3863 et
502 3803 677 3867 tricliniares
692 3817 746 3866 aut
759 3804 946 3867 domesticae
958 3796 1061 3866 restes
1067 3811 1160 3879 erant,
1176 3820 1243 3863 non

78 3890 245 3960 ‚forenses
262 3908 363 3972 neque
385 3888 535 3973 publicae.
544 3890 562 3923 ‘⁴
608 3884 755 3955 Turneb.
776 3889 855 3953 sav.
877 3886 1037 3966 xxvltl,
1053 3888 1134 3967 2b.]:
1158 3888 1247 3947 color

97 3973 260 4054 hyacinthi
281 3993 378 4035 suave
394 3974 530 4037 rubentis
548 3977 689 4061 proprius
706 3987 885 4057 magnatum
907 3976 942 4036 in
962 3973 1117 4052 restibus,
1148 3969 1246 4057 idque

98 4062 163 4139 jam
183 4060 277 4123 olim:
299 4080 373 4120 nam
392 4059 426 4120 in
446 4057 604 4145 Sapientia
622 4061 777 4124 Siracidae
797 4062 895 4148 capite
907 4060 980 4123 XL.
1001 4069 1200 4147 opponuntur
1217 4049 1294 4135 titud)

99 4138 271 4210 discutior
285 4145 404 4227 φορῶν
419 4156 450 4207 et
464 4141 484 4209 ὁ
497 4139 683 4227 ὦμόλινονε
704 4146 801 4233 quid?
822 4145 907 4233 quod
921 4146 1016 4209 etiarn
1029 4143 1244 4226 hyacinthinas

101 4252 207 4295 comas
234 4231 442 4293 foeminarum
462 4233 644 4296 lascivarum
675 4237 778 4315 legere
801 4234 872 4298 est?
899 4231 1025 4297 adeoin
1044 4230 1162 4293 deliciis
1179 4240 1245 4291 erat

99 4317 153 4381 ille
164 4316 267 4399 'color;
289 4319 467 4413 exemplum
478 4318 576 4382 habes
588 4319 670 4407 apud
683 4320 852 4383 Lucianum
865 4319 899 4381 in
911 4317 1085 4383 Rhetorum
1098 4315 1248 4396 magistro

103 4400 140 4485 [ξ.
160 4406 225 4485 11].
269 4396 512 4486 Hyacinthum
525 4416 628 4467 autem
639 4407 750 4488 legitur
762 4406 978 4471 constanter'in
993 4403 1136 4466 ommbns
1157 4399 1252 4465 codiss

102 4490 189 4554 cibus·
203 4510 240 4554 ae
253 4489 443 4554 membranis
462 4489 680 4575 antiquissimis
695 4493 790 4572 meis,
818 4490 948 4557 Puteani
967 4500 1063 4576 atque
1080 4486 1256 4569 Bongarsii't
1316 4538 1342 4547 ..

1178 4712 1211 4761 *ἱ-
1249 4772 1257 4785 ·

1192 4806 1198 4819 '
1246 4802 1269 4881 tt
