2700 4972
66 332 69 337 '
158 362 287 425 mv,-
452 340 725 409 crossen
766 333 1040 421 venetius

44 546 47 555 ·
158 528 231 580 sunt
256 516 338 599 apud
366 517 510 577 rusticos:
538 500 575 576 ut
596 506 742 594 cbngestis
763 536 833 577 cum
860 517 948 576 foeno
971 515 1086 595 stipulis
1109 515 1208 596 ignem
1230 537 1297 577 mo-

159 626 250 686 gnum
272 602 460 679 transiliant,
483 602 529 660 his
550 602 691 661 Palilibus
713 622 744 661 ss
764 602 880 683 expiari
901 602 1067 662 credentes.

245 691 280 750 V.
302 693 352 755 82.
390 689 558 769 Trossulns]
591 687 765 765 Trossulum
794 688 938 769 oppidum
966 690 1025 748 suit
1044 688 1219 751 Hetruriae¹
1233 709 1297 747 nou

57 786 63 795 ’
158 777 244 855 longe
267 797 283 833 a
305 775 428 835 Volscis.
470 774 538 833 Hoc
558 775 670 851 equites
692 775 819 833 Romani
841 774 905 833 sine
925 775 1076 854 peditibus
1100 794 1297 853 expugnave-

157 870 231 922 runt
244 862 352 920 Nuntio
365 860 496 939 quodam
511 860 596 919 duce.
618 859 705 919 Unde
718 860 831 938 equites
839 860 966 921 Romani
980 861 1113 920 Trossuli
1126 861 1200 921 dicti
1214 869 1296 921 sunt.
1322 888 1325 897 ·

180 958 199 1021 “,
243 948 279 1008 V.
301 951 353 1011 86.
378 946 487 1005 Librat
508 948 541 1003 in
562 946 724 1024 antithetis]
748 946 904 1005 Antithete
925 956 996 1005 sunt
1016 945 1104 1005 haec:
1201 992 1204 997 .

324 1034 434 1091 Fortiu'
453 1033 582 1109 neglecti
601 1029 744 1093 celabant
764 1033 843 1090 colle
864 1034 997 1110 capilli:

325 1120 367 1175 Et
385 1138 442 1195 per
461 1117 590 1194 neglecti
612 1117 780 1176 volitabant
800 1118 882 1176 colla
902 1119 1022 1194 capilli.

322 1203 376 1262 At
397 1206 531 1283 quotiens
552 1202 658 1262 umbra
673 1206 797 1280 porrexi
817 1203 943 1262 brachia
962 1216 1064 1263 mota:

322 1289 376 1348 Ab
397 1291 532 1367 quotiens
550 1287 656 1348 umbra
677 1289 804 1347 redduxi
825 1289 950 1348 brachia
971 1302 1064 1347 mota.

156 1372 336 1434 Anthitheta
358 1384 458 1433 autem
479 1373 538 1432 iste
559 1384 647 1450 sunt,
670 1395 745 1451 quae
767 1384 873 1433 contra
897 1394 928 1433 se
949 1383 1121 1454 ponuntur:
1148 1381 1202 1450 ut,
1223 1372 1296 1439 hinc

156 1461 273 1540 pudor,
304 1460 389 1519 illinc
416 1459 595 1538 petulentia:
624 1457 696 1521 hinc
722 1460 884 1541 pudicitia,
916 1460 999 1519 illinc
1020 1469 1175 1540 stuprum:
1205 1458 1296 1518 istinc

155 1546 325 1622 fraudatio,
355 1546 439 1605 illino
458 1545 543 1605 fides.

242 1632 351 1696 V..95
373 1632 409 1689 Si
431 1643 546 1689 costam
569 1631 671 1709 longo]
705 1629 812 1689 Omnia
828 1631 989 1710 Epicornnr
1011 1630 1145 1690 carmina
1165 1631 1209 1688 ita
1233 1630 1295 1688 lere

155 1686 227 1777 sunl
249 1717 427 1797 composita,
455 1726 493 1775 ut
512 1715 668 1815 proximus
690 1735 741 1795 pes
763 1717 800 1775 ab
825 1717 932 1776 ultimo
955 1718 1093 1796 dactylus
1117 1716 1173 1793 sit,
1204 1734 1295 1774 exce·
1325 1762 1331 1771 .

154 1804 216 1883 ptis
240 1802 404 1863 admodum
432 1802 553 1882 paucis,
583 1822 658 1880 quos
688 1805 922 1886 σπονγαίζονιας
952 1804 1120 1884 appellant,
1152 1761 1191 1862 rit
1212 1800 1296 1882 apud

156 1890 329 1951 Cornelium
351 1892 514 1948 Severum:

324 1978 422 2034 Pinea
438 1975 579 2052 frondosi
601 1994 688 2033 coma
710 1986 876 2032 murmurat
896 1975 1061 2050 Apennini.

241 2060 277 2121 V.
299 2064 350 2124 97.
375 2059 483 2119 Subere
505 2060 630 2137 coctum]
654 2059 750 2127 Suber
772 2069 878 2119 cortex
899 2060 1023 2121 arboris.
1052 2058 1207 2137 Virgilius:

322 2148 408 2204 Huic
423 2158 532 2204 natam
548 2145 639 2219 libro,
665 2158 693 2202 et
707 2147 841 2224 sylvestri
855 2145 955 2205 subere
967 2146 1117 2205 clausum.

240 2230 276 2291 V.
298 2234 349 2296 99.
378 2235 477 2290 Torva
497 2231 717 2303 Mimalloneis]
762 2232 872 2291 Versus
895 2232 1022 2291 Neronis
1042 2240 1123 2291 sunt.

197 2332 200 2337 ·
240 2315 316 2378 Ibid.
361 2317 583 2397 Mimalloneis]
607 2316 792 2376 Mimallones
811 2317 955 2377 dicuntur
974 2316 1106 2377 ministri
1118 2316 1218 2375 liberi
1237 2336 1294 2394 pa-

154 2400 230 2478 tris,
254 2427 315 2465 uno
328 2428 383 2482 της
397 2398 560 2483 μιμήσεως.
598 2402 764 2462 Calandrus
778 2404 952 2482 Illyriorum
964 2422 1020 2463 rex
1032 2403 1072 2462 nd
1086 2402 1293 2462 Macedoniam

154 2508 224 2547 cum
246 2491 379 2548 exercitu
400 2488 498 2549 venit:
529 2488 705 2547 Macedones
722 2509 791 2548 cum
804 2511 935 2590 parvum
955 2490 1122 2549 exercitum
1135 2486 1293 2563 haberent,

152 2574 297 2655 plurimas
325 2576 463 2633 mulieres
491 2574 647 2633 cothurnis
677 2584 708 2633 et
738 2575 886 2655 thyrsis
878 2597 912 2635 1n
944 2562 1071 2649 modum
1105 2532 1294 2634 Bucchsrnni

151 2671 349 2719 ornaverunt
392 2662 438 2719 llli
459 2661 615 2719 credentes
637 2660 803 2721 exercitum
826 2662 1005 2737 adventare,
1032 2660 1243 2721 diseenerunt.

238 2746 274 2806 V.
299 2751 369 2811 101.
391 2748 546 2824 Bassaris]
576 2746 760 2823 Bassarides,
792 2747 941 2809 Bacchae:
968 2706 1149 2827 qtiibusdum
1170 2748 1293 2808 videtur

153 2852 171 2889 a
192 2852 298 2910 genere
319 2832 410 2891 vestis
417 2853 552 2911 ,quat
529 2833 616 2890 Liber
639 2843 725 2910 pater
746 2834 860 2909 utitur,
884 2833 1011 2893 demissa
1030 2832 1071 2893 ad
1084 2834 1179 2907 telos,
1202 2855 1321 2912 quam·

153 2916 284 2977 Thraces
305 2878 452 2978 Rassarilr.
495 2918 626 2991 Quidam
649 2938 666 2975 a
688 2920 844 2997 ¹tulpibus,
867 2940 995 2997 quarum
1015 2918 1143 2998 pellibus
1157 2878 1293 2979 llacchae

152 3005 411 3083 succingebantur.
455 3005 567 3083 Vulpes
589 3005 718 3063 Thraces
740 3007 872 3065 bassares
896 3006 1010 3068 dicunt
1054 3007 1191 3085 Hesycb.
1217 3008 1292 3086 βασ-

154 3109 192 3152 σα
214 3090 242 3164 lg
265 3085 400 3170 ἀλώπηξ

194 3115 210 3174 ρ
237 3176 273 3236 V.
298 3181 368 3240 119
390 3179 458 3237 Nec
479 3196 549 3235 cwn
569 3172 679 3253 scrobe]
701 3172 798 3232 Midae
819 3172 978 3236 historiam
999 3178 1103 3256 tangit.

238 3262 273 3323 V.
298 3267 368 3325 122.
392 3263 495 3321 Nulla
514 3260 571 3321 tibi
589 3262 685 3321 vendo
701 3260 811 3332 Iliade]
834 3261 901 3321 Non
914 3264 1059 3323 t1b1111ud
1073 3264 1156 3341 dem,
1179 3261 1293 3321 etmihi

77 3350 80 3355 '
152 3346 246 3406 lliadn
262 3348 415 3419 Labeonis,
437 3356 491 3407 out
503 3346 630 3407 Neronis
643 3347 773 3417 Troicon
786 3346 896 3407 tradas.
919 3350 1045 3429 Scripsit
1056 3351 1135 3409 Nero
1148 3311 1291 3409 ’Troicon.

238 3433 273 3493 V.
298 3436 368 3497 133.
390 3430 546 3513 Nonas-ta]
571 3432 700 3493 Noutria
723 3430 803 3490 dicta
825 3436 983 3511 meretrix,
1011 3438 1080 3513 qun
1101 3436 1185 3515 apud
1205 3444 1293 3495 veto-

151 3537 201 3577 res
222 3540 239 3576 a
260 3538 341 3579 nonu
361 3517 438 3577 hora
459 3518 652 3599 prostabant,
688 3537 727 3577 ne
756 3538 843 3577 mane
873 3522 980 3581 omissa
1001 3522 1217 3583 exercitatione
1238 3522 1290 3581 illo

150 3605 232 3664 irent
253 3604 462 3665 adolescentes.

382 3988 982 4094 insnrtnnnlr.

237 4187 271 4245 V.
296 4192 323 4251 1.
353 4190 447 4247 Ilnnc
468 4192 609 4248 Macrine
631 4191 722 4270 diem]
752 4192 936 4271 Alloquitur
950 4193 1083 4252 Plotium
1109 4184 1289 4271 bladinum,

151 4270 301 4332 hominem
324 4294 394 4331 sano
415 4274 567 4335 eruditum
590 4286 621 4335 et
641 4287 767 4357 paterno
789 4297 820 4335 se
842 4278 948 4337 ellectu
970 4277 1158 4358 diligentem,
1184 4280 1238 4359 qui
1257 4280 1290 4341 iu

153 4358 243 4419 domo
265 4361 382 4419 Servilii
404 4348 566 4438 didicerat,
599 4383 615 4420 a
645 4384 705 4441 quo
736 4364 862 4443 agellum
892 4375 1136 4447 comparaverat,
1167 4360 1289 4427 indulto

152 4444 207 4502 sibi
228 4447 328 4525 precio
352 4447 511 4526 aliquanto.
