2700 4972
302 266 561 408 1111111111
591 298 812 367 11111111
836 236 910 366 ν.Ι
983 394 985 399 Α
1083 258 1161 393 ‘aar

122 475 193 540 101.
223 464 330 536 Vetat
350 468 412 534 hoc
433 480 561 535 natura
585 468 788 554 medendi}
806 458 988 541 Naturam
1007 472 1083 540 dixit
1104 498 1161 563 pro
1198 526 1203 534 .

77 580 110 637 e,
133 559 203 642 quia
217 569 355 621 naturam
369 578 416 620 ars
430 558 564 634 imitatur
578 571 608 621 et
625 558 764 638 adjuvat,
786 576 888 645 neque
908 555 1215 648 facitqunqunnttt

78 642 186 728 iquod
203 645 284 727 ipsa,
306 644 332 705 si
346 655 464 728 posset,
485 647 598 708 faceret
619 645 701 724 [imo
722 643 860 708 medicae
881 647 950 709 artis
973 645 1163 728 (niedendt)
1251 668 1253 673 ·

78 724 315 810 λνιτλοκωτάτη-
324 736 452 791 natura
465 730 485 792 i.
501 751 527 793 e.
545 731 728 814 comparatio
745 752 784 792 ex
797 753 898 793 rerum
909 742 1015 795 natura
1027 745 1058 796 et
1070 735 1165 797 ratio·
1178 754 1181 759 ·

100 815 288 894 constituta];
315 815 448 899 alioquin
470 837 533 876 non
555 815 702 878 medendi
721 827 846 895 natura,
868 815 925 881 sed
944 817 1011 902 ipsa
1030 820 1165 883 universi
1223 894 1226 901 Ι

77 912 140 962 tura
154 912 184 961 et
198 901 273 960 ratio
288 898 370 961 vetit
389 894 539 977 εὐταξίας
549 902 626 964 fines
641 902 786 981 migrare:
808 902 890 964 ilicet
904 903 988 964 enirn
1007 908 1165 989 perturba·
1198 928 1201 936 ·
1241 912 1245 921 '

80 986 199 1063 omnia,
221 986 248 1047 si
263 982 381 1046 mederi
392 986 508 1048 morbis
524 986 712 1067 aggrediatur
731 998 829 1049 arator
847 997 898 1049 aut
916 1009 999 1050 arare
1016 987 1166 1054 medicus.
1241 1054 1246 1059 ,

123 1076 195 1136 109.
220 1065 359 1133 Navem
373 1071 406 1132 si
416 1079 541 1157 poscat
555 1073 597 1152 s.]
620 1071 682 1134 Dio
698 1072 973 1177 Chrpsostomusin
986 1073 1032 1137 X.
1041 1074 1085 1162 [p.
1095 1068 1166 1155 148,

77 1161 107 1238 ]:
130 1151 167 1230 ὃς
180 1151 226 1218 ἂν
240 1152 386 1238 ἐπιχειρῇ
398 1154 546 1240 πηδαλίῳ
562 1161 707 1240 χρῆσθαι
729 1179 791 1221 ουκ
811 1151 1026 1239 ἐπιστάμενος
1048 1159 1178 1242 antica-¹

78 1265 113 1322 ν,
137 1239 225 1304 ἔστιν
244 1237 334 1316 ὅπως
350 1233 415 1305 otiu
432 1237 475 1305 dv
489 1237 622 1324 τάχιστα
636 1237 823 1322 ἀνατρέψας
835 1240 896 1327 τὴν
907 1246 995 1308 ναῦν
1009 1239 1112 1310 αὐτόν
1131 1266 1167 1311 τε

77 1324 205 1392 :chiaus
220 1323 277 1390 nni
291 1321 373 1402 τούς
391 1322 591 1410 ἐμπλέοντας
600 1353 613 1403 3·
634 1328 862 1408 [‚,Per·onatus
875 1351 892 1391 a
905 1349 1050 1413 perone,
1073 1352 1167 1416 quem

77 1417 295 1478 alceamentum
316 1413 491 1476 rusticum'a
513 1411 658 1477 Graeciae
674 1437 761 1478 more
779 1415 931 1478 tractum“
952 1414 1025 1479 dicit
1042 1415 1166 1482 servius

88 1500 164 1562 hen.
180 1496 252 1574 Vll,
267 1502 337 1563 690.
363 1497 409 1562 Cf.
424 1498 563 1562 Juvenal.
579 1498 672 1580 XIV,
690 1500 782 1564 105.“
803 1499 861 1581 PL]

123 1587 193 1650 103.
217 1578 383 1668 Luciferi
390 1579 509 1664 rudis]
524 1584 633 1648 Totius
649 1585 826 1648 coelestium
839 1583 983 1666 θεωρίας
990 1586 1166 1673 imperitus:

77 1693 112 1733 ae
128 1668 275 1752 exaliqua
289 1679 373 1754 parte
384 1671 471 1734 navis
486 1671 678 1751 gubernatori
695 1683 741 1734 est
753 1673 938 1736 necessaria:
958 1694 1000 1736 ne
1017 1684 1168 1735 aratorem

77 1755 161 1818 idem
183 1755 302 1839 penitus
330 1755 468 1817 Luciferi·
478 1744 588 1829 rudem
611 1777 679 1819 esse
702 1778 721 1817 ο
745 1768 836 1835 ortet,
872 1756 984 1820 docent
1002 1757 1168 1833 Hesiodus,
1273 1808 1276 1813 .

77 1842 182 1922 rgilius
201 1850 231 1900 et
248 1840 298 1900 alii
312 1841 356 1901 rei
376 1841 504 1904 rusticae
524 1841 693 1925 scriptores.
717 1777 776 1918 tpcf.
802 1839 908 1911 Dona.
929 1842 1027 1906 Pium.
1047 1844 1169 1929 proprie

77 1926 172 2006 elhgit
186 1924 332 1986 rusticum
348 1927 397 1988 vel
409 1926 541 1989 Luciferi
552 1927 739 2012 imperitum,
761 1929 938 1991 notissimae
953 1931 1073 1991 stellae:
1117 1927 1170 1990 uid

77 2033 164 2075 oseas
182 2010 279 2074 ahas?
301 2010 494 2074 Artificiosius
509 2012 653 2076 Heinsius
671 2011 710 2075 ad
724 2011 910 2076 OvidFast.
920 2013 976 2092 111,
992 2018 1072 2078 772:
1129 2033 1169 2074 ιι-

77 2093 192 2160 Ferum
206 2116 273 2158 esse
287 2117 340 2180 pro
357 2095 426 2175 die,
449 2109 478 2159 et
493 2099 638 2160 rusticum
660 2098 822 2178 significari
840 2100 962 2161 illarum
975 2096 1094 2161 dierum
1108 2100 1171 2161 im-

77 2183 181 2261 ritum,
203 2182 311 2266 quibus
327 2180 468 2244 obeunda
487 2183 640 2263 navigatio
656 2183 759 2264 esset]
845 2201 848 2206 ’

119 2265 307 2332 Exclamet
329 2264 543 2352 Melicerta]
570 2264 608 2331 Ὁ
624 2262 748 2350 τυχών,
771 2268 888 2354 quivisr
907 2266 963 2333 sed
984 2265 1055 2329 ideo
1077 2266 1170 2357 Meli-

77 2366 149 2418 ‚tam
162 2352 279 2438 posuit,
301 2354 354 2436 qui
370 2374 447 2416 unus
462 2365 507 2416 est
524 2375 542 2416 e
558 2352 616 2416 diis
632 2355 772 2432 marinis,
795 2354 864 2439 quia
877 2354 1090 2434 navigantibus
1105 2374 1171 2416 non

77 2450 195 2504 :unuat
212 2437 262 2500 alii
278 2440 341 2500 fere
354 2459 445 2522 quam
460 2439 502 2500 dii
515 2440 607 2502 maris
621 2451 672 2501 aut
687 2438 838 2504 Tritones.
904 2452 908 2461 '

122 2526 194 2590 104.
219 2519 370 2586 Periisse
383 2522 548 2599 Frontem
566 2522 608 2586 de
632 2520 762 2604 rebus]
784 2520 1053 2609 impudentissime
1073 2533 1172 2586 totam

77 2632 136 2673 um
150 2621 291 2672 naturam
303 2630 370 2672 esse
382 2632 572 2696 perversam:
583 2608 705 2698 frons,
727 2603 749 2695 ἦ
771 2606 880 2687 αἰδώς.
908 2609 1067 2690 Theognis
1090 2608 1172 2687 [285
1236 2646 1239 2651 ·

77 2740 81 2758 .
103 2708 131 2760 s'·
156 2692 368 2774 291Bekk.]=:
863 2747 867 2753 .
1136 2732 1152 2759 .·

120 2775 235 2854 Actor
249 2775 310 2859 μὲν
321 2774 387 2860 poio
403 2772 542 2861 ὄλωλεν,
565 2773 716 2865 ἀναιδείη
730 2777 835 2847 δὲκαὶ
850 2775 948 2866 ὕβρις
963 2786 967 2793 ‘
1080 2770 1084 2779 ¹

168 2859 346 2947 Νικήαασα
362 2865 458 2949 δίκην
472 2868 536 2950 γῆν
549 2864 632 2931 κατὰ
643 2869 755 2931 πᾶσαν
767 2862 840 2950 ἔχει.
1193 2921 1198 2931 .

125 2948 183 3015 De
196 2948 316 3031 rebus]
338 2950 428 3020 Valet
440 2948 509 3013 heic
523 2974 562 3014 ex
574 2953 738 3015 hominum
753 2953 898 3015 societate
920 2960 951 3014 et
971 2947 1173 3013 commerciis.
1281 2974 1284 2981 ·

77 3038 207 3100 nesius:
232 3035 354 3118 οἴχεται
367 3031 406 3100 τ“ὄ
421 3035 551 3101 δίκαιον
570 3033 602 3114 ἐξ
616 3032 816 3116 ἀνθρώπων.
1067 3046 1071 3052 ’
1099 3100 1103 3109 ,
1159 3088 1163 3095 .

131 3119 209 3185 Tihi
229 3132 324 3185 recto
344 3121 459 3186 vivere
481 3120 646 3209 talo‚Ars
669 3119 814 3203 deditP]
853 3118 942 3183 More
965 3141 1022 3183 suo
1040 3119 1173 3200 Persius,
1251 3126 1256 3141 ‘

77 3220 206 3294 rstquam
225 3206 342 3286 docuit,
365 3206 447 3271 unde
462 3210 584 3272 hhertas
600 3230 673 3272 vera
686 3231 750 3271 non
763 3208 888 3271 deberet
901 3226 1002 3290 neque
1023 3205 1176 3292 expectari

78 3317 138 3379 que
156 3293 236 3379 peti,
258 3294 379 3372 subjicit
392 3297 456 3372 ejus
471 3293 623 3380 parandae
636 3316 741 3358 veram
756 3295 922 3356 rationem:
946 3311 982 3354 ea
999 3303 1176 3354 autemnon

77 3381 162 3442 talia
179 3379 236 3440 nisi
252 3372 465 3464 philosophia,
488 3402 579 3464 quam
591 3391 790 3444 vocatarum
811 3370 886 3443 κατ’
906 3370 1027 3459 ἐξοχήν.
1071 3377 1174 3458 [,,Δ11

77 3477 85 3527 t
96 3462 319 3551 praeceptio,
343 3484 429 3548 qnae
447 3464 509 3527 dat
525 3472 658 3528 certam
670 3462 768 3527 viam
781 3467 1018 3547 rationemque
1026 3456 1174 3548 facien-

84 3595 93 3627 ,
117 3550 158 3613 ad
172 3550 307 3612 Hereuu.
320 3548 345 3626 I,
361 3558 390 3617 2.
413 3549 481 3630 Ph]
507 3549 552 3614 Ea
568 3551 651 3612 enir'n
665 3563 711 3615 est
722 3552 773 3614 itta
788 3572 835 3613 ars
851 3570 940 3634 supra
959 3569 1067 3610 omnes
1078 3559 1227 3626 artes,425

78 3658 115 3698 ae
132 3636 242 3699 doceat
256 3637 353 3698 vitam
365 3646 445 3698 recte
461 3639 611 3721 beateque
629 3636 754 3717 degere:
778 3657 870 3721 quare
888 3633 1006 3721 passim
1026 3633 1175 3715 Ciceroni,

77 3743 196 3799 enecae,
222 3722 286 3784 aliis
302 3741 361 3782 ars
375 3720 467 3783 vitae
482 3721 589 3785 dicitur
602 3734 633 3784 et
644 3721 702 3784 lex
716 3720 829 3788 vitae:
842 3740 938 3783 unum
949 3739 1104 3807 apponam
1118 3718 1177 3783 Se-

77 3830 134 3870 cae
150 3809 268 3868 locum:
292 3803 520 3893 Philosophia
534 3806 623 3870 nihil
636 3805 739 3870 aliud
749 3815 801 3869 est
813 3820 919 3893 quarn
932 3812 1028 3869 recta
1038 3803 1177 3870 vivendi

77 3891 149 3962 tio,
181 3889 239 3954 vel
273 3889 411 3955 honeste
434 3890 571 3957 vivendi
599 3891 762 3972 scientia,
797 3888 853 3955 vel
874 3910 934 3954 are
965 3900 1056 3954 recte
1082 3890 1176 3955 vitae

77 3975 212 4058 pendae.
257 3973 338 4041 Non
356 3976 566 4057 errabimus,
589 3977 620 4040 si
634 3975 822 4043 dixerimus
833 3972 1092 4063 philosophiam
1106 3996 1177 4039 esse

77 4085 157 4153 gem
173 4061 257 4126 hene
274 4061 475 4148 honesteque
490 4061 644 4126 vivendi:
669 4073 701 4126 et
717 4062 777 4151 qui
791 4060 1002 4129 dixitillam
1016 4062 1180 4150 reguiam

77 4162 154 4226 tae,
187 4170 289 4212 suurn
313 4171 438 4213 nomen
464 4147 520 4212 illi
546 4146 707 4213 reddidit.
763 4149 902 4234 Epicteto
934 4141 1093 4232 ἐπιστήμη
1119 4146 1180 4211 τοῦ
1256 4148 1260 4153 ’

77 4237 142 4313 ὀν,
162 4237 246 4298 utin
266 4235 315 4299 his
331 4258 350 4299 e
364 4238 442 4300 libro
460 4236 506 4301 111
530 4235 666 4314 [dissert.
686 4234 712 4315 I,
729 4235 756 4319 0
770 4242 811 4303 62
823 4231 895 4320 sq-],
919 4255 996 4319 quae
1018 4255 1128 4320 operae
1147 4234 1181 4294 fit
1287 4268 1290 4273 f

77 4342 219 4409 »ponerer
241 4323 357 4385 faciunt
370 4324 454 4387 enim
468 4323 604 4410 apprime
618 4321 658 4384 ad
680 4320 918 4410 disputationem
937 4318 1047 4381 Persii:
1068 4317 1100 4382 ri
1114 4315 1200 4383 im

77 4402 415 4497 instantissimos.
432 4402 492 4474 τὸν
509 4403 765 4491 ἄνθρωπονκαὶ
781 4398 1016 4483 αὐτεξούσιον;
1037 4405 1183 4482 πλοῦτος
