2700 4972
90 336 170 401 aar·
240 316 243 321 ’
452 292 864 395 conunnranros

92 503 167 569 Julii
180 499 333 580 Caesaris,
352 521 447 588 quem
467 456 558 566 vdent
571 500 696 581 Augusti
716 503 867 580 majorem
886 502 1078 567 anmcutum
1096 454 1154 577 [sic
1172 499 1249 567 cte.-

62 646 65 653 .
93 589 180 653 Brut.
201 593 260 670 623
279 586 396 669 Vellei„
407 584 449 663 11;
468 593 498 666 3,
520 592 571 655 69.
595 584 684 666 Pto:
713 586 781 648 heic
800 607 874 652 vero
896 579 1029 664 ἁπλοῖς,
1052 588 1134 649 sicut
1155 586 1230 667 dixi3

76 673 166 740 *ritu
187 669 330 761 generis
347 694 404 761 pro
427 672 546 735 radone
568 673 705 752 generis,
734 672 911 736 si'stemma
932 682 1122 759 spectemus.
1163 671 1230 736 Non

34 792 36 797 ·
91 760 222 825 memini
239 761 403 824 ohservare
414 758 488 822 alibi
507 759 614 821 similis
628 758 797 821 Latinitatis
811 761 999 844 exemplum.
1110 802 1113 807 ·

179 884 231 945 61.
254 874 326 959 Qui
333 874 435 964 prior
448 878 493 948 ιο,Ι
523 897 587 941 cur
600 899 654 939 me
670 875 706 939 in
722 874 870 940 decursu
882 874 1059 963 lampada
1066 876 1227 963 poscoa?]

93 965 238 1031 AManio
252 964 293 1035 ad
303 964 474 1045 legitimum
484 962 631 1027 heredem
648 962 735 1043 redit,
757 965 806 1025 cui
820 964 968 1026 afferebat
987 964 1132 1045 cognatio
1147 984 1228 1049 spem

93 1050 269 1116 hereditatis
282 1049 453 1113 Persianae.
496 1048 616 1113 Omitto
627 1048 777 1128 Manium,
798 1049 911 1135 inquit,
934 1047 991 1112 sed
1003 1060 1057 1128 tn,
1078 1050 1126 1110 mi
1137 1050 1227 1128 heres,

94 1158 188 1223 quem
200 1147 306 1199 natura
320 1136 496 1221 propiorem
510 1135 588 1197 mihi
603 1136 676 1198 fecit
694 1156 786 1219 quam
807 1137 847 1197 sit
866 1134 1006 1215 Manius,
1030 1145 1063 1198 et
1082 1133 1124 1196 ad
1142 1156 1227 1220 quem

94 1225 162 1305 lege
172 1220 300 1285 naturali
311 1240 383 1284 mea
394 1217 548 1284 hereditas
559 1221 642 1306 prius
655 1231 835 1308 perventura
851 1231 897 1283 est
909 1231 1005 1305 quam'
1015 1220 1057 1282 ad
1068 1222 1166 1298 illum,
1181 1241 1226 1282 cor

95 1306 135 1371 de
145 1306 312 1371 hereditate
324 1304 534 1390 mentirentis
545 1305 645 1368 adhuc
660 1328 693 1369 es
701 1306 869 1371 sollicitus?
883 1326 958 1368 nam
969 1303 1002 1367 id
1016 1318 1124 1370 contra
1134 1308 1225 1369 honos

93 1392 197 1457 mores
213 1413 280 1456 esse
305 1382 509 1470 jurisconsulti
528 1393 732 1477 pronuntiant.
776 1390 898 1455 Scimus
918 1394 1014 1472 vulgo
1034 1392 1125 1454 aliter
1140 1391 1198 1453 aeci
1214 1391 1224 1452 i

92 1480 160 1559 illa,
181 1474 240 1565 qui
250 1475 350 1564 prior
365 1496 421 1538 er.-
441 1487 475 1538 ut
493 1475 608 1539 dicatur
620 1477 677 1540 iste
692 1488 790 1541 aetate
809 1481 908 1557 major
925 1499 982 1557 eo,
1006 1481 1096 1557 cnjus
1112 1413 1224 1540 hered-

26 1570 193 1642 tltl'tltatem
207 1561 301 1649 petit:
321 1560 378 1626 sed
396 1562 474 1624 nihil
484 1561 654 1648 praecedit,
678 1562 761 1625 unde
773 1565 834 1625 hoc
852 1563 1004 1625 eliciatur:
1029 1580 1134 1649 neque
1151 1582 1223 1627 sen·

92 1670 272 1799 ttttt
279 1646 1224 1820 ttnlt‘tttttttttlttlltlttlttnttttt

91 1823 240 1910 poscebat
249 1820 393 1906 priorem,
414 1830 612 1913 non'contraz
634 1840 726 1905 quare
744 1783 848 1907 inepte
864 1820 1062 1905 exposueris,
1085 1820 1140 1906 qui
1171 1818 1222 1881 rior

92 1928 127 1971 es
142 1906 178 1969 in
197 1926 296 1969 cursu.
337 1902 512 1991 Lampadas
532 1916 636 1967 autem
651 1903 811 1968 tradebant
827 1927 891 1967 non
910 1915 1083 1985 currentes,
1106 1927 1122 1969 s
1174 1903 1222 1967 de-

25 2048 27 2053 .
92 2013 181 2055 cumo
194 1988 306 2078 spatio:
327 1989 405 2067 sicut
424 1988 624 2052 hereditatem
637 2012 702 2054 non
716 1989 807 2054 tradit
820 1990 872 2077 qui
884 1991 978 2069 vivit,
999 1990 1059 2054 sed
1077 1992 1132 2077 qui
1143 1991 1223 2056 vixit:

90 2098 111 2141 a
140 2076 285 2141 defuncto
313 2077 396 2139 eninr
424 2076 598 2161 suscipitur,
628 2076 712 2162 quod
737 2070 1096 2159 μιιαλαμπαδιύισδαι
1125 2073 1223 2141 Graeci

91 2160 196 2226 dicunt
212 2164 372 2243 eleganter.
413 2159 557 2224 Clemens
571 2161 723 2225 Stromate
735 2160 870 2226 secundo
886 2162 927 2248 [p.
940 2166 1000 2249 181
1014 2162 1106 2244 Sylb.
1120 2185 1152 2249 p.
1169 2161 1221 2226 503

92 2271 147 2334 pr..
160 2246 253 2328 Pon]
279 2264 319 2311 ex
336 2246 483 2311 Platone:
513 2242 709 2313 ἐπεσκεύασε
730 2241 793 2311 π’ν
814 2240 1005 2311 ἄδανασίαν
1030 2249 1094 2312 ποῦ
1116 2243 1223 2331 μένους

40 2328 123 2418 coar}
149 2335 198 2399 ῶν
210 2328 267 2398 sat
282 2326 388 2397 οἱονιλ
404 2328 569 2415 διαμονήν
581 2354 659 2397 τινα
673 2272 770 2398 nurci
787 2331 918 2398 παίδων
935 2332 1222 2417 μιπαλπμπαδενο-

90 2355 215 2504 μδδηνι
235 2418 280 2482 sic
302 2419 395 2483 etiam
405 2416 495 2480 Philo
521 2415 794 2499 λαμπαδούισδαι
811 2441 865 2505 pro
886 2419 965 2482 tradi
985 2420 1176 2499 successive,
1193 2427 1223 2479 nt

91 2524 162 2569 cum
183 2505 225 2567 ait
242 2502 466 2585 elegantissime
487 2502 527 2565 de
548 2505 659 2567 vinute
682 2500 720 2568 πδ
745 2506 804 2586 τῆς
823 2499 942 2588 αἱρετῆς
958 2499 1083 2588 φέγγος
1103 2508 1223 2585 λαμπα-

7 2643 9 2648 .
90 2584 273 2673 δευόμενον
301 2583 495 2671 ἐπαλλήλοις
517 2586 688 2672 διαδοχαῖς
708 2585 887 2673 λσόχμονον
905 2584 1079 2673 γενήσεται
1104 2587 1221 2677 κόσμοι.

91 2676 193 2759 [Plura
210 2674 250 2739 de
270 2694 307 2738 ea
330 2675 466 2761 metaph.
484 2671 529 2738 Pl.
548 2696 581 2761 p.
600 2676 663 2740 539
681 2679 739 2762 sq.]
776 2676 836 2740 Pro
861 2676 898 2738 in
916 2672 1066 2739 decursu
1083 2678 1222 2763 scripturn

2 2777 27 2807 ν·
89 2772 154 2827 erat
172 2783 234 2824 una
252 2782 331 2824 voce
351 2757 574 2823 indecursum
594 2761 627 2822 in
638 2760 767 2825 Puteani
784 2761 959 2847 exemplari.
1004 2760 1114 2843 [Repe.
1132 2760 1222 2827 edito-

87 2859 170 2912 tores
191 2858 309 2935 praeter
331 2845 396 2910 Pl:
413 2843 548 2934 porcio,
576 2845 661 2937 qnod
681 2847 714 2913 in
739 2848 896 2915 nonnullis
913 2847 989 2911 aen
1013 2859 1079 2929 est,
1108 2847 1177 2931 Tig.
1195 2856 1223 2911 et

87 2934 193 2999 nescio
215 2934 327 3021 quibus
339 2932 423 2997 Pasa.
443 2930 576 3015 Melius]

175 3058 226 3121 62
247 3048 334 3121 Sum
347 3048 411 3117 titi
422 3048 644 3137 Mercurius]
672 3048 746 3134 Quo
764 3054 869 3119 animo
886 3053 1057 3118 obveniens
1073 3052 1222 3117 hereditas

87 3141 201 3228 suscipi
225 3140 399 3226 asapiente
413 3136 548 3220 debeat,
572 3140 720 3205 ostendit:
745 3164 857 3228 nempe
875 3140 989 3205 eodem
1011 3141 1136 3222 animo,
1164 3160 1221 3225 quo

87 3230 171 3290 lucra
182 3226 344 3321 insperata,
364 3245 442 3310 quae
454 3227 533 3288 forte
547 3225 580 3291 in
595 3227 653 3290 riis
664 3228 869 3311 inveniuntur.
913 3223 1013 3303 Sum,
1031 3227 1143 3313 inquit,
1164 3220 1224 3288 titt

87 3310 298 3389 Mercurius,
320 3307 353 3371 id
366 3321 412 3373 est
425 3330 497 3373 mea
515 3310 669 3377 hereditas
683 3324 760 3391 ate,
782 3324 893 3401 quanta
909 3323 1023 3401 quanta
1038 3312 1097 3395 sit,
1123 3310 1222 3376 existi·

86 3397 164 3462 mari
181 3391 321 3478 ἑομαῐον
338 3393 440 3457 debet.

176 3493 224 3561 Ut
240 3494 298 3561 ille
319 3492 501 3584 pingitur.]
525 3498 605 3565 cum
622 3492 793 3587 marsupior
815 3498 945 3565 Suidam
958 3501 1029 3582 lege
1048 3498 1085 3563 in
1098 3492 1223 3585 Ἑρμῆς.

84 3584 272 3651 Mercurium
289 3585 373 3648 varie
387 3585 486 3671 pinxit
503 3587 677 3689 antiquitas,
698 3586 756 3651 sed
780 3586 872 3674 poiita
891 3588 993 3650 solum
1014 3588 1168 3674 spectavit
1187 3584 1223 3649 ad

85 3665 843 3844 ididiiislildifflirmin&impii
856 3672 1033 3839 dliltt
1054 3668 1222 3823 datad

85 3865 143 3906 nus
158 3844 192 3905 in
211 3844 274 3906 fine
292 3841 399 3928 prioris
418 3842 451 3903 in
464 3842 639 3909 Julianum:
661 3846 733 3921 πῶς
754 3839 947 3925 ὁΚερδοδος
969 3837 1087 3921 αὐτοῖς
1106 3838 1221 3927 σιαθῖμ

85 3941 176 3993 σεται
190 3922 296 3992 καὶιδ
313 3923 485 3991 οακέλλιον
499 3923 785 4036 coemptionum
806 3909 895 3993 ideni
904 3932 938 3994 in
959 3933 1071 3995 altera:
1100 3926 1144 3996 δν
1163 3930 1221 3995 ἴδοι

85 4028 150 4079 σου
164 4007 225 4078 τόν
240 4013 399 4095 Κιοδῷον
416 4010 472 4077 καὶ
493 4011 555 4079 cdv
570 4018 698 4099 Λογιον
710 4015 766 4082 καὶ
780 4013 841 4082 cdv
856 4008 1079 4100 Ἐναγοδνιον,
1103 4030 1221 4101 συγκα-

84 4095 197 4165 λδπιοο
217 4095 298 4175 πούς
320 4093 520 4183 ὀφθαλμούς
546 4099 604 4167 uel
625 4100 820 4186 παραιρέχοι
841 4116 906 4166 σου
926 4098 986 4168 adv
1009 4098 1112 4183 θεὸν,
1136 4102 1223 4168 αἰδοῖ

82 4187 146 4251 τοῦ
164 4180 348 4268 θεάματος·
377 4183 420 4250 σύ
442 4183 477 4252 δέ
497 4209 554 4270 μοι
571 4186 756 4271 ποοσκύνει
779 4184 817 4255 ιδ
843 4184 1009 4254 σύντονον
1033 4192 1097 4254 τοῦ
1120 4185 1220 4274 λόγον

82 4268 140 4336 ναὶ
150 4269 187 4338 ιδ
203 4268 384 4338 σακέλλιον.

172 4352 212 4422 V
209 4356 257 4422 ια’
278 4367 317 4423 tu
328 4352 486 4445 gaudere
508 4353 681 4439 relictici]
710 4357 831 4424 Acriter
846 4358 963 4422 dictum
984 4371 1016 4423 et
1035 4374 1108 4448 apte
1124 4360 1219 4426 incre-

80 4443 181 4530 panti,
202 4455 237 4508 ut
256 4464 351 4533 saepe
367 4442 451 4532 apud
463 4442 624 4509 Senecam·
667 4444 815 4532 Sulpitius
833 4445 873 4510 ad
892 4445 1075 4513 Ciceronem
1094 4448 1147 4530 [ad
1160 4448 1217 4513 dir.

501 4818 527 4865 ,Ι
