2700 4972
109 380 112 387 ,
158 324 223 390 rso
525 285 932 393 oonnnurtarus

158 504 278 559 atomus
295 489 432 557 Humilia
449 488 493 555 V.
513 486 546 555 in
565 490 767 577 posteriorem
792 488 833 554 nd
851 488 972 576 Titum,
998 490 1095 571 nupt
1121 502 1154 557 et
1175 491 1294 559 Persius

55 570 61 589 “
157 581 253 644 heic:
282 585 429 651 teneros,
446 575 530 641 enim
551 564 734 641 auriculae
760 587 830 641 sunt
852 597 930 662 quae
953 578 1087 662 appellat
1111 574 1295 661 chrysosto-

158 686 229 727 mus
245 683 348 726 curru
372 670 410 725 ta
426 655 625 746 αἰσθητήρια
639 674 670 725 et
684 657 746 745 τήν
761 665 829 727 τῶν
844 658 1063 744 κακουμένων
1077 658 1294 751 διαστροφήν.

141 749 216 834 '[V.
233 684 432 830 Quintilli,
452 755 481 828 1,
501 745 529 830 §
543 754 581 814 sc
604 768 750 834 quorum
770 768 813 810 ne
824 746 956 835 jejuno
977 754 1081 834 atque
1099 738 1208 813 irride
1229 758 1295 815 tra·

160 831 250 899 ditio
273 830 444 899 averreret
460 831 595 895 animos
618 841 772 896 stouras
788 830 1003 919 praesertim
1026 842 1102 897 tam
1120 831 1294 899 delicatos

52 966 55 973 ·
160 915 601 998 concremendam.
652 917 703 982 De
721 918 855 981 dictione
882 920 986 983 multis
1014 919 1077 1000 agit
1100 920 1234 989 Wakef.
1259 920 1296 985 ad

160 1006 280 1071 Lucret.
297 1004 353 1084 lV,
367 1006 439 1071 531.
460 1002 588 1087 Poss.]3
611 1016 641 1067 at
660 1016 763 1066 contra
781 1006 814 1066 in
827 1003 860 1066 V
880 1005 959 1084 [8612
1299 1014 1302 1019 '

246 1088 380 1154 Stoicus
400 1088 596 1154 hicaunam
610 1086 770 1152 mordaci
793 1086 884 1151 lotus
904 1096 1002 1153 aceto

162 1176 203 1241 de
217 1199 274 1256 eo,
297 1177 350 1261 qui
370 1188 401 1247 et
417 1175 521 1239 audire
539 1187 570 1238 ct
585 1175 686 1239 dicere
706 1197 817 1240 verum
836 1177 965 1239 libenter
982 1176 1080 1257 solet3
1101 1174 1147 1239 sic
1167 1168 1298 1241 δάκνειν

162 1261 245 1349 apud
259 1259 393 1325 Graecos
409 1274 440 1325 et
451 1261 532 1347 apud
547 1260 711 1324 Sidonium
727 1259 895 1348 piperata
910 1256 1008 1323 dicto
1019 1273 1051 1324 et
1060 1258 1297 1348 pipernense·

162 1346 301 1412 cundia.
344 1346 417 1410 Erat
438 1359 540 1409 autem
562 1369 580 1410 e
602 1346 775 1410 Stoicorum
797 1347 879 1410 scitis
901 1350 961 1410 hoc
981 1369 1095 1426 unum,
1118 1368 1232 1411 omnes
1252 1366 1298 1409 so·

185 1428 283 1498 ientes
298 1455 366 1497 esse
380 1445 517 1497 austeros
537 1443 568 1493 et
580 1433 640 1496 illis
657 1433 773 1496 similes
789 1433 888 1512 vinis,
910 1454 988 1518 (puae
1006 1431 1225 1495 medicaminis
1238 1433 1298 1497 tint

162 1457 280 1583 labent
300 1518 341 1582 ad
362 1519 603 1605 compotationes
621 1518 735 1626 inepta.
785 1517 942 1598 Diogenes
962 1519 1099 1582 Laertius
1118 1518 1152 1580 in
1174 1518 1298 1581 Zenone

77 1652 80 1661 .
165 1606 205 1685 [c.
221 1611 249 1671 1.
265 1602 294 1688 ὃ.
311 1608 352 1669 64
367 1626 393 1667 s.
410 1607 500 1683 1rtt:
523 1599 627 1686 φασὶν
641 1598 832 1686 avernensis
851 1598 938 1668 slent
956 1598 1086 1680 πάντας
1105 1596 1188 1681 τούς
1203 1617 1299 1667 οιον-
1339 1626 1342 1681 ;

164 1689 291 1769 aanor,
314 1691 362 1774 voi
375 1683 456 1773 μήτε
468 1682 593 1764 αὐτοὺς
608 1683 835 1772 spiridonis
849 1682 1074 1774 ὁμιλεῐνμὴαο
1087 1682 1173 1769 παρ’
1194 1682 1297 1755 ἄλλον

162 1770 206 1843 cd
233 1772 318 1856 πρὸς
337 1769 463 1858 ἡδονὴν
491 1769 749 1856 προσδέχεσθαι·
775 1771 831 1839 καὶ
856 1772 964 1851 ἄλλως
992 1775 1092 1853 [eddz
1124 1768 1299 1856 ἅλλονῙᾶ

164 1853 250 1928 εἶναι
268 1855 438 1944 αὐστηρόν
452 1857 525 1938 (τὸν
541 1858 665 1943 σοφὸν)
680 1859 916 1943 παραπλησίως
931 1857 1111 1945 λεγόμενον
1124 1881 1143 1925 r
1157 1863 1173 1879 ‘
1186 1854 1297 1945 οὖσαν

165 1951 215 2034 (νῷ
231 1947 330 2032 olon,
354 1936 383 2029 oi
394 1941 481 2029 πρὸς
493 1941 553 2029 μὲν
567 1946 840 2030 φαρμακοποιλαν
853 1949 1008 2029 χρῶνται,
1023 1942 1107 2028 πρὸς
1121 1882 1296 2029 dionisu-

165 2046 221 2099 σιν
244 2030 286 2096 od
307 2026 417 2096 advo.-
445 2033 488 2093 ita
508 2032 687 2095 scribendus
708 2034 759 2095 hic
777 2035 880 2114 locus,
910 2045 999 2118 atque
1023 2031 1063 2095 ad
1082 2034 1145 2097 hoc
1165 2030 1296 2097 Stoicum
1340 2082 1342 2095 .

166 2118 281 2203 dogma
301 2119 430 2181 allusum
446 2114 568 2180 videtur
584 2139 602 2178 a
617 2117 722 2181 Persio
743 2118 796 2179 illo
816 2139 907 2182 versu
922 2117 1038 2182 Satirae
1049 2118 1092 2181 V.
1111 2164 1114 2169 ,
1242 2154 1245 2159 ,
1338 2112 1342 2179 J

253 2208 324 2271 108.
349 2197 443 2268 Vide
465 2198 532 2279 sis,
554 2223 596 2265 ne
620 2201 797 2287 majorum
820 2200 886 2266 tibi
903 2199 998 2286 forte
1027 2200 1174 2267 Limina
1185 2196 1295 2291 friga·
1320 2198 1342 2269 -ss

166 2292 289 2364 aconti]
310 2288 359 2354 Ne
377 2287 505 2372 incipias
519 2291 694 2374 potentibus
713 2310 749 2351 ac
770 2288 887 2352 Neroni
901 2290 1050 2376 imprimis
1069 2289 1201 2355 odiosus
1221 2309 1294 2369 esset
1337 2318 1342 2375 ς

165 2379 246 2440 refer
273 2372 314 2437 ad
341 2373 586 2460 quotidianarum
607 2375 824 2438 salutationum
851 2396 990 2440 morem:
1019 2397 1095 2439 nam
1122 2376 1176 2460 qui
1199 2394 1295 2462 parum
1338 2422 1342 2461 ,

166 2462 242 2543 grati
260 2470 360 2540 erant,
382 2459 486 2522 durius
499 2463 701 2523 tractabantur
712 2464 750 2523 alr
768 2461 896 2524 ostiariis
920 2473 949 2523 et
968 2461 1196 2535 admissionum
1208 2458 1296 2541 mod·

166 2547 251 2611 stris:
274 2548 335 2611 hoc
356 2554 447 2608 vocat
465 2543 584 2609 Persius
605 2548 759 2625 eleganter
785 2543 912 2608 limina
929 2543 1152 2634 frigescere.-
1171 2548 1296 2611 transla-
1319 2538 1342 2595 ,⁴

166 2644 234 2697 tum
252 2624 358 2693 scibis
372 2629 517 2716 pridianis
530 2640 561 2694 et
575 2631 708 2712 frigidis,
732 2631 785 2717 qui
805 2632 908 2695 minus
931 2636 1052 2719 placent
1061 2632 1148 2710 [imo
1171 2628 1296 2697 astutio

166 2719 294 2797 alicujus
307 2715 487 2793 ardentiore,
503 2716 608 2802 quod,
629 2738 700 2779 cum
712 2718 889 2797 remittitur,
908 2720 994 2803 quasi
1004 2719 1149 2798 frigescit,
1168 2738 1242 2783 nom
1253 2725 1297 2796 ,rt
1340 2710 1342 2719 '

166 2804 276 2884 rigens
292 2823 380 2864 amor
393 2812 425 2863 et
437 2802 530 2881 gratia
551 2803 659 2881 calori,
683 2803 727 2865 sic
745 2802 856 2866 eadem
876 2806 1109 2883 relanguescere
1130 2815 1163 2869 et
1180 2804 1298 2867 remissa

160 2884 296 2976 frigori
312 2888 523 2952 assimilatur.“
546 2887 712 2951 Ruhnken.
731 2886 773 2951 ad
796 2887 917 2953 Terent.
942 2888 1022 2956 Eun.
1042 2888 1084 2969 Il,
1106 2894 1139 2970 2,
1155 2893 1209 2957 37.
1225 2910 1255 2975 q-
1271 2906 1298 2951 t·

141 3021 144 3026 -
167 2971 448 3062 p.103.8chop.];
469 2971 600 3037 undeet
621 2971 807 3037 Graecorum
825 2976 1041 3060 proverbium,
1064 2975 1135 3061 qui,
1157 2996 1234 3039 cum
1251 2972 1300 3041 tli-

169 3058 243 3146 quid
260 3061 422 3136 elevarent,
443 3058 525 3121 soliti
541 3057 659 3140 dicere,
680 3057 729 3123 od
735 3055 861 3144 forum
864 3052 1086 3148 frigidorum
1098 3052 1301 3125 ciborumid

118 3141 360 3232 143pertinere.
402 3143 579 3209 Plutarchus
590 3146 640 3209 De
661 3146 874 3210 communibus
897 3148 1075 3213 notionibus
1097 3142 1300 3221 contresto'i-

172 3254 224 3295 cos
246 3230 285 3335 [p.
309 3235 401 3296 1060.
421 3227 487 3311 B.]=
521 3228 617 3295 cnoel
634 3227 693 3313 pio
715 3229 760 3306 εἰς
782 3226 843 3314 τήν
864 3235 931 3297 τῶν
953 3228 1067 3297 ἑώλων
1092 3229 1150 3296 καὶ
1171 3230 1302 3315 ψυχρᾶν

170 3311 315 3398 dycaeo,
341 3314 370 3379 el
391 3314 466 3393 [om.
487 3315 572 3397 edd]
600 3318 729 3401 βούλεο,
760 3318 934 3400 παρῶμεν·
967 3315 1003 3383 ἐν
1033 3315 1068 3383 δὲ
1096 3321 1170 3394 τοῖς
1193 3311 1239 3394 οἱς
1260 3312 1302 3381 ἔνι

169 3395 308 3485 μάλιστα
327 3406 566 3480 πραγματικοῖς
593 3400 649 3466 καὶ
672 3397 753 3484 μετὰ
772 3403 921 3487 σπονδῆς
940 3403 1131 3486 λεγομένοις
1160 3395 1302 3488 ποιησαί-

169 3491 257 3570 μοθα
272 3478 451 3568 τοῦλόγου
468 3481 528 3550 τὸν
540 3484 724 3570 ἐξετασμόν.
770 3487 924 3575 Majores
937 3495 1030 3572 vulgo
1047 3489 1165 3554 Latinis
1179 3488 1215 3555 ολ
1231 3510 1303 3569 ποο-

167 3569 367 3656 γενέστεροιε
388 3571 457 3632 heic
477 3572 580 3635 aliter:
605 3594 758 3656 majores
780 3577 863 3637 enim
881 3575 957 3639 dixit
976 3599 1031 3663 pro
1050 3600 1107 3655 eo,
1137 3575 1223 3661 quod
1242 3575 1304 3638 llo-

168 3659 261 3755 ratius
283 3656 358 3752 [Sat
373 3653 413 3753 ll,
429 3662 456 3737 1,
471 3662 523 3737 61,
544 3680 637 3744 quem
649 3671 742 3747 poeta
763 3661 903 3746 respicit,
924 3684 954 3725 v.
978 3664 1024 3725 ibi
1036 3661 1215 3743 Heindori]
1235 3680 1304 3725 ma-

187 3765 262 3807 cres
278 3762 395 3804 amtor.

118 3765 183 3911 (81)]
262 3833 334 3893 109.
356 3824 466 3891 Sonat
486 3825 563 3891 heic
585 3823 627 3889 de
648 3849 732 3891 nore
756 3826 883 3892 canino
906 3828 1063 3914 Licere]
1084 3830 1195 3914 Heio,
1217 3834 1307 3897 idest

170 3914 376 3977 inliminibus
388 3914 518 3977 Neronis
535 3935 570 3976 ac
585 3936 762 3999 procerum,
784 3937 909 3979 serrare
929 3918 1034 3982 litera
1050 3919 1182 3985 canina
1197 3920 1306 3997 dirior,

171 4021 241 4061 cum
261 4000 390 4062 irritatus
404 3999 513 4084 aliquis
534 4001 634 4062 minas
652 4001 802 4081 funditat3
822 4005 943 4089 proprie
963 4007 995 4067 in
1017 4007 1142 4069 canibus
1160 4005 1307 4069 hirn’enti·

169 4087 228 4149 bus
241 4086 346 4146 locum
361 4087 455 4148 habet
470 4085 512 4162 [r.
525 4084 657 4167 Plum.];
677 4110 743 4149 non
756 4089 954 4153 incommode
967 4092 1072 4155 Persio
1091 4104 1222 4178 possent
1236 4095 1307 4154 haec

169 4173 264 4236 verba
284 4171 392 4233 tribui:
415 4181 482 4232 tum
497 4181 600 4234 antem
615 4167 693 4233 heic
705 4174 797 4236 fuerit
814 4175 848 4236 in
870 4177 930 4240 ruis
951 4178 1069 4257 verbis,
1091 4179 1136 4240 mi
1156 4179 1307 4241 monitor:

169 4277 277 4319 sensus
289 4255 362 4334 erit,
384 4253 521 4336 intelligo
532 4253 607 4343 quid
627 4258 718 4322 velis:
739 4260 909 4345 periculum
928 4265 1013 4325 enim
1029 4285 1175 4350 praesens
1194 4264 1310 4327 denun-

167 4342 241 4422 ties,
263 4340 342 4404 siin
361 4341 519 4427 proposito
557 4363 743 4409 ermansero.
788 4344 925 4411 Priorem
948 4348 1230 4435 interpretationem
1249 4352 1308 4427 jure

167 4426 277 4513 aliquis
298 4428 459 4513 praeferat.
501 4425 514 4505 [
562 4437 616 4503 ,ote
631 4426 744 4495 Orellr
766 4430 904 4501 Monitor
925 4435 1095 4499 censendus
1118 4447 1166 4499 est
1186 4437 1308 4499 innuere

273 4620 277 4633 ⁸
366 4648 371 4659 ι
416 4634 556 4664 ’.ιιιιιὶᾼᾘ-
584 4638 601 4663 .'.
639 4636 645 4663 .'
