2700 4972
99 328 166 395 m
409 316 412 321 ’
437 314 848 388 COMMENTARIUS

101 491 284 560 deoleol'i.
299 487 561 563 eumBnrmanu,
575 486 617 553 ad
635 486 784 555 Ovtul„
799 487 880 572 hl,
901 491 995 572 hauh
1025 489 1117 557 sh'ter
1138 498 1236 557 auen

100 583 188 647 locus
205 579 257 643 hie
270 575 469 664 accipiendus
483 597 579 663 quam
590 586 626 638 ut
641 579 735 640 rerba
752 588 881 643 sonant:
910 598 987 641 nam
1006 575 1150 645 Romani
1170 598 1234 643 cun

100 665 237 732 luxuriae
255 675 470 742 assueverunt,
490 685 556 725 non
572 682 687 725 unxere
705 661 873 747 impensius
892 666 993 750 pultes
1012 684 1105 729 suas:
1134 684 1234 729 verum

101 753 140 817 iis
152 750 298 832 neglectis
314 749 458 811 lrutiores
471 748 556 811 cibos
570 749 790 831 expetiverunt.
882 776 887 785 ·
1069 818 1072 823 ,

186 843 239 901 41.
261 830 362 899 Haec
375 831 828 914 emerentiana-metuam]
851 832 1235 901 Hastun‘nestuilsere-

103 920 151 989 dis
164 934 301 997 metues,
323 941 395 983 etun
406 920 465 984 eris
477 920 639 984 mortuus?
661 929 713 981 aut
725 941 806 981 nunc
820 920 910 983 rivus
922 932 1063 1001 metuas,
1084 922 1172 1009 quod
1185 924 1235 987 tibi

103 1009 248 1071 defuncto
261 1005 417 1071 rninattu?
458 1003 525 1068 Sed
543 1006 643 1084 magis
657 1007 786 1090 probem
804 1004 867 1086 legi
884 1007 967 1068 haec
984 1008 1056 1072 sine
1073 1008 1236 1111 interrogo:

102 1094 202 1173 tione,
224 1103 259 1155 ut
268 1091 426 1155 conceoeio
438 1091 478 1155 sit
489 1091 606 1153 ironica
617 1089 657 1152 ad
669 1089 856 1153 irridendam
867 1112 977 1154 eormn
986 1095 1172 1175 intuitum
1190 1116 1236 1181 qm

102 1181 213 1245 rivtmt
234 1178 363 1257 misere,
394 1196 485 1240 suum
505 1175 641 1263 assidua
650 1177 778 1256 genium
797 1174 1031 1261 defraudantes,
1063 1200 1105 1245 eo
1121 1182 1167 1244 im

103 1276 205 1344 metu,
226 1285 268 1327 ne
282 1284 413 1326 coenam
423 1263 538 1325 furuis
550 1263 643 1329 iratus
657 1264 747 1325 heres
758 1263 909 1342 negligat:
929 1265 1097 1347 hocsane,
1119 1268 1164 1331 ait

104 1352 183 1429 sius,
204 1353 269 1429 jure
283 1360 421 1412 metuas:
442 1344 498 1411 sed
513 1359 602 1425 tunc,
624 1369 696 1409 cum
711 1348 770 1410 eris
785 1349 885 1411 cinam
898 1351 1042 1415 ulterior:
1063 1374 1150 1423 nunc
1162 1350 1238 1418 vitali

2 1474 4 1479 ,
105 1456 178 1499 aura
193 1439 298 1498 fruens
312 1432 387 1520 quid
399 1434 543 1499 metuas?
585 1431 764 1497 Notandum
778 1455 853 1496 vero
867 1435 1017 1521 loquendi
1032 1459 1135 1520 genus
1152 1436 1239 1503 cino·

35 1531 149 1608 (lettre
163 1518 311 1597 ulterior
324 1541 380 1606 pro
402 1540 473 1581 cum
491 1518 585 1583 fueris
604 1521 668 1581 fato
685 1522 823 1598 sunonis:
845 1519 1095 1606 stcaaoaetnn‘
1109 1519 1240 1601 κόνεως,

47 1660 53 1677 ,
108 1604 207 1675 ultra
219 1603 367 1685 cinerea,
390 1601 500 1673 Graeci
515 1624 571 1691 pro
595 1625 615 1667 a
634 1617 744 1669 ruente.
786 1603 1040 1693 Theophylactus
1054 1611 1186 1715 epistola
1199 1613 1242 1673 sl-

24 1694 27 1699 ’
107 1694 199 1758 tima:
229 1689 274 1755 Et
291 1685 399 1775 λύπης
422 1686 546 1767 attae
566 1692 715 1772 κρατεΐα,
743 1686 914 1771 aaudiat
936 1688 1019 1773 τοὺς
1039 1716 1175 1779 rupee:
1192 1690 1242 1763 ul

56 1777 181 1844 495roti
193 1772 330 1854 πάθους
343 1772 425 1854 ἕξεις
436 1770 477 1840 εδ
496 1771 676 1860 φάρμακον
691 1772 748 1849 καὶ
767 1772 829 1853 τὰς
849 1776 1006 1864 μεγίστας
1022 1783 1097 1847 τῶν
1117 1777 1242 1867 ἄνδρά-

108 1883 183 1930 πων
197 1854 412 1945 εὐδαιμονίας
424 1856 543 1936 iadau
564 1856 747 1943 περαιτέρω
763 1857 889 1939 κόνεως
906 1860 1172 1951 marquisius-sd
1187 1862 1243 1953 qd

110 1962 215 2033 σημα,
236 1948 291 2013 ubi
307 1947 393 2013 deest
405 1950 545 2028 negatio,
566 1946 651 2032 quod
660 1968 772 2013 sensus
782 1949 879 2029 arguit
887 1953 1161 2021 manifestissime:
1178 1974 1244 2019 narn

110 2036 306 2099 etsiverum
318 2045 381 2110 est,
403 2031 486 2119 quod
498 2033 540 2095 ait
553 2033 663 2096 alicubi
682 2030 721 2095 Β.
743 2030 997 2116 chrysostomus,
1019 2041 1105 2103 ultra
1122 2052 1243 2105 monus

109 2117 238 2209 produci
249 2120 450 2183 ambitionem
462 2118 641 2183 hominum:
666 2129 772 2182 umen
791 2141 856 2183 non
878 2134 925 2185 est
941 2122 994 2187 ille
1013 2146 1128 2191 sensus
1148 2126 1244 2191 Theo·

133 2205 265 2293 hylacti2
307 2203 338 2265 ui
358 2202 453 2268 dubio
476 2206 582 2289 procul
605 2204 779 2291 scnpserat,
803 2198 853 2301 ¹ori
872 2205 1093 2293 αεαεημὲναςε
1115 2213 1161 2277 sic
1175 2208 1246 2301 apud

110 2225 312 2357 itineranti
345 2288 440 2355 cem:
456 2296 543 2375 post
556 2284 709 2353 cinerem
725 2297 760 2352 et
766 2284 938 2377 favellare,
961 2307 993 2358 et
1004 2295 1038 2359 in
1055 2297 1246 2363 declarnstio-

112 2399 159 2441 ne
195 2376 309 2439 uadam
328 2386 449 2442 vetere:
480 2380 577 2439 traua
598 2373 774 2439 hominem
793 2396 944 2463 poenam
963 2380 1131 2475 exigere:
1158 2384 1247 2471 similp

114 2398 1247 2641 tttltttttamttttatrituratum

242 2590 251 2622 2
774 2594 782 2608 ⁰
1285 2616 1287 2621 .

114 2628 153 2698 tu
166 2630 290 2713 πολλῆς
302 2630 497 2713 :rameseiae
508 2628 671 2711 ἔκτεινον,
699 2633 767 2696 sire
790 2630 827 2700 lx
847 2639 977 2703 πολλοῦ
999 2640 1064 2706 τοῦ
1084 2637 1245 2725 neptim
1283 2658 1287 2685 ·³

114 2712 196 2794 τοδς
209 2712 432 2802 βεβλημένους
454 2712 663 2801 donandum:
683 2717 761 2781 nihil
782 2720 867 2789 enim
884 2723 1073 2789 mutandum
1087 2726 1173 2817 apud
1185 2728 1246 2793 Fh-

116 2824 202 2884 rum,
223 2823 312 2867 secus
327 2822 421 2890 quam
432 2803 506 2867 viris
519 2802 617 2866 doctis
630 2803 669 2866 sit
681 2803 795 2869 visum,
1037 2855 1040 2860 -
1166 2826 1170 2831 ·

203 2885 257 2954 A:
268 2894 321 2969 tu,
343 2906 439 2971 meua
452 2882 571 2969 heren]
594 2887 656 2952 Ubi
674 2890 751 2953 ahos
764 2888 974 2977 reprehendit,
1004 2894 1083 2982 quid
1103 2898 1175 2987 ipse
1188 2920 1247 2965 sen·

117 2974 173 3039 tiat
185 2973 337 3040 ostendit:
359 2974 447 3062 quasi
459 2972 555 3037 dicat:
576 2973 659 3057 Alius
672 2976 733 3063 hoc
746 2978 869 3042 timeat:
890 2998 949 3061 ego
960 2983 1066 3047 sullus
1078 2984 1197 3050 timeo:
1210 2995 1249 3049 at·

120 3083 181 3147 que
195 3059 291 3139 adeo,
312 3071 346 3122 ut
358 3071 408 3139 tu,
426 3060 517 3123 heren
530 3059 589 3139 mi,
610 3060 688 3124 scias
703 3081 836 3126 vacuum
849 3084 902 3126 me
916 3067 959 3129 ab
970 3067 1154 3152 hoc-metu,
1172 3084 1250 3135 nuto

120 3147 191 3224 tibi,
213 3146 240 3208 si
257 3146 374 3224 nescis,
393 3164 447 3207 me
461 3143 628 3208 editionem
640 3148 774 3213 :nunerio
786 3148 820 3211 in
834 3151 939 3213 anirno
954 3153 1074 3219 habere
1087 3158 1133 3221 ob
1151 3158 1251 3221 taeun

123 3254 143 3295 e
161 3228 327 3293 Germania
346 3229 496 3294 nuntium.
540 3229 607 3294 Scis
629 3233 733 3316 quanti
755 3246 872 3298 sumtus
888 3257 956 3298 rem
977 3240 1108 3307 mobar:
1137 3242 1193 3307 sed
1208 3260 1251 3306 me

123 3317 203 3389 nihil
215 3314 345 3378 deterret
356 3316 514 3401 impensae
527 3316 724 3396 magnitudo:
746 3319 819 3405 quid
832 3333 867 3382 tu
880 3322 973 3402 igitur
986 3323 1026 3387 ad
1041 3328 1151 3395 haec?

211 3401 265 3465 42.
286 3397 452 3485 Quisquis
460 3401 552 3481 aria]
574 3401 687 3468 Recte:
708 3412 877 3471 nam'suos
896 3408 1029 3475 heredes
1046 3434 1115 3476 non
1135 3416 1252 3481 natue

125 3486 258 3551 Persius

212 3566 383 3638 Paullum
397 3588 420 3631 a
437 3565 537 3633 turba
549 3566 725 3637 seductior
740 3573 856 3661 audi]
881 3578 952 3641 Hoc
970 3580 1062 3662 ideo,
1085 3586 1160 3671 quia
1175 3588 1252 3669 volgo

125 3654 324 3746 philosophia
336 3658 495 3721 laborabat
508 3657 624 3721 invidia
638 3671 729 3746 atque
743 3661 827 3729 odio.
871 3661 922 3728 Sic
937 3667 971 3728 in
984 3668 1026 3734 V.
1052 3670 1143 3757 [9613

234 3796 239 3803 .
461 3751 633 3806 secretam
643 3744 761 3831 garrit
773 3747 809 3810 ia
822 3768 956 3813 aurem.
1071 3798 1074 3803 -

214 3825 268 3891 43.
291 3820 444 3904 otone,
473 3849 557 3892 num
578 3827 755 3917 ignoraui]
779 3822 822 3896 Ὤ
838 3829 928 3908 ἐὰν,
952 3830 1048 3904 οἶσθ’
1064 3837 1085 3907 ὅ
1104 3840 1254 3923 σοιλδξωε

89 3936 92 3941 “
129 3912 208 3977 mire
263 3910 312 3975 iita
324 3910 490 3977 delectatur
504 3928 622 3978 morata
634 3920 811 3998 hujusmodi
825 3924 973 3986 oratione.

254 3980 328 4061 iasa
354 4003 406 4062 eat
424 4018 447 4061 a
474 3997 788 4086 Caesareanae]
820 4007 996 4072 Liberalem
1011 4013 1177 4079 hominem
1198 4032 1256 4078 eum

80 4082 268 4147 496demum
287 4105 355 4147 esse
375 4085 416 4146 ait
436 4087 655 4174 philosophus,
681 4092 734 4176 qui
750 4104 871 4178 paratus
887 4095 926 4157 sit
943 4097 1034 4159 hilari
1056 4101 1165 4164 animo
1185 4121 1258 4165 sum-
1281 4112 1284 4117 '

132 4182 202 4257 ptus
215 4172 316 4232 facere
330 4180 394 4232 tam
405 4174 525 4252 magnis
538 4194 631 4260 quam
644 4178 745 4262 parvis
764 4180 798 4240 in
813 4182 920 4243 rebus:
943 4174 961 4246 d
984 4180 1195 4267 ἐλευθέρως,
1219 4187 1258 4248 in·

133 4257 207 4342 quit,
222 4252 278 4321 eat
292 4247 391 4320 δώσει
405 4254 655 4342 ααδδααααήαεε
667 4260 713 4337 εἰς
726 4257 748 4325 ἃ
762 4263 813 4328 δεῖ
824 4262 882 4329 uel
891 4260 954 4331 ὅσα
963 4266 1022 4349 δεῖ,
1030 4264 1161 4354 ὁμοίως
1171 4270 1259 4355 lupe

133 4337 294 4419 αροῖςααδ
306 4335 470 4424 μεγάλοις,
484 4340 541 4409 καὶ
553 4345 658 4409 ταῦτα
669 4341 782 4430 ἡδέως.
811 4348 916 4429 (hiare
922 4352 1045 4419 Persius
1057 4355 1099 4420 ad
1115 4371 1262 4444 unonnqur

133 4427 319 4492 liberalium
332 4449 430 4509 genus
440 4433 588 4494 lectoren:
600 4452 692 4495 suum
698 4436 901 4520 pulcherrima
912 4441 972 4503 hao
984 4439 1119 4510 diatriba
1129 4444 1261 4512 instituit:
