2700 4972
179 75 182 82 ’
266 125 272 136 ’
352 108 416 175 ro
442 106 854 215 rsasrrsrrrarrr
881 112 907 178 1.
1139 116 1201 184 121
1315 174 1318 181 .

47 285 116 349 rius
139 282 392 362 thaumaturgus
415 291 461 345 est
481 278 595 363 dictus,
626 284 710 362 cujus
738 281 834 348 vitam
858 279 1025 368 Gregorius
1043 283 1202 372 Nyssenus

47 373 134 436 libro
151 369 301 451 singulari
322 377 368 431 est
385 369 574 453 complexus.
744 430 747 437 ,
985 400 989 405 ·
1132 394 1137 407 ¹

12 524 15 529 ,
143 460 218 524 1⁸2.
236 449 406 518 ‘Gaudere
419 438 788 537 parotnsfflParatua,
810 451 844 516 id
864 465 912 517 est
932 450 1076 538 ulubris,
1098 461 1150 545 qui
1166 464 1202 527 in
1281 504 1287 513 ·

48 562 143 605 more
155 543 272 604 habeat
285 537 319 600 id
335 543 436 600 facere
448 550 478 600 et
493 538 577 624 quod
595 539 626 601 in
649 538 856 602 describendis
875 542 1014 605 moribus
1037 547 1201 612 hominum

49 632 137 692 solet
151 627 387 713 Theophrastus
403 623 524 701 dicere,
545 618 697 701 τοιοῦτός
710 620 800 721 toccu
812 616 904 700 olor:
926 638 959 687 ut
970 629 1004 690 in
1016 643 1101 704 sexta
1114 634 1252 716 [3612166

25 770 203 863 'Horatius
233 796 303 884 [EP-
324 794 365 877 H,
391 802 420 877 1,
445 795 536 874 1841:
654 730 786 774 nascere
806 719 968 796 paratus,

561 889 596 943 et
621 876 824 968 depugnare
842 881 966 965 parati
971 904 983 961 3

53 972 99 1033 sic
118 966 204 1056 apud
227 969 424 1033 iuvenalem:
453 962 601 1028 laudare
625 976 793 1051 paratus,
824 965 954 1032 nescire
970 980 1142 1055 paratur:
1171 990 1204 1041 et

53 1059 153 1119 rrtrrlta
165 1055 291 1119 similia:
314 1065 397 1129 amat
411 1053 496 1115 enim
513 1052 670 1116 luvenalis
692 1074 762 1114 eam
779 1073 899 1116 vocem.
1117 1084 1119 1088 ·

15 1210 18 1215 ,
144 1145 219 1207 188.
243 1137 395 1228 Cynico]
425 1138 562 1202 Vivebat
580 1149 648 1199 tum
664 1137 841 1202 Demetrius
864 1137 1011 1222 Cynicus,
1035 1146 1119 1222 cujus
1138 1146 1203 1209 sin·

57 1230 198 1308 gularem
210 1246 247 1289 ac
258 1224 442 1312 stupendam
452 1225 596 1286 virtutem
611 1223 747 1286 dilaudat
759 1223 879 1288 Seneca
892 1224 943 1303 [de
955 1225 1066 1293 Benef.
1076 1228 1148 1310 vll,
1158 1230 1202 1312 8.]

32 1308 38 1315 ’
58 1325 89 1375 et
108 1311 368 1398 apud·Arrianum
382 1310 554 1397 Epictetus:
579 1310 722 1389 inhujus
743 1312 897 1374 honorem
917 1324 948 1374 et
963 1314 1128 1391 similium,
1151 1319 1220 1404 qui·

58 1402 185 1462 fuerunt
196 1399 342 1460 omnibus
356 1397 465 1460 seculis
485 1393 600 1480 oppido
622 1397 727 1480 pauci,
754 1393 903 1482 Cynicus
924 1399 994 1462 heic
1015 1393 1127 1478 ἁπλῶς
1146 1419 1204 1488 pro

60 1484 251 1571 philosopho
262 1482 400 1569 ponitur;
421 1482 586 1561 inxgenere
605 1501 680 1544 vero
702 1480 741 1543 de
757 1481 895 1562 Cynicis,
916 1505 1048 1569 quorum
1067 1507 1105 1549 ea
1124 1500 1207 1550 tem-

61 1580 180 1657 pestate
194 1569 366 1632 uberrimus
384 1579 447 1630 erat
466 1577 649 1652 proventus,
670 1569 752 1629 male
773 1579 933 1630 senserunt
953 1591 1017 1632 non
1034 1574 1137 1635 solum
1154 1574 1206 1637 isti

62 1654 169 1720 osores
185 1651 371 1718 Graecamm
385 1652 623 1738 disciplinarum,
644 1650 701 1715 sed
715 1653 808 1714 etiam
823 1674 841 1715 e
854 1650 977 1718 Graecis
989 1658 1206 1741 sapientissimi

61 1737 1205 1893 ldlssioffiriiiidiimiiiii{ii‘ssilissffielllidlliibil
1286 1855 1292 1867 ι

60 1914 162 1975 bitum
306 1910 332 1973 is
360 1910 499 1973 moribus
521 1919 611 1993 atque
636 1910 775 1995 impurae
799 1911 1000 1976 obscoenitati
1023 1915 1207 2001 praetende-

60 2001 146 2062 bant.
188 1932 405 2078 llisgscimDionia
421 1993 635 2075 Chrysostomi
654 2017 831 2058 sermonem
845 1995 1046 2061 Alexandriae
1066 2002 1207 2065 habitum
1270 2027 1273 2035 ’

60 2084 105 2166 [et
117 2086 208 2148 locos
218 2082 343 2146 Luciani
359 2103 407 2168 ap.
420 2080 523 2161 Pass.;
546 2079 585 2144 de
599 2083 709 2158 barba,
732 2103 824 2166 quam
840 2083 978 2161 alebant,
1001 2084 1045 2147 Pl.
1062 2085 1102 2148 ad
1116 2086 1148 2148 h.
1162 2088 1206 2167 l.].

59 2168 157 2233 Porro
186 2180 374 2256 quantopere
399 2164 506 2249 Cynici
529 2167 622 2229 etiam
651 2167 682 2228 in
703 2163 892 2230 Graecorum
905 2170 1060 2251 urbibus,
1090 2170 1220 2237 nedrun·

60 2253 200 2335 Romae,
223 2258 261 2317 ab
275 2254 419 2316 omnibus
437 2263 665 2338 spernerentur,
688 2254 929 2338 potestjntelligi
947 2257 998 2319 vel
1012 2277 1054 2319 ex·
1067 2257 1207 2339 ejusdem
1301 2274 1303 2281 ·

61 2338 176 2405 Dionis
196 2338 326 2404 XXIV.
346 2340 377 2400 in
400 2339 495 2424 princi
517 2339 559 2400 io.
860 2374 863 2381 .
957 2348 959 2357 '
1241 2402 1245 2411 ,

149 2422 307 2490 Barbam
322 2422 454 2501 vellat]
513 2425 562 2486 uia
576 2423 778 2488 indolentiam
791 2437 822 2489 et
843 2427 1026 2491 vacuitatem
1039 2430 1205 2493 affectuum

62 2514 285 2600 profitebantur
296 2509 393 2574 Stoici
407 2521 497 2595 atque
512 2508 627 2592 Cynici,
649 2523 825 2596 propterea,
849 2534 919 2574 cum
938 2514 971 2576 in
990 2517 1113 2599 publico
1130 2537 1206 2578 con-

63 2599 287 2686 spiciebantur,
306 2617 367 2681 quo
382 2595 537 2682 specimen
556 2594 662 2660 darent
682 2617 756 2660 suae
777 2598 913 2678 virtutis,
936 2601 975 2662 ab
1000 2602 1100 2663 obviis
1123 2601 1208 2665 varie

64 2685 274 2748 irritabantur:
296 2684 373 2744 alius
395 2703 449 2744 eos
473 2702 568 2744 sanna
581 2682 768 2768 excipiebat,
790 2683 866 2746 alius
889 2685 1058 2748 convitium
1078 2684 1207 2765 dicebat,

66 2771 144 2834 alius
161 2779 284 2834 vestem
297 2768 436 2830 trahebat
453 2778 506 2828 aut
523 2768 651 2830 barbam
671 2769 806 2831 vellebat
825 2779 878 2831 aut
897 2770 958 2832 alio
982 2772 1092 2855 quovis
1109 2771 1209 2834 modo

66 2858 218 2921 molestus
236 2865 316 2917 erat:
338 2865 443 2915 auctor
458 2851 520 2914 Dio
536 2853 777 2933 Chrysostomus'
793 2854 826 2915 in
842 2875 879 2916 ea
895 2853 935 2918 de
955 2858 1082 2919 schema
1104 2859 1209 2942 philo·
1323 2918 1331 2939 „

19 2964 23 2969 ·
67 2941 177 3029 sophi:
200 2940 245 3003 sic
263 2936 338 3000 olim
358 2937 499 3001 Socrates
519 2940 720 3022 perAtlrenas
733 2938 907 3019 ingrediens
926 2940 1033 3009 solitus
1053 2941 1262 3018 eremit-167

67 3029 206 3105 arom,
236 3036 268 3086 ut
288 3025 331 3086 ait
346 3023 484 3087 Lairtius
512 3023 601 3100 [errat
625 3025 657 3085 in
670 3024 790 3087 ¹Laertii
808 3027 926 3104 verbis,
953 3037 988 3109 ut
1006 3027 1140 3130 ostendit
1161 3028 1208 3092 Pl.

67 3111 192 3263 lidii
205 3108 978 3279 tt}:tffttttttltttlttbttttttt
990 3109 1261 3281 {iiidie

68 3280 203 3365 praalon
223 3281 353 3364 τρίχαςς
375 3292 406 3343 et
419 3281 552 3359 Latinis,
575 3278 724 3344 barbam
744 3279 855 3344 alicui
876 3280 1025 3346 vellere:
1047 3287 1096 3347 cui
1108 3287 1209 3350 simile

68 3371 102 3434 in
114 3367 253 3436 secunda
266 3366 364 3432 Satira
379 3366 445 3447 [28]
469 3365 509 3428 de
522 3370 607 3429 fatuo
626 3379 657 3429 et
678 3367 718 3429 ad
737 3367 903 3431 ludibrium
924 3371 1082 3455 exposito:

283 3449 613 3537 stolidompproebet
629 3449 696 3516 riti
712 3453 842 3516 vellere
867 3451 1023 3518 barbam.

156 3536 333 3606 Paculam
355 3536 527 3617 nonaria]
556 3539 703 3602 Meretrix
726 3539 765 3602 de
792 3540 843 3603 via
867 3553 1091 3625 praetereuntes
1109 3553 1213 3626 petere

70 3647 105 3688 ac
128 3628 282 3689 lacessere
303 3625 408 3687 solita:
440 3623 608 3687 norrarioe
632 3647 754 3687 anona
782 3627 859 3687 hora
886 3624 983 3689 dictae
1012 3629 1077 3713 [per
1098 3650 1214 3714 oppro-

69 3712 172 3775 brium
191 3710 334 3797 quidem,
357 3723 390 3772 ut
410 3709 703 3796 quadrantarioc,
726 3708 951 3791 diobolaresl,
979 3713 1061 3797 quod
1080 3735 1115 3777 ea
1136 3716 1215 3777 hora

70 3810 189 3884 pateret
215 3796 314 3869 adibus
337 3797 376 3858 ad
395 3797 568 3882 lupanaria,
599 3819 669 3879 cum
693 3808 763 3859 ante
783 3798 902 3859 clausae
923 3812 1025 3862 essent
1041 3802 1140 3877 fores,
1162 3802 1214 3863 vel

72 3905 112 3946 ex
132 3904 221 3947 more
248 3884 357 3947 velex
378 3884 446 3962 lege
470 3895 521 3944 aut
542 3881 642 3945 edicto
662 3884 762 3967 aliquo
787 3883 846 3961 [cf.
863 3883 940 3963 Pl.]:
971 3886 1020 3946 cui
1041 3886 1141 3948 simile
1168 3896 1214 3949 est

72 3968 208 4032 edictum
232 3967 308 4030 illud
323 3968 453 4053 Ampelii
471 3970 614 4053 praefecti
631 3969 703 4031 Urbi
724 3971 780 4032 sub
803 3969 1033 4049 Valentiniano,
1056 3993 1117 4055 quo
1136 3970 1215 4034 cavit

72 4055 123 4133 [ne
144 4058 273 4119 taberna
291 4054 407 4117 vinaria
431 4066 500 4115 ante
522 4056 631 4116 horam
656 4066 792 4139 quartam
817 4057 982 4141 aperiretur
1003 4079 1083 4120 neve
1103 4078 1215 4140 aquam
1315 4080 1321 4099 ¹

45 4164 51 4181 ¹
70 4143 244 4224 vulgarium
260 4141 437 4221 calefaceret
451 4140 619 4224 quisquam,
643 4143 684 4220 et]
694 4162 734 4202 ne
748 4163 844 4226 usque
867 4140 907 4203 ad
926 4144 1137 4228 praestitutum
1153 4140 1216 4205 diei

71 4230 206 4315 spatium
219 4227 300 4290 lixae
319 4239 440 4291 coctam
454 4238 660 4312 proponerent
678 4248 817 4308 carnem,
839 4239 873 4288 ut
893 4239 999 4291 auctor
1018 4239 1064 4291 est
1078 4228 1215 4297 Ammia-
