2700 4972
150 356 216 435 aas
348 312 353 331 ⁸
511 338 921 453 contumulatus

142 532 695 715 aestumatum?
710 529 1272 703 tricameratam-t

151 709 210 789 illi,
252 700 285 769 ui
300 707 430 783 urbium¹
443 700 581 793 ἁλώσεις
601 706 777 768 narrabantz
806 703 848 765 ita
868 702 937 765 heic
962 706 1083 768 fervere
1104 704 1165 769 illis
1182 705 1271 767 dicitnr

153 796 214 857 olla
225 730 433 885 irocnesaut
444 788 615 881 Thyestae,
637 790 689 877 qui
704 786 876 871 tragoedias
896 801 1089 875 componunt
1103 792 1157 853 vel
1171 789 1208 853 de
1221 790 1270 853 Te

151 879 217 961 reo',
236 879 398 967 quifilium
409 872 486 961 Ityn·
496 876 555 941 sibi
576 877 752 965 appositum
770 870 1048 961 imprudensedit,
1069 878 1123 940 vel
1137 874 1269 955 deAtreo,

194 962 373 1037 “similibus
388 962 489 1049 epulis
505 960 676 1043 Thpestam
696 964 820 1023 fratrem
836 960 937 1047 pavit:
959 972 1053 1023 notae
1071 972 1146 1025 sunt
1166 964 1270 1037 fabulm

151 987 316 1135 iiilaudd.
330 1048 401 1121 [Ἠ.
435 1046 567 1113 'Plautus
583 1044 725 1133 Rudente
746 1042 797 1124 ΠΙ,
814 1050 843 1126 6,
861 1043 902 1112 24
917 1042 990 1133 sq.]:
1144 1062 1148 1067 ’

258 1131 499 1196 Scelestiorem
520 1152 665 1195 coenum
683 1128 828 1195 coenavi
846 1139 954 1207 tuum,
1189 1184 1194 1193 .

227 1280 231 1287 ,
259 1219 377 1303 Quum,
392 1239 484 1313 quoe
496 1212 666 1304 lltyectue
684 1213 859 1305 quondum
870 1212 1036 1317 oppositu
1052 1225 1107 1280 eat
1119 1225 1156 1279 et
1165 1210 1268 1279 [l'erco.

16 1408 23 1425 ,
204 1388 207 1393 -
240 1343 270 1405 9.
291 1335 557 1423 Saepeiuculsu
576 1334 756 1401 coenomia
774 1333 945 1422 Glyconi]
976 1334 1084 1417 Quam
1100 1334 1272 1417 tragoediam

152 1422 252 1507 Glyco
267 1424 432 1505 tragoedus
442 1425 483 1487 sit
493 1424 616 1509 saepius
630 1435 748 1487 acturus
765 1420 938 1507 [quodiam
954 1422 1090 1493 dictione
1109 1432 1270 1503 argumento

151 1513 275 1575 fabulae
299 1514 398 1572 facete
421 1508 564 1594 adaptata
590 1509 746 1594 exprimit:
775 1529 850 1571 nam
876 1530 955 1593 quae
985 1509 1109 1588 subjicit
1132 1506 1200 1571 Cas.
1220 1528 1270 1569 nou

151 1590 252 1676 magis
269 1595 464 1676 intelligimus
480 1615 575 1679 quarn
585 1594 692 1673 Aah.]:
716 1612 862 1657 coenare
881 1594 953 1657 heic
973 1606 1021 1659 aet
1042 1614 1137 1677 agere
1152 1594 1270 1657 annun

151 1681 315 1768 cupiditate
332 1701 449 1743 coenae
468 1681 535 1743 sive
555 1679 722 1758 mercedis,
742 1678 826 1742 unde
844 1700 880 1743 se
898 1680 966 1766 ipse
986 1678 1059 1743 alm⁰
1083 1674 1268 1781 ‚Glycona-

147 1766 244 1849 'goedi
264 1767 389 1846 aienius
408 1786 540 1829 nomen·
550 1767 635 1829 vocis
657 1767 817 1843 absonae„
831 1786 925 1849 quem
942 1762 1204 1843 obturatum
1215 1762 1267 1833 iui-

150 1852 213 1916 det.
249 1850 303 1934 [V.
326 1851 423 1915 daeo
443 1850 542 1914 schol.
561 1861 639 1926 ret.;
661 1848 1029 1936 perversissimumiatud
1051 1872 1072 1925 a
1092 1848 1173 1915 cod.
1191 1846 1267 1913 Paris.
1304 1900 1309 1927 ,

149 1938 249 2021 Web.
262 1940 469 2022 probarenon
486 1935 639 2015 debebat]
673 1935 720 1998 Ex
735 1938 795 1999 hoc
811 1937 881 1999 loco
896 1935 1042 2001 discimus
1053 1934 1188 2015 fabulas,
1206 1952 1268 2019 quae
1306 1956 1310 1969 ·

150 2025 248 2088 semel
263 2045 305 2108 po
327 2024 379 2086 ulo
398 2024 587 2108 placuerant,
609 2022 729 2107 saepius
745 2020 853 2107 reponi
874 2033 905 2084 et
919 2014 1268 2087 tvatctlueutuui

151 2118 214 2174 tas:
237 2045 326 2194 quudl
337 2118 369 2170 et
382 2108 544 2194 scriptores
563 2107 616 2169 alii
629 2103 739 2171 Graeci
753 2128 789 2169 ac
802 2106 904 2169 Latini
923 2118 1092 2171 testentur:

100 2216 157 2303 366
241 2222 291 2294 16.
306 2220 372 2311 ¹Tu
387 2246 496 2315 neque
510 2223 709 2299 anhelanti,
733 2223 892 2310 coquitur
907 2221 991 2301 dum
1004 2244 1126 2288 murco
1141 2222 1267 2297 cunum

125 2334 128 2339 ·
149 2309 250 2378 Folle
295 2310 403 2377 remis
428 2309 568 2392 centua]
605 2311 714 2375 Solent
731 2322 942 2398 praeceptores
964 2311 1133 2399 discipulos
1153 2304 1269 2393 alpais

151 2332 305 2460 laudando
321 2399 420 2479 magis
438 2419 530 2484 quam
552 2396 740 2478 objurgando
764 2398 797 2459 in
812 2397 916 2459 officio
937 2397 1113 2461 contineres
1127 2408 1269 2545 proptu!

150 2482 272 2547 Persius
289 2483 366 2545 nihil
385 2484 498 2547 veriats
510 2482 679 2547 Cornutum
703 2483 772 2545 heic
795 2481 940 2545 inducere
956 2484 1053 2569 ipsius
1074 2486 1127 2547 lau
1148 2504 1181 2547 es
1201 2502 1270 2545 oon·

150 2579 384 2647 memorantem.
427 2567 546 2631 Laudat
565 2580 668 2630 autern
688 2567 826 2631 Persium
843 2567 993 2632 Cornutus
1010 2561 1089 2633 κατ’
1115 2563 1210 2651 ἄρσιν
1226 2561 1271 2631 ul

134 2648 263 2719 diosa:
284 2654 367 2739 prius
386 2674 529 2739 separans
549 2654 667 2719 amalis
682 2653 783 2740 potitis
801 2653 917 2716 etvitia
935 2668 1200 2734 commemotans,
1218 2651 1271 2739 qai·

149 2740 207 2802 bus
223 2750 339 2821 careat,
364 2737 476 2803 deinde
496 2739 622 2803 virtutes
635 2760 813 2817 recensens,
834 2739 944 2823 quibus
963 2740 1003 2803 sit
1026 2752 1161 2804 omanis.
1201 2734 1271 2819 Quid

149 2824 205 2889 tibi
223 2824 288 2902 vis,
309 2824 425 2910 inquit,
447 2846 516 2886 cum
538 2826 637 2888 malos
655 2824 763 2911 poe'tas
784 2824 932 2889 imitaris?
960 2846 1034 2887 nam
1054 2820 1088 2887 tu
1109 2846 1173 2889 non
1196 2826 1270 2901 iate,

149 2910 202 2994 qui
216 2910 305 2972 malis
318 2921 349 2973 et
362 2911 472 2996 ineptis
489 2910 591 2998 poitis
607 2908 720 2973 debeas
742 2909 948 2972 annumerari:
970 2912 1067 2974 tribus
1078 2924 1193 2975 autem·
1204 2909 1270 2973 nou
1301 2902 1312 2981 ζ

118 3034 124 3049 ι
149 2996 267 3058 malurn
289 2994 414 3078 politam
434 2995 676 3083 χαρακτηρίζειτ
699 2996 797 3082 prima
815 3006 877 3074 est,
898 2994 983 3081 quod
997 2991 1086 3079 folle
1104 2990 1270 3060 anhelanti
1308 3014 1312 3025 ⁴

97 3148 104 3166 x
146 3086 292 3166 premat
306 3090 442 3159 uentos,
466 3079 625 3168 coquitur
644 3078 729 3143 dum
754 3099 873 3143 morsa
888 3078 1044 3145 caminos
1064 3082 1098 3144 id
1119 3094 1182 3162 eet,
1201 3076 1270 3168 apud

149 3166 318 3229 ambitione
337 3165 488 3246 tumidus,
517 3166 705 3237 sicutfolles
729 3176 879 3253 concepto
900 3178 995 3229 vento
1013 3180 1152 3247 tument,
1172 3170 1210 3231 ab
1230 3166 1270 3229 tt

148 3251 321 3337 impellatur
340 3250 592 3316 adscribendum
619 3253 742 3333 [metius
763 3262 839 3339 puto
863 3254 976 3315 referas
988 3252 1038 3315 ad
1056 3255 1196 3317 inanima
1214 3272 1270 3317 rer·
1308 3304 1312 3315 .

59 3360 63 3378 ·
148 3339 260 3400 borum
280 3336 393 3417 grande
412 3351 575 3401 sonantem
588 3338 764 3427 strepitum,
789 3358 882 3423 quem
907 3359 1039 3423 operose
1060 3339 1159 3403 edunt
1309 3318 1312 3407 i

148 3420 194 3485 illi
209 3420 337 3501 tumidi:
361 3423 444 3501 cujus
457 3425 520 3502 jam
536 3423 651 3509 quasis
674 3424 793 3486 ecimen
810 3435 1022 3509 praecesserat.
1066 3422 1157 3488 Bene
1172 3348 1271 3489 m

149 3504 200 3587 Tu
219 3527 318 3592 neque
335 3508 367 3570 in
386 3529 480 3597 opere
501 3446 687 3597 perficiendo
707 3520 826 3572 aestuas
848 3519 879 3571 et
898 3520 1046 3596 concepto
1068 3522 1167 3575 vento
1189 3522 1272 3573 annu

151 3590 253 3671 cett.]:
276 3613 437 3678 expressus
455 3596 540 3657 locus
552 3615 592 3656 ex
603 3594 748 3674 Horatio,
772 3592 812 3657 de
832 3615 894 3680 quo
914 3596 1001 3680 plura
1017 3594 1154 3663 diximus
1173 3597 1208 3659 in
1220 3593 1273 3657 dir·
1309 3624 1312 3681 p

148 3677 226 3741 triba
249 3676 288 3741 de
306 3678 476 3743 imitatione
488 3678 616 3765 Horatii.

239 3785 287 3845 u.
303 3785 354 3845 ta
372 3774 452 3849 Nec
466 3777 585 3844 clauso
598 3800 777 3845 murmure
792 3800 919 3845 raucus
929 3776 1061 3847 Nescio
1079 3778 1167 3869 quid
1177 3792 1275 3848 mcum
1310 3794 1312 3807 '

147 3885 259 3954 grave
278 3862 470 3931 cornicaris
483 3864 636 3953 inepte]-
651 3868 750 3933 Altera
771 3878 843 3930 nota
864 3866 976 3955 po'e‘tae
990 3870 1118 3950 insulsi,
1140 3866 1222 3958 quod
1237 3870 1274 3929 ia-

150 3970 236 4015 mam
250 3962 370 4036 captare
385 3955 465 4017 solet
477 3952 638 4035 singularis
652 3951 811 4034 cujusdam
829 3955 1032 4019 contentionis
1046 3968 1140 4042 atque
1161 3950 1275 4021 assidti

145 4036 219 4099 tatis
232 4035 265 4098 in
276 4034 402 4102 studiis:
423 4059 501 4123 quae
519 4039 637 4103 vanitas
658 4042 696 4102 ab
714 4037 827 4103 eodem
846 4039 955 4103 fomite
973 4043 1154 4107 ambitionis
1166 4054 1276 4131 pertet-

148 4143 203 4187 sae
216 4133 341 4211 manate
361 4122 421 4195 isto
437 4124 541 4186 animo
554 4125 606 4211 qui
619 4137 712 4204 erant,
733 4126 873 4188 solebant
885 4126 944 4197 soli
955 4125 989 4188 in
1001 4124 1129 4213 publico
1147 4122 1275 4213 conspici,

118 4270 123 4281 ,
149 4209 236 4272 vulm
250 4206 325 4271 tristi
347 4219 378 4271 et
389 4230 494 4272 secum
513 4209 627 4297 aliquid
646 4220 881 4273 murmurantes:
902 4211 980 4274 haec
997 4212 1083 4276 enim
1107 4214 1211 4277 omnia
1219 4232 1275 4275 me-

54 4332 57 4339 ·
149 4288 351 4357 ditabundum
361 4294 522 4358 hominem
542 4297 718 4397 exprimunt
729 4308 759 4359 et
773 4296 826 4382 qui
839 4296 872 4356 in
885 4296 964 4360 seria
987 4298 1177 4379 cogitatione
1190 4300 1275 4383 eliqua

148 4378 190 4443 sit
201 4376 347 4465 'defixus3
373 4401 437 4442 non
458 4378 612 4444 dissimilis
636 4382 804 4444 infelicium
825 4391 981 4446 oratorum
998 4384 1158 4451 namtas
1175 4383 1276 4449 ridetur

149 4464 189 4529 ab
202 4464 404 4552 Aristophane
422 4463 624 4552 inEquitibus
651 4466 727 4546 [346
745 4468 841 4553 sqq.]=
