2700 4972
79 320 159 395 ,m
458 268 864 395 commaneamus
938 342 964 371 -.

95 500 264 567 eteorum,
286 483 692 572 quotidianarium,
714 484 822 553 Graeci
835 481 997 566 inlitora
1009 502 1140 575 goemtr
1158 492 1222 559 heic

89 594 170 639 ,vero
190 575 217 639 is
238 571 429 654 intelligitur,
447 595 540 659 quem
558 576 762 660 philosophus
781 568 968 641 ἀκόλαστον
981 589 1087 643 vocat
1124 578 1224 645 Zonas

97 682 168 723 ustis
182 659 268 745 ‚apud
289 671 408 733 veteres
426 659 572 723 indicium
589 661 720 723 faciebat
736 660 919 725 emendatae
937 663 1020 727 ritae
1042 675 1075 726 et
1095 665 1225 748 sobriae,
1271 660 1273 715 I

97 746 220 831 [probro
246 756 350 809 autem
378 756 442 807 erat
464 742 672 809 discinctum
695 745 861 827 incedere,
886 768 919 812 v.
944 747 993 811 Pl.
1018 768 1038 811 e
1059 747 1126 815 Ilio
1146 748 1225 819 Gaea

96 830 214 907 LXIII,
238 837 287 910 13,
307 830 359 910 at]
390 829 464 895 ideo
479 831 717 912 chrysostomus
738 833 770 895 in
785 831 1040 897 Matthaeumde
1053 837 1168 901 saeculi
1185 836 1227 901 sui

95 917 224 981 mollitie
237 918 386 1001 queritur,
405 938 474 1002 quo
487 928 606 981 servata
619 919 724 1002 paucis
744 919 866 1002 antiqua
881 917 1048 1004 disciplina.

179 1006 234 1069 32·
254 999 324 1067 Sect
335 1011 448 1089 stupet
462 1000 520 1066 bic
537 999 619 1066 vilio
636 1011 671 1064 et
682 999 794 1088 fibris
817 1000 965 1067 increvit
986 1003 1145 1089 opimum
1154 1002 1229 1069 Pia·

91 1089 187 1177 gua]
221 1087 379 1157 iuvenem.
400 1089 599 1151 ferocientem
622 1090 662 1152 ob
686 1087 883 1174 splendorem
911 1092 1032 1170 generis
1058 1101 1092 1153 et
1118 1090 1229 1157 didos

27 1180 202 1250 (lltttnattae
220 1175 310 1235 alicui
329 1174 464 1237 similem
484 1173 560 1237 dixit
579 1185 703 1261 propter
723 1175 818 1237 animi
836 1175 927 1255 vitia,
948 1175 1114 1262 ¹superiore
1130 1197 1229 1257 versu:

44 1253 178 1323 ²49nunc
190 1262 298 1346 probat
309 1259 341 1323 iu
356 1260 483 1345 paritate
496 1260 642 1324 vitiorum
661 1281 724 1323 uon
743 1281 849 1346 parem
865 1281 932 1324 esse
951 1262 1111 1349 utriusque
1127 1262 1229 1327 condi·

17 1382 21 1387 ·
94 1348 231 1424 tionem,
250 1343 306 1409 sed
327 1347 420 1425 longe
437 1347 519 1422 hunc
540 1366 632 1430 quam
649 1346 737 1408 illum
758 1367 828 1409 esse
844 1346 1066 1428 infeliciorem
1087 1348 1229 1413 rationem

94 1433 200 1510 effert,
220 1431 292 1516 quia
304 1431 356 1492 ille
369 1429 494 1515 quidem
514 1452 640 1494 sensum
658 1433 776 1494 nullum
796 1432 889 1494 habet
906 1428 980 1497 'suae
1002 1433 1168 1513 miseriae,
1186 1435 1251 1519 Ην)

95 1539 170 1582 vero
187 1516 277 1580 sentit
290 1518 374 1579 malo
388 1519 459 1579 loco
482 1538 518 1579 so
538 1538 621 1596 asae,
643 1528 691 1596 et,
712 1518 765 1581 ubi
784 1515 909 1583 tandem
923 1517 1006 1583 vitiis
1025 1518 1150 1604 penitus
1167 1538 1230 1585 nt·

95 1602 240 1680 cubuerit,
262 1623 348 1665 serae
363 1602 569 1687 poenitentiae
587 1604 751 1667 cruciatum
771 1602 995 1666 intolerabilem
1016 1625 1085 1667 non
1104 1604 1150 1669 aff
1185 1604 1194 1621 '

94 1687 144 1751 Ex
161 1688 210 1751 his
223 1690 338 1751 clarum
349 1694 487 1749 trottnm
500 1707 593 1770 quem
607 1699 698 1749 vocat
708 1687 829 1751 Persius
844 1709 917 1751 eum
936 1698 1024 1768 esse,
1044 1710 1141 1775 quem
1153 1682 1228 1755 αό-

47 1848 50 1855 ,
96 1776 220 1838 λαστον
245 1773 312 1836 sive
337 1772 592 1858 intemperantem
623 1770 801 1856 philosophi
829 1771 948 1854 dicunt3
972 1772 1143 1859 juvenem
1166 1782 1228 1841 aare

94 1881 190 1946 quem
215 1860 261 1920 illi
281 1854 408 1942 ἆίιρατῆ
429 1869 459 1919 et
480 1857 738 1920 incontinenteme
768 1867 892 1942 uterque
914 1858 1026 1923 horum
1041 1850 1155 1927 'malus
1178 1872 1227 1943 eat,

69 2014 73 2018 ,
95 1945 151 2009 aed
171 1964 283 2025 magna
301 1945 379 2007 inter
398 1955 560 2028 utrumque
587 1940 772 2020 differentia,
794 1953 827 2003 ut
845 1943 1050 2030 philosophus
1068 1946 1104 2011 in
1115 1946 1229 2013 Ethic'n

94 2031 188 2095 docet
207 2042 238 2093 et
261 2030 331 2093 heic
349 2029 469 2093 Persius
494 2030 638 2113 explicat:
669 2030 763 2091 ambo
784 2029 945 2113 voluptatis
971 2031 1127 2117 mancipia
1156 2043 1230 2113 eunt,

95 2138 206 2181 verum
218 2116 278 2194 ita,
300 2125 332 2176 ut
347 2116 414 2178 aine
428 2116 489 2177 ullo
503 2113 678 2176 sufflamine
697 2124 764 2177 ruat
784 2112 825 2175 ad
845 2114 1024 2177 fruitionem
1043 2118 1230 2204 voluptabm

95 2203 318 2287 intemperans,
341 2222 410 2264 cum
424 2221 524 2285 neque
539 2199 649 2279 cogitet
670 2197 710 2261 de
728 2200 837 2263 virtute
859 2201 1021 2284 quicquam
1041 2223 1145 2288 neque
1163 2204 1245 2269 scii·

29 2300 32 2305 '
97 2291 179 2352 male
197 2309 287 2367 agere
307 2308 359 2366 sa,
387 2287 474 2372 quasi
494 2285 615 2371 penitus
636 2296 717 2347 esset
737 2285 769 2347 in
793 2306 832 2346 eo
863 2286 995 2348 extincta
1023 2288 1122 2370 ratio;
1167 2292 1248 2353 Μ’

95 2375 271 2438 Aristoteles
282 2374 364 2439 hunc
380 2379 508 2435 tratura
516 2391 670 2456 peccare
685 2369 756 2433 dicit
770 2371 802 2431 in
815 2367 855 2433 II.
866 2310 1232 2455 Nicornacheorumiel.

96 2464 129 2528 8.
143 2463 183 2523 7.·
194 2457 297 2538 alibi]3
318 2457 408 2521 Philo
423 2456 559 2523 Judaeus
582 2458 642 2540 ζῇν
660 2452 744 2520 κατὰ
757 2451 902 2538 γένεσιν,
925 2455 1008 2541 quod
1028 2459 1168 2543 pluribus¹
1184 2480 1234 2525 eb

71 2596 77 2617 ,
98 2544 190 2630 plicat
210 2544 243 2605 in
261 2543 340 2605 libro
359 2543 398 2606 de
420 2541 534 2607 herede
555 2564 657 2605 rerum
678 2538 864 2605 divinarum:
893 2543 967 2605 alter
988 2543 1040 2605 ille
1066 2556 1172 2609 contm
1189 2566 1234 2609 rev

97 2641 253 2716 pugnante
267 2629 347 2691 intus
366 2629 484 2693 ratione
526 2641 610 2691 eccat
631 2640 662 2693 et
680 2628 779 2691 aciens
799 2625 991 2713 prudensque
1009 2629 1163 2710 flagitium
1184 2628 1234 2693 ad·

97 2715 205 2794 mittit,
232 2734 326 2801 prava
354 2650 587 2792 consuetudine,
617 2725 650 2775 ut
671 2713 713 2777 ait
759 2713 955 2799 hilosophus,
984 2712 1025 2777 ad
1046 2713 1234 2800 peccandum

97 2802 231 2878 illectus,
253 2820 318 2864 non
336 2800 529 2883 ignoratione
549 2799 678 2865 virtutis.
727 2735 816 2863 lippo
838 2797 973 2885 Iudaeus
993 2800 1233 2867 incontinentem

99 2889 184 2951 velut
203 2887 237 2948 in
255 2885 360 2950 medio
382 2889 509 2951 collocat
530 2888 611 2965 ejus,
633 2905 726 2969 quem
745 2883 786 2945 ait
812 2885 849 2962 ζ’
892 2880 977 2964 πρὸς
996 2880 1099 2961 θεὸν,
1120 2888 1175 2973 qui
1192 2896 1235 2951 ert

98 2971 273 3035 Stoicorum
286 2974 417 3059 sapiens,
442 2984 574 3050 etcum,
597 2971 649 3056 qui
664 2972 700 3054 ζῇ
712 2964 831 3052 ποόςγ
847 2985 956 3046 esoce,
977 2981 1010 3033 ut
1032 2968 1131 3036 modo
1152 2972 1234 3037 dice·

48 3061 237 3130 250bamus=
257 3059 410 3124 triaenim
419 3060 496 3121 haec
511 3058 593 3122 vitae
607 3077 718 3137 genera
730 3055 773 3119 ibi
787 3058 825 3119 ab
837 3057 890 3118 illo
901 3069 1125 3142 proponuntur.
1168 3058 1234 3123 Uter

96 3145 187 3225 igitur
206 3146 317 3207 horum
341 3144 497 3209 deterior?
532 3143 653 3207 videtur
670 3141 790 3205 Persius
814 3142 1072 3226 intemperantem
1093 3164 1168 3231 praa
1187 3144 1233 3211 in·

98 3230 264 3293 continenti
283 3252 365 3315 pena
389 3228 593 3313 μακαρίζειν,
623 3250 693 3291 cum
716 3238 817 3289 tamen
841 3228 932 3292 variis
961 3229 1038 3291 locis
1059 3231 1233 3315 pronuntiet

97 3316 299 3402 philosophus
318 3319 457 3401 pejorem
478 3319 570 3396 longe
592 3336 660 3378 esse
678 3315 949 3398 intemperantem,
978 3315 1086 3399 utqui
1109 3327 1232 3381 nahrrae

96 3401 172 3466 vitio
187 3421 316 3486 peccans
332 3402 478 3483 sanari‘et
489 3401 626 3465 revocari
646 3399 684 3462 ad
704 3402 823 3478 frugem
844 3409 990 3482 nequeat:
1014 3396 1232 3483 φαυλότερος,

97 3486 209 3592 inquit,
237 3486 269 3546 in
294 3484 325 3548 II
349 3486 422 3564 [imo
448 3484 512 3565 III,
532 3488 552 3552 6
580 3499 611 3549 et
630 3486 751 3571 saepius
775 3485 922 3564 similiter]
945 3483 1232 3569 Nicomachemrm,

98 3567 314 3646 ὁακόλαστος
336 3573 399 3636 τοῦ
424 3565 608 3652 ἀκρατοῦς·
623 3562 853 3649 'dodecatheon
874 3565 939 3651 γὰρ
961 3565 1234 3654 vinosissimis

96 3653 130 3734 ἐξ
154 3654 257 3731 ἔθους
279 3653 484 3763 yevopr'verv:
513 3656 553 3720 de
577 3657 637 3719 hoc
660 3669 691 3719 et
716 3655 805 3719 Philo
829 3656 895 3718 aliis
915 3656 1017 3720 verbis
1045 3656 1120 3721 dicit
1150 3657 1235 3727 idem
1255 3668 1273 3721 .;

98 3743 219 3828 [p-dssl
236 3742 306 3848 D.]:
327 3766 366 3809 το
380 3737 607 3826 cataplasma
621 3738 813 3826 ζωῆςγὲνος
827 3733 905 3809 οὐδ’
928 3736 1012 3816 ὅλως
1034 3734 1140 3827 ἀνέβη
1157 3736 1234 3811 ortt’
1264 3796 1267 3801 .

95 3822 249 3910 ἐζήτησεν
269 3832 450 3914 evodiam,
484 3831 638 3912 φωλεῦον
664 3824 700 3892 δὲ
725 3830 841 3910 μυχοῖς
862 3821 1000 3902 ἀδύτοις
1024 3829 1073 3912 τῷ
1101 3823 1232 3915 ἀβιόῳ

97 3914 159 3998 βίῳ
180 3913 296 3997 χαίρει.
340 3915 402 3979 Sed
419 3918 480 3978 hoc
494 3916 589 3979 Persii
609 3914 787 3978 sentientiae
808 3913 885 3975 nihil
907 3915 1023 3991 obstat,
1045 3917 1100 3999 qui
1122 3917 1232 4003 etipse
1252 3928 1259 3945 '

96 4020 189 4067 auum
206 4012 336 4081 nattam,
358 4001 391 4065 id
413 4013 459 4065 est
475 4003 742 4088 intemperantem,
763 3999 835 4061 facit
853 3999 1055 4063 insanabilem
1073 4001 1231 4066 luculentia

97 4086 245 4163 versibus,
268 4088 319 4171 qui
334 4099 379 4151 est
392 4088 575 4150 infelicitatis
588 4108 726 4151 summus
746 4105 842 4169 apex:
860 4105 969 4149 verum
987 4106 1026 4147 ao
1049 4089 1155 4151 solum
1174 4108 1230 4151 no-

96 4173 196 4250 mine,
215 4172 297 4255 quod
310 4173 492 4237 inlehcitatis
507 4194 581 4236 suae
593 4195 718 4253 sensum
732 4171 789 4232 iste
808 4172 927 4233 nullum
947 4171 1056 4249 babet,
1078 4174 1146 4250 iuro
1160 4173 1230 4239 Pero

96 4258 159 4321 sius
172 4257 275 4320 rrritius
292 4281 362 4323 curn
375 4260 443 4346 ipso
458 4260 507 4340 agi
520 4259 694 4344 pronuntiat
706 4276 798 4343 quam
813 4277 883 4319 cum
895 4256 1121 4338 incontinente;
1140 4276 1230 4345 quem

97 4342 222 4406 assidua
243 4344 375 4428 primum
398 4366 469 4407 cum
486 4345 568 4409 vitiis
588 4364 690 4431 pugna
708 4343 802 4404 habet
821 4341 1004 4421 exercitmn,
1033 4341 1147 4408 deinde
1151 4354 1230 4497 p:

96 4427 424 4514 admissumdagitium
437 4431 527 4495 dolor
537 4452 577 4495 ex
590 4428 776 4517 poenitentia
790 4427 847 4492 urit
859 4426 1117 4513 incomparabilis.
