2700 4972
122 366 127 371 -
237 308 1022 441 [nearoroasaoaonr
1192 316 1278 395 ns

86 499 197 582 viginti
217 510 347 589 quatuor
364 505 512 567 horarum
533 504 800 588 complecteretur,
827 500 976 564 noluisset
990 512 1042 563 aut
1059 523 1124 566 non
1138 500 1229 565 intel-

84 590 212 652 lexisset
229 586 468 653 Carantonus.
512 589 550 652 lt
559 608 665 669 roges,
688 588 797 673 quibus
815 607 855 649 ex
863 588 966 653 rerba
982 584 1180 651 Cnsoubom'
1194 588 1229 651 id

85 674 260 777 expiscatum
271 670 324 739 'vel
334 672 539 741 subodoratus
553 676 617 740 sit?
645 673 719 760 quid
738 672 925 758 respondere
939 675 1052 759 possit,
1081 675 1141 737 nisi
1163 696 1228 737 non

84 761 485 849 monmorentius,
506 759 563 826 sed
575 770 614 823 nt
628 757 849 846 jocularibus
865 752 973 837 hisco,
1001 771 1034 822 ut
1047 762 1115 847 ipse
1127 762 1228 846 loqui·
1321 814 1324 819 .

84 858 148 927 tur,
177 843 338 908 animum
356 844 550 926 relaxaret,
579 864 638 928 ego
660 867 725 908 non
745 844 850 909 rideo.
892 843 1031 926 Ingenua
1055 857 1136 909 certe
1156 847 1228 927 faeti

83 948 151 995 non
161 930 255 996 valde
264 933 399 997 liberalis
409 934 563 997 confessio
578 936 678 995 fuerit.
719 930 759 994 At
779 942 890 1017 quanta
907 933 984 994 haee
1005 933 1228 1029 importunitas,

84 1028 132 1081 tot
144 1019 187 1083 ah
199 1019 288 1083 annis
308 1019 453 1083 defuncto
469 1021 560 1083 etiam
581 1030 725 1083 sionnam
739 1017 889 1103 corporis,
919 1016 994 1079 dunt
1016 1017 1228 1082 minutulum

84 1114 195 1183 vocat,
214 1108 426 1190 exprobrare?
468 1088 802 1185 Nonlegeratlttatius
825 1103 960 1166 historici
978 1104 1150 1189 gravissimi
1170 1106 1228 1167 ob-

84 1186 309 1270 servationem,
334 1186 482 1273 Ἡρωῖκή
503 1190 592 1274 ψυχή
614 1187 651 1255 ἐν
671 1190 779 1271 λεπτῷ
801 1184 946 1268 oduarii
973 1191 1082 1263 omitto
1099 1201 1227 1253 caetera.

47 1316 50 1321 -
85 1272 152 1339 Sed
163 1296 228 1338 non
246 1278 402 1340 metuebat
412 1278 514 1363 potius
527 1276 603 1339 illud
617 1275 747 1357 Satyrici
754 1273 803 1350 *),
829 1271 1027 1337 Graeculus
1048 1274 1249 1341 esuriene?·

83 1358 171 1425 Noti
184 1372 266 1423 certe
278 1363 330 1445 qui
344 1363 384 1425 de
397 1363 503 1425 Leone
516 1363 625 1425 Allatio
638 1361 681 1424 ita'
694 1372 865 1425 narrarent:
893 1362 1053 1443 hominem
1066 1385 1131 1425 non
1148 1360 1228 1425 adeo

83 1464 142 1532 per
156 1466 192 1509 se
206 1449 308 1509 ferum
324 1467 408 1527 esse,
439 1448 495 1512 sed
515 1449 560 1511 ibi
573 1448 693 1526 rivere,
718 1458 752 1509 ut
771 1456 822 1508 aut
839 1449 929 1527 gratis
950 1449 1011 1533 ipsi
1032 1447 1229 1512 scribendum
1306 1472 1309 1479 ·

70 1532 141 1607 eit,
161 1547 216 1595 aut
229 1532 343 1618 aliquid
353 1532 550 1617 -audendum3
582 1546 650 1595 tum
662 1554 738 1598 vero
756 1529 999 1596 casaubonum
1015 1554 1131 1597 nomen
1145 1532 1229 1596 illhie

85 1616 233 1683 odiosum
254 1640 337 1695 esse,
368 1620 538 1706 purpuratis
556 1621 692 1705 patribus
712 1618 870 1683 invisum!
905 1616 1045 1699 Quodsi
1062 1632 1124 1700 est,
1153 1632 1228 1705 opto

85 1704 95 1719 '
135 1706 143 1719 '
166 1705 330 1766 lautiorem
348 1708 504 1768 fortunam
523 1714 555 1769 et
572 1706 750 1790 aequiorem
771 1705 894 1768 interim
916 1705 1064 1770 animum.
1114 1705 1178 1769 Sed
1198 1717 1229 1768 et

84 1724 241 1876 fflllollonii
255 1794 350 1875 (quae
356 1789 400 1870 **)
420 1792 531 1854 alieubi
541 1793 574 1854 in
586 1792 636 1854 his
648 1790 883 1855 Commentariis
905 1794 1115 1877 exponuntur)
1133 1794 1228 1856 verba

86 1875 293 1941 commendo:
331 1872 449 1941 Heloro
477 1874 561 1961 φασὶ
595 1876 667 1941 δεῖν
692 1871 754 1940 τόν
784 1872 935 1957 ἔμπορον
965 1871 1078 1941 κάλων
1110 1876 1227 1941 θείειν·

84 1958 163 2044 dpol
183 1955 217 2025 θ’
239 1960 290 2045 εἴη
312 1959 374 2045 τήν
395 1957 495 2028 ἁλίαν
515 1968 649 2050 toeneio
669 1957 708 2027 ἐν
721 1957 864 2044 Θέμιδος
879 1961 971 2048 οἴκῳ.
1015 1962 1080 2027 Sed
1097 1962 1138 2026 ad
1153 1983 1241 2043 cons

85 2046 276 2111 ritiodllatii
291 2048 462 2114 redeamus.
497 2046 740 2113 Coaoubonum
751 2044 855 2113 ridens
867 2059 959 2114 vocat
970 2070 1090 2114 novum
1101 2044 1229 2133 ἑωσφό-

85 2150 168 2215 ρον,
189 2133 471 2223 vesperuginem,
493 2146 551 2200 etc.
593 2134 695 2198 Tuam
708 2133 819 2214 iidem,
841 2134 907 2199 Leo
922 2134 1036 2198 Allatir
1064 2134 1099 2199 si
1111 2146 1230 2199 tantam

84 2219 143 2283 tibi
159 2219 206 2281 tui
220 2220 366 2285 fiduciam
389 2225 527 2285 fecerunt
545 2223 679 2302 vulgaria
697 2222 750 2283 illa
770 2221 887 2302 elogia,
917 2242 1048 2306 quorum
1065 2242 1230 2284 numerum
1318 2274 1321 2279 .

86 2304 228 2368 officiosa
249 2308 342 2369 amici
358 2309 403 2370 tui
424 2308 577 2390 diligentia
599 2308 736 2389 collegit,
765 2318 800 2368 ut
814 2307 869 2369 tibi
881 2328 937 2398 per
950 2305 1113 2370 ridiculum
1128 2329 1230 2373 novus

86 2385 262 2475 ἑωσφόρος
283 2404 314 2455 et
334 2400 507 2480 iesperugo
529 2394 690 2473 diceretur,
720 2413 814 2478 quem
829 2396 893 2455 non'
911 2413 990 2455 unus
1009 2390 1095 2472 Rex,
1148 2396 1229 2458 lures

85 2477 261 2565 Principes,
287 2475 408 2559 Duces,
437 2479 628 2560 Gerdinales,
657 2491 689 2543 et
708 2490 856 2565 quantum
881 2479 914 2540 in
936 2490 1001 2541 tota
1022 2481 1088 2541 fero
1106 2416 1230 2566 Elrropa

86 2562 251 2627 doctorum
270 2564 450 2647 hominum,
476 2589 540 2629 non
556 2565 696 2629 tralatitio
708 2565 842 2628 nominis
864 2564 980 2644 elogio,
1007 2563 1064 2626 sed
1079 2565 1185 2629 litteris
1200 2577 1231 2628 et

85 2648 271 2713 testimoniis
306 2652 426 2731 rolixis,
448 2654 608 2731 accuratis,
631 2650 773 2713 admirari
789 2672 823 2714 se
837 2652 967 2736 professi
980 2661 1067 2715 sunt:
1087 2650 1160 2735 quid
1174 2651 1231 2714 tibi

85 2735 194 2821 orique
224 2734 232 2751 ⁸
268 2734 358 2801 ‘oue
370 2736 410 2800 de
425 2739 600 2823 posteritate
612 2749 702 2824 potes
716 2737 917 2823 promittere?
948 2735 1066 2799 Sedan
1079 2747 1113 2799 tu
1127 2736 1241 2822 potius,

85 2840 190 2885 novus
205 2820 314 2907 aliquis
325 2820 575 2925 Pyrgopolinices
591 2834 622 2887 et
642 2822 682 2886 de
698 2822 860 2886 comoedia
873 2820 1008 2900 Thraso,
1035 2822 1087 2906 qui
1098 2823 1231 2907 integras

85 2906 227 2987 legiones
241 2928 304 2969 uno
316 2918 371 2970 mo
386 2911 492 2997 spm'tu
507 2909 625 2973 difflare
636 2922 667 2973 te
680 2910 840 2974 somnias?
862 2907 988 2971 Interim
1001 2908 1115 2989 cogita,
1125 2912 1128 2916 ‘
1137 2930 1230 2994 quam

10 2989 14 3003 '
86 3013 224 3056 noanon
239 2994 411 3076 ambitiosi,
440 2998 492 3059 vel
507 3008 587 3059 certe
603 2996 702 3059 securi
714 2993 895 3082 posteritatis
911 2997 1058 3057 hactenus
1073 2996 1231 3075 fuerimus,

83 3078 157 3164 qui,
189 3098 261 3141 eom
279 3090 328 3143 tot
346 3074 579 3167 magnificorum
594 3093 713 3167 praeter
724 3080 807 3143 edita
825 3092 857 3142 et
869 3092 944 3142 nota
957 3080 1128 3161 elogiorum
1143 3080 1230 3167 copia
1296 3116 1301 3129 =

87 3166 142 3245 sit,
164 3166 311 3229 haetenus
324 3186 383 3230 nos
396 3171 435 3230 ab
453 3188 561 3229 eorum
573 3164 709 3230 edltione
724 3166 969 3229 continuerimus.

91 3257 97 3268 '
175 3246 267 3329 Quae
289 3273 353 3331 non
368 3272 407 3315 eo
424 3253 563 3314 dicuntur
584 3252 725 3331 anobis,
752 3252 839 3337 quasi
855 3251 923 3336 qui,
950 3249 1033 3335 quod
1050 3250 1117 3335 ipse
1138 3248 1178 3313 de
1197 3272 1232 3313 se
1305 3260 1307 3265 '

86 3357 155 3399 non
166 3338 264 3399 semel
277 3340 431 3423 professus
452 3348 499 3401 est
515 3349 616 3423 pater,
646 3336 809 3401 hominem
825 3358 899 3399 eum
918 3338 1014 3400 fuisse
1037 3338 1232 3417 ignoremus:

86 3422 121 3485 in
133 3434 199 3484 tam
209 3423 295 3487 vario
307 3424 460 3487 scribendi
474 3445 585 3505 genere
595 3424 756 3511 multiplex
768 3422 877 3487 erroris
892 3444 967 3485 ansa
978 3422 1031 3487 vel
1043 3423 1233 3486 cautissimis·

86 3506 180 3573 Aliud
194 3520 350 3595 praeterea
364 3511 504 3590 accessit,
526 3511 614 3574 solita
626 3509 673 3573 illi
684 3508 856 3589 festinatio,
878 3530 956 3593 quae
968 3509 1135 3571 multorum
1148 3530 1231 3570 erro-

86 3615 160 3657 rum
172 3604 272 3657 mater
289 3616 357 3659 esse
378 3599 466 3661 solet.
508 3596 592 3660 Acris
612 3596 660 3659 vir
679 3595 794 3676 ingenii
815 3607 846 3658 et
865 3593 1038 3657 indefessae
1056 3591 1231 3672 industriae,

89 3700 164 3743 enm
182 3681 277 3743 multa
298 3682 471 3761 moliretur,
500 3704 630 3767 quorum
657 3681 786 3744 minima
805 3702 875 3767 pars
895 3678 976 3743 edita
998 3689 1060 3765 eet,
1089 3679 1231 3765 quicquid

87 3768 219 3829 haberet
232 3786 305 3852 prae
315 3770 475 3847 manibus,
497 3768 529 3830 id
545 3769 587 3831 ita
602 3769 743 3845 curabat,
773 3778 808 3828 ut
824 3765 863 3828 ad
878 3766 936 3829 alia
951 3787 1072 3850 semper
1084 3787 1232 3851 propera-

87 3862 137 3916 ret
152 3863 184 3915 et
199 3864 271 3917 vota
286 3855 368 3917 votis
381 3865 592 3940 praeverteret.
642 3853 714 3916 Non
730 3854 897 3915 immemor
910 3853 962 3914 ille
982 3850 1108 3938 quidem
1121 3852 1232 3916 veteris

89 3936 219 4003 moniti:
252 3930 362 4002 Vitae
382 3960 520 4003 summo
543 3935 652 4003 brevis
674 3936 760 4023 Spes
783 3947 879 4001 vetat
904 3935 1066 4000 inchoare
1088 3935 1234 4024 longao.-

91 4022 277 4088 sedeaerat
290 4025 460 4089 studionrm
478 4025 574 4103 ratio,
604 4030 657 4104 ea,
687 4022 770 4109 quod
784 4027 847 4104 jam
861 4023 1010 4102 diximus,
1040 4024 1155 4105 ingenii
1174 4024 1233 4087 vis.

90 4108 205 4177 Nescio
217 4109 293 4197 quid
305 4103 357 4175 alii
371 4112 488 4177 sensuri
502 4112 579 4176 sint:
613 4133 671 4192 ego
691 4132 766 4174 sane
783 4111 943 4196 profiteor,
972 4120 1124 4195 utcunque
1146 4111 1233 4172 illurn

94 4238 307 4261 ....--.-.·.'-·-.....

162 4318 190 4387 ¹)
207 4317 283 4370 liert.
303 4316 448 4379 Nikasiai,
469 4332 494 4383 p·
513 4316 556 4369 30.
583 4314 638 4367 Sed
656 4311 774 4383 quisnam
795 4330 858 4381 ergo
876 4311 927 4365 iste
944 4312 998 4364 Leo
1015 4311 1147 4365 Allatiusi
1164 4312 1234 4364 Pan-

91 4388 151 4445 dam
167 4384 311 4441 brevibos=
345 4386 397 4439 Est
414 4383 520 4438 natione
537 4385 671 4450 Graecos,
690 4383 786 4438 Rornae
804 4382 902 4452 degens
919 4381 1039 4438 inultis
1057 4379 1149 4435 annisa
1163 4385 1213 4435 etc.

162 4473 205 4543 ⁸¹)
222 4472 253 4527 P·
269 4470 328 4529 441.
346 4470 421 4543 (294.
439 4476 520 4526 nostr.
541 4468 598 4539 ed.)
671 4506 674 4514 .
