2700 4972
114 400 158 462 20
482 392 892 462 COMMENTARIUS

116 560 337 645 conceduntur3
362 565 475 630 eadem
497 567 525 631 si
546 556 750 656 per'gratiam
776 566 828 630 rel
852 586 892 626 ex
915 560 1043 627 libidine
1065 558 1252 641 dividantur,

115 676 179 719 non
190 657 253 732 jam
265 653 465 729 ¹virttttissunt
478 654 670 731 testimonia,
692 650 749 716 sed
768 653 908 713 fortunae
927 648 1069 713 faventis.
1111 646 1206 710 Extat
1218 648 1252 709 in

116 760 187 802 eam
206 739 389 803 sententiam
415 736 537 818 elegans
558 738 691 803 Polliani
714 759 731 799 e
752 736 900 816 igramma
928 735 973 812 [in
992 731 1119 813 ,andros
1146 732 1186 795 T.
1209 730 1252 797 II.

104 846 146 910 ¹p.
163 826 235 889 489.
250 822 312 886 III.
331 821 385 887 Br.
408 820 431 887 l.
452 823 490 889 T.
511 823 575 904 III,
597 845 628 909 p.
644 827 714 888 146.
727 758 807 899 Iac,
829 843 858 884 ss
875 822 908 883 in
931 819 995 884 Pal.
1017 816 1070 883 IX
1088 817 1251 900 (damae),

118 909 204 988 128.]
229 907 357 989 dignum
381 907 467 993 quod
487 910 558 971 heic
588 909 687 972 obiter
714 919 924 993 exponamus?
947 907 1030 968 male
1052 905 1138 967 enim
1158 906 1250 984 vulgo

115 995 282 1080 accipiunt:

85 1084 89 1101 '
148 1088 153 1103 “
201 1079 245 1143 Et
265 1070 465 1241 μὲδὲςχαίςω,
479 1081 612 1162 Φλῶρε,
634 1075 794 1162 γενοίμην
815 1070 1015 1182 δᾶκτυλοςΙῆ
1036 1075 1148 1150 ποῦς·

356 1187 423 1229 των
435 1166 511 1229 -σῶν
532 1161 662 1230 τούτων
683 1166 751 1228 τῶν
772 1180 1063 1244 κατατεινομενων.

101 1291 103 1295 -
184 1249 319 1330 -Χαίρω
341 1247 383 1333 νὴ
405 1246 465 1316 cdv
491 1254 635 1334 κλῆρον,
667 1246 708 1316 ὃν
730 1242 934 1333 adsidamus
955 1245 992 1312 ἐν
1014 1242 1143 1323 ἄθλοις,

124 1336 127 1345 ’
263 1331 326 1412 Ὡς,
347 1335 574 1423 aesimeles
602 1339 663 1400 eod
685 1329 856 1418 στεφάνου
876 1330 1018 1416 μερίδος.
1073 1394 1080 1403 ,
1235 1410 1238 1415 ¹

66 1421 101 1481 15
115 1419 272 1508 Ineptulus
290 1422 384 1508 poe'ta
396 1422 503 1485 Florus
523 1424 557 1484 iu
576 1444 674 1502 agone
687 1422 808 1495 Illusico
823 1442 888 1483 non
910 1441 967 1483 suo
983 1417 1111 1496 merita,
1133 1414 1252 1479 sedin-

116 1509 188 1593 opia
200 1510 251 1573 vel
265 1508 415 1593 imperitia
430 1509 638 1589 antagonistae
654 1510 719 1572 vel·
728 1508 821 1570 etiam
840 1524 984 1591 perverso
1006 1525 1114 1573 eorum
1126 1501 1250 1583 judicio,

114 1615 246 1679 quorum
264 1616 301 1655 ea
320 1597 419 1672 fuerat
433 1595 584 1672 cognitio,
608 1614 754 1656 coronam
775 1590 918 1677 adeptus,
939 1590 1122 1653 honoreillo
1142 1607 1251 1673 super-

114 1682 173 1743 bus
194 1679 336 1741 familiari
355 1678 561 1747 squ'ollieno
584 1681 796 1757 succensebat,
820 1677 903 1762 quod
920 1677 980 1739 sibi
1002 1698 1067 1737 non
1087 1676 1251 1757 gratulare-

114 1775 178 1843 tur,
207 1760 337 1849 eamque
360 1765 561 1827 cessationem
586 1764 722 1830 invidiae
750 1760 954 1840 adscribebat,
984 1761 1071 1846 quasi
1092 1770 1176 1823 esset
1195 1779 1251 1823 sua

115 1870 230 1913 corona
253 1842 621 1932 ἀλγηδών-ὀφθαλμῶν
644 1849 799 1913 Polliauo:
830 1849 881 1933 qui
908 1845 1098 1933 respondens
1126 1846 1171 1907 illi
1189 1845 1251 1906 hoc

113 1937 298 2014 tetrasticho,
320 1933 401 2021 Ego
414 1958 505 2014 vera,
528 1937 579 2013 ait,
600 1934 748 2007 oFlore„
769 1933 839 1998 uisi
852 1931 1008 2020 gaudeo,
1025 1927 1117 2018 fiam
1133 1950 1251 1994 eoram

46 2040 48 2045 ·
108 2020 242 2106 pedam
263 2043 367 2094 aereas,
397 2043 477 2106 qaas
502 2031 540 2084 ta
563 2021 601 2084 ia
623 2020 690 2085 tais
714 2018 845 2084 essartis
863 2029 998 2105 torques
1018 2018 1164 2081 misere:
1189 2016 1251 2077 hoc

44 2168 55 2183 ,
115 2117 177 2174 est.
202 2109 284 2169 male
326 2127 439 2168 ercam.
500 2104 662 2180 Gaadeo,
691 2105 850 2194 iaqaam:
880 2102 980 2189 idque
1000 2102 1052 2166 ita
1080 2123 1151 2166 esse
1167 2098 1252 2188 jaro

45 2194 48 2201 ’
115 2189 179 2255 titt
202 2214 267 2289 per
286 2128 480 2256 liora-nam
504 2201 535 2256 et
558 2201 700 2266 sortem,
735 2214 804 2278 quoa
819 2186 967 2276 favente
993 2186 1056 2252 tibi
1085 2208 1251 2251 coronam

108 2272 287 2363 potatam
310 2275 360 2339 ita
380 2287 501 2340 nactas
526 2300 582 2355 es,¹
606 2289 643 2342 at
671 2277 710 2353 ia
735 2274 904 2340 divisione
922 2273 1142 2351 hereditatis,
1166 2294 1251 2421 (iim

110 2372 296 2448 pareatum
315 2371 425 2426 morte
440 2359 628 2448 obtigisset,
651 2373 791 2448 partem
806 2361 969 2447 opimam.
1012 2361 1082 2423 Hoc
1097 2362 1163 2424 wit
1200 2359 1251 2420 ol-

112 2447 224 2510 lianus:
247 2446 380 2528 gaudere
402 2452 437 2510 s'e
459 2460 491 2510 et
504 2449 595 2511 Floro
617 2449 773 2530 gratulari,
803 2470 868 2510 nou
884 2445 1009 2532 quidem
1025 2457 1057 2507 ut
1077 2443 1251 2531 praemium

111 2533 228 2613 ingenii
247 2555 290 2595 -ac
310 2532 465 2601 doctrinae
481 2533 611 2619 adepto,
638 2534 750 2598 sedat
770 2532 923 2596 Fortunae
949 2553 1062 2594 munus
1083 2541 1250 2595 consecuto

112 2640 175 2680 non
191 2618 423 2704 poenitendum.
465 2618 582 2684 Similis
593 2622 761 2683 sententiae
786 2632 831 2683 est
848 2617 930 2683 istud
944 2617 1081 2680 Senecae
1099 2618 1132 2679 iu
1144 2617 1250 2679 libello

113 2702 239 2782 „Quare
253 2705 344 2768 bonis
359 2705 433 2768 viris
448 2708 530 2769 mala
543 2705 682 2769 accidant
691 2705 808 2787 [c.4]·‘=
831 2702 1052 2769 Descendisti
1066 2701 1116 2765 ad
1129 2701 1250 2782 Olym-

103 2788 278 2874 'pias-‘sed
297 2812 397 2854 aemo
411 2803 556 2876 praeter
570 2800 622 2856 te:
643 2813 808 2867 coronam
830 2788 950 2864 habes,
979 2788 1163 2853 victoriam
1179 2809 1250 2851 noa

112 2872 228 2939 debes.
287 2871 366 2939 Noa
380 2949 383 2954 ¹
394 2876 556 2962 gratulor
582 2888 643 2941 tan
668 2900 751 2940 uam
771 2876 849 2941 viro
864 2871 971 2962 sorti,
997 2873 1059 2938 sed
1079 2880 1250 2960 tanquam

113 2958 326 3024 consulatum
333 2972 586 3047 praeturamve
605 2901 740 3050 adipto.
785 2960 910 3045 Xaoela
929 2958 1023 3043 μερὶς
1040 2957 1251 3023 Polliano'di-

73 3091 76 3096 -
113 3046 189 3108 citur
200 3068 271 3148 pars
283 3068 361 3133 quse
375 3048 481 3111 sortito
498 3050 602 3114 evenit
615 3072 632 3112 e
647 3061 808 3135 pareutum
820 3046 1005 3128 hereditate3
1019 3068 1085 3108 non
1098 3056 1144 3109 est
1156 3044 1248 3125 enim,

112 3144 146 3194 ut
165 3131 291 3217 quadam
319 3145 478 3219 putarunt,
505 3138 729 3200 substantivum
757 3133 886 3219 χηρεία,
914 3131 971 3198 sed
999 3144 1045 3197 est
1066 3152 1085 3194 a
1108 3134 1249 3216 χηρεῖος,

110 3216 195 3280 unde
218 3217 300 3302 apud
327 3219 453 3304 politam
473 3242 539 3285 vox
556 3216 713 3305 χηρήϊοςε
742 3222 865 3308 proprie
885 3222 987 3303 χῆρος
1011 3217 1051 3280 de
1070 3216 1167 3281 viduo
1196 3227 1250 3280 aut

111 3300 222 3380 vidua,
250 3301 308 3366 sed
331 3316 362 3365 et
385 3304 425 3367 de
445 3309 527 3370 orbis
548 3308 672 3387 dicitur,
697 3318 734 3368 ut
754 3319 785 3370 et
802 3307 977 3388 Hesychius
999 3304 1041 3390 [p.
1060 3302 1154 3369 1552.
1166 3301 1248 3382 Alb]

111 3385 246 3450 adnotat.
285 3387 388 3465 [„Hac
412 3391 670 3476 interpretatione·
686 3392 820 3456 admissa
843 3391 1010 3472 tautologia
1035 3390 1135 3452 existit
1156 3388 1249 3475 plane

110 3472 324 3536 intolerabilis:
345 3473 404 3537 Per
417 3489 533 3538 sortem
552 3479 652 3557 illam,
674 3500 752 3564 quae
770 3479 827 3542 tihi
843 3480 877 3541 in
900 3476 1115 3540 certaminibus
1130 3474 1248 3559 obtigit,

112 3557 232 3636 gaudeo
252 3580 381 3637 corona,
412 3583 489 3645 quae
509 3563 565 3625 tibi
584 3565 691 3627 sortito
718 3565 855 3645 obtigit.“
882 3561 1013 3629 Jacobs·
1032 3558 1195 3629 animadv.
1214 3581 1253 3646 p·-

111 3646 185 3706 270.
227 3642 317 3742 llunc
335 3646 443 3725 legitm
457 3670 475 3710 e
491 3646 567 3712 Cod.
582 3649 679 3725 Vats
690 3647 766 3730 acal
783 3649 927 3733 χοιρείης
942 3685 977 3695 -
995 3645 1140 3732 μερίδος,
1163 3644 1253 3731 quod'

110 3725 219 3827 FJ⁰P¹¹⁵
237 3728 405 3809 „POllith
428 3735 480 3818 qui
496 3735 719 3799 invitamsnos'r
732 3734 890 3817 adfuerit,
901 3740 1034 3800 frustum
1054 3734 1161 3797 suillae
1180 3753 1248 3794 car-

110 3834 159 3913 me
176 3814 323 3878 miserit.“
346 3813 513 3902 Brunca]
560 3819 640 3885 sum
664 3844 682 3885 e
707 3824 871 3886 certamine
891 3844 947 3907 par
968 3817 1248 3887 virtutistestimo-

109 3919 197 3999 mum
212 3903 385 3964 referebant
404 3908 497 3968 ambo
519 3904 740 3988 antagonistae,
762 3921 833 3972 tunc
854 3909 985 3973 victores
1001 3908 1095 3969 ambo
1112 3905 1180 3968 sine
1198 3906 1247 3967 vi-

111 3995 206 4049 etone
219 3998 270 4086 aut
283 3988 403 4073 potius,
422 4003 462 4052 ut·
468 3991 649 4057 Theocritus
669 4008 700 4057 et
712 3995 859 4077 Polybius
871 4016 924 4057 eos
939 3993 1067 4072 vocant,
1089 3984 1249 4073 ἀήττητοι

60 4078 95 4135 16
110 4091 283 4155 preermum
302 4072 362 4136 deo
379 4082 622 4159 monsecrabant,
654 4084 737 4159 cujus
756 4080 790 4143 id
812 4084 927 4145 festum
952 4091 1032 4157 erat,
1045 4119 1048 4124 -
1062 4076 1140 4141 sicut
1160 4072 1246 4138 te'stis

111 4167 157 4218 est
176 4157 212 4219 A.
233 4155 349 4256 Gellius
371 4161 424 4225 titt
445 4162 568 4229 XVIII.
589 4186 655 4251 cap.
683 4172 740 4247 113
768 4166 852 4251 quod
871 4166 944 4229 alibi
966 4164 1033 4250 [Ep.
1051 4164 1104 4242 83]
1126 4160 1246 4224 Seneca

108 4254 201 4305 vocat
227 4241 363 4308 laceram
389 4242 523 4330 faceres
554 4249 724 4331 interdmn,
756 4253 810 4315 ubi
834 4250 1119 4335 mercantem-erat
1143 4240 1245 4331 dyeia,

107 4329 281 4428 praemium
297 4332 552 4420 aequis-partibus
570 4337 689 4422 utrique
711 4336 855 4419 cedebam
872 4339 930 4403 ubi
948 4350 1012 4403 erat
1028 4355 1143 4399 corona
1155 4355 1245 4420 prae-

106 4433 223 4515 mrum,
243 4414 387 4481 videntia
404 4423 555 4486 relsmt'e
577 4423 664 4485 litem
683 4420 842 4489 ducmbse
851 4427 904 4491 vel
920 4417 1181 4501 arbitriojudicisz
1211 4429 1245 4483 ut

106 4518 172 4559 non
188 4521 255 4563 sme
275 4523 380 4568 caussa
392 4507 702 4593 hancqnaestionem
720 4510 797 4576 olim
816 4504 1192 4594 assaverit-chrysippus
1209 4505 1243 4568 in

547 4652 601 4664 *n
