2700 4972
281 336 356 415 ,an
383 336 555 408 :nasu
581 322 894 410 statuimur.
1044 408 1048 413 .
1100 349 1165 415 :rr

67 503 91 582 ῖς
114 508 336 590 φιλαργυρία,
356 506 420 595 κᾷν
439 509 474 575 ἐν
491 508 643 596 πλούτῳ,
665 506 732 598 natu
754 512 852 594 πενίᾳ
875 514 977 596 φανῇ.
1020 512 1058 577 At
1074 516 1177 601 phito-

67 594 161 677 aphus
177 594 209 654 in
225 596 325 680 primo
338 596 536 660 Politicorum
553 598 590 674 [c.
603 601 634 677 5]
655 610 754 660 totam
771 600 852 661 hauc
872 599 1084 684 quaestionem
1102 605 1176 665 sub-

67 679 192 758 lissime,
214 691 247 741 ut
260 683 381 760 omnia,
406 694 437 745 et
447 684 670 769 sapientissime
684 683 798 747 definit.
842 683 992 755 Solonem
1011 688 1175 771 reprehen-

67 764 102 844 it,
126 768 209 844 cujus
222 778 305 828 extat
321 769 497 833 notissimus
510 791 634 833 versus:

129 878 287 949 Πλούτου
300 878 333 950 δ’
349 880 448 952 οὐδὲν
463 880 567 971 τέρμα
581 880 795 970 πεφασμένον
814 878 958 971 ἀνδράσι
975 856 1087 953 κεῖται.

67 998 114 1065 'on
135 1005 220 1067 enim
236 1006 299 1069 fine
318 1028 420 1070 carere
441 1005 579 1072 divitias:
600 1006 658 1071 sed
677 1008 721 1069 itu
741 1005 989 1085 distinguendum
1010 1029 1095 1072 esse:
1116 1010 1175 1091 τῆς

67 1091 212 1172 τητικῆς»
234 1092 296 1154 hoc
318 1102 365 1155 est
385 1094 456 1156 artis
480 1095 575 1169 illius,
601 1114 680 1179 quae
701 1115 767 1155 rem
789 1091 972 1155 familiarem
990 1095 1174 1179 amplificare
1290 1114 1292 1118 ·

67 1185 148 1253 acet,
169 1175 246 1240 duas
261 1198 328 1239 esse
342 1180 480 1265 species:
500 1182 626 1241 alteram
639 1176 809 1241 secundum
822 1188 979 1256 naturam,
1003 1201 1095 1264 quam
1115 1201 1174 1245 vo-

67 1270 90 1321 tt
103 1258 318 1344 οἰκονομικήν
328 1275 360 1325 et
371 1265 413 1325 ait
431 1286 499 1327 esse
513 1277 610 1327 artem
630 1261 825 1348 comparandi
839 1263 1007 1325 necessaria
1025 1263 1064 1325 ad
1077 1266 1173 1329 vitam

67 1355 255 1411 strumenta:
277 1359 368 1433 atque
377 1351 457 1411 hanc
471 1362 587 1411 certum
602 1352 696 1412 smem
708 1352 821 1411 habere
837 1370 874 1409 eo
890 1361 1069 1429 argumento
1085 1351 1173 1413 evin-⁸

67 1441 97 1509 t,
116 1432 189 1516 quia
201 1434 284 1495 nulia
298 1445 345 1496 est
357 1455 419 1513 ars,
441 1438 526 1514 cujus
545 1436 662 1497 infinito
679 1436 740 1497 sint
759 1436 973 1497 instrumenta:
995 1455 1067 1515 ergo
1080 1437 1173 1498 etiam

67 1517 194 1595 gitimae
213 1516 366 1601 κτητικῆς
383 1521 478 1582 finem
496 1542 564 1584 esse
587 1514 788 1599 αὐτάρκειαν
807 1514 892 1600 πρὸς
910 1513 1043 1604 ἀγαθὴν
1065 1517 1173 1603 §urive
1251 1518 1255 1543 ¹

67 1601 125 1663 rod
143 1604 185 1665 ita
201 1600 426 1684 οτωῑκώτερον
442 1604 561 1669 Seneca
578 1606 706 1691 epistola
719 1604 767 1668 11:
793 1602 881 1685 Quia
901 1603 948 1666 ait
968 1600 1173 1669 divitiorum

67 1684 180 1765 rodus,
200 1689 367 1773 quoeris?
400 1690 545 1760 Primus
560 1687 688 1755 hodera
705 1687 797 1776 quod
808 1702 945 1752 necesse
959 1698 1027 1753 eat:
1044 1690 1172 1778 proxi-

67 1793 136 1850 τοο,
158 1772 320 1859 quadrat
338 1783 401 1838 eat.
443 1777 614 1860 Attenuatis
629 1779 781 1859 κτητικῆς
802 1776 919 1860 species
938 1774 1046 1838 dicitur
1057 1777 1172 1840 Aristo-

67 1854 397 1944 Ιῑὴχρηματιστικὴ,
417 1884 482 1927 non
503 1885 522 1925 a
541 1875 647 1927 namra
665 1862 780 1925 ducens
800 1862 966 1941 originem,
987 1860 1044 1925 sed
1057 1866 1095 1924 ab
1111 1865 1172 1924 ho·
1237 1902 1239 1907 ·

67 1944 160 2007 ioum
174 1945 352 2031 cupiditate:
373 1948 452 2010 hanc
469 1948 511 2011 ait
527 1949 579 2011 ille
601 1943 692 2024 τέλος
729 1946 835 2009 uidem
850 1948 965 2010 habere
979 1947 1047 2010 sive
1066 1949 1172 2027 finem,

79 2030 247 2093 terminum
264 2033 333 2097 sive
345 2027 449 2113 πέρας
465 2056 530 2095 non
549 2035 677 2099 habere:
699 2052 837 2111 αττειρος
859 2027 939 2113 γάρ,
960 2033 992 2093 in
1014 2032 1058 2092 uit
1072 2032 1112 2113 [c.
1126 2032 1170 2113 6],

67 2102 138 2193 ivor
159 2109 340 2193 ὁττλοῦτος
363 2111 430 2185 ἀπὸ
451 2113 574 2203 ταύτης
594 2121 654 2203 τῆς
671 2119 941 2207 χρηματιστικῆς.Ι
979 2116 990 2195 [
1030 2118 1169 2182 itticultas
1258 2134 1262 2155 ¹

67 2223 87 2262 c
99 2212 148 2265 eat
163 2202 196 2263 in
208 2223 417 2287 personarum,
429 2203 646 2290 descriptione:
668 2225 742 2266 nam
759 2203 863 2266 Persio
882 2202 973 2265 tribui
994 2224 1060 2289 uon
1079 2224 1171 2288 posse

67 2289 147 2351 uba:
176 2284 368 2377 Depunge,
398 2287 458 2352 uti
475 2312 522 2369 a.‚
545 2302 578 2352 ut
595 2293 711 2352 factum
733 2310 753 2351 a
777 2287 845 2351 Cas.
869 2298 899 2349 et
911 2286 1050 2365 Plumto',
1072 2288 1171 2373 expli-

67 2373 119 2435 urti
130 2370 252 2436 sistere
261 2370 414 2459 faciam,
434 2376 468 2438 in
482 2376 584 2462 aprico
603 2376 739 2460 positum
754 2385 807 2436 est
851 2372 948 2447 Pasa,
968 2371 1062 2436 Orell.
1080 2385 1170 2459 atque
1260 2363 1281 2379 ⁸

67 2502 75 2521 .
102 2459 288 2524 recentiores
315 2482 408 2524 avaro
433 2462 512 2524 haec
541 2463 735 2539 continuant3
764 2469 816 2538 „et
839 2459 900 2519 hoc
926 2458 1044 2543 ipsum,
1073 2459 1171 2544 inquit

67 2543 155 2622 Van,
174 2544 258 2628 quod
280 2567 389 2610 avaros
411 2558 499 2626 rogat
518 2545 673 2625 Persium,
696 2556 731 2607 ut
746 2542 862 2607 indicet
879 2543 939 2607 sibi
961 2555 1077 2605 certum
1095 2565 1170 2607 suae

67 2627 207 2714 qaiditatis
218 2630 331 2710 finem,
353 2654 415 2717 quo
427 2630 558 2717 quodvis
570 2631 652 2694 aliud
663 2632 781 2694 facilius
800 2639 903 2715 potest
917 2629 1074 2707 constitui,
1095 2631 1169 2693 satis

67 2712 174 2800 pidum
188 2717 267 2779 est.“
307 2714 346 2780 In
369 2739 403 2781 se
423 2718 596 2780 enimcum
616 2715 746 2780 modom
762 2712 953 2801 quaerendae
970 2715 1014 2777 rei
1034 2736 1098 2777 non
1120 2716 1169 2777 in-

67 2800 156 2879 eidat,
192 2801 341 2867 aPersio
372 2805 526 2891 postulat,
561 2803 613 2888 qui
639 2802 741 2867 verbis
773 2798 862 2862 Rem
895 2794 1039 2883 duplica
1065 2812 1171 2863 auctor
1209 2840 1212 2851 ·

67 2886 95 2949 si
111 2886 263 2950 exstiterat
276 2888 344 2953 sive
357 2888 496 2951 animum
520 2899 600 2950 certe
613 2888 643 2950 ei
663 2897 804 2950 auxerat:
826 2896 858 2947 at
876 2897 969 2970 poeta
984 2883 1169 2970 respondet:

67 2982 196 3033 mutum
209 2994 248 3035 ex
258 2975 494 3055 interrogatione
506 2985 558 3036 tua
572 2974 700 3054 colligo,
718 2972 862 3036 iuventus
879 2980 926 3033 est
946 2969 1049 3031 finitor
1068 2969 1169 3052 Chry-

67 3057 133 3142 apei
147 3059 262 3140 acervi:
283 3070 318 3121 tu
329 3060 371 3121 ita
384 3081 436 3121 me
451 3081 551 3139 rogas,
571 3070 716 3144 tanquam
731 3056 874 3121 avaritiae
891 3056 960 3117 finis
1003 3056 1078 3117 assit
1093 3076 1169 3117 con-

67 3142 134 3203 dui:
161 3142 288 3227 quoda
325 3166 366 3209 ue
385 3138 555 3210 ἀδύνατον
575 3165 611 3207 ac
631 3146 745 3207 soriten
764 3144 932 3222 absolvere.
977 3076 1042 3203 duo
1063 3150 1167 3203 autem

67 3248 122 3291 ore
135 3226 275 3313 δρομοτι
324 3231 561 3311 raoovPersius:
575 3229 695 3309 Audin,
718 3224 915 3311 Chrysippea
927 3223 1087 3289 inventur
1096 3237 1166 3290 cett.

67 3315 200 3388 alocmn
211 3314 353 3402 expedio,
374 3315 458 3403 quod
470 3317 530 3379 alia
542 3317 660 3380 ratione
674 3314 791 3377 coneris
802 3312 937 3393 frustra]

119 3468 171 3534 80.
191 3464 367 3543 Inventus,
389 3466 590 3557 Chrysippo,
616 3467 669 3532 tui
677 3462 801 3551 finitor
813 3462 957 3553 acervi]
977 3464 1049 3529 Jam
1061 3462 1168 3529 docui-

67 3573 112 3632 us,
125 3555 283 3638 quomodo
297 3558 374 3621 haec
386 3557 447 3621 sint
458 3554 651 3641 accipienda:
672 3576 745 3617 nam
760 3554 826 3617 falli
841 3552 933 3614 etiam
945 3549 1166 3616 eruditissimos

67 3659 132 3718 ros,
165 3640 217 3726 qui
236 3644 319 3705 hunc
337 3646 449 3706 locum·
461 3653 532 3705 ante
549 3662 608 3705 nos
624 3641 798 3721 attigerunt,
829 3658 922 3699 nemo
945 3636 1057 3723 poterit
1076 3633 1166 3699 dubi-

67 3746 105 3802 te,
127 3726 180 3811 qui
193 3738 330 3791 nostram
344 3750 414 3791 cum
430 3728 554 3790 illorum
567 3725 808 3813 expositionibus
828 3723 993 3786 contuderit.
1038 3719 1158 3787 Omnes
1166 3732 1218 3789 519

76 3830 117 3871 eo
132 3826 308 3897 peccarunt,
331 3812 414 3901 quod
426 3814 529 3899 specie
547 3812 702 3899 proverbii
721 3813 782 3873 hoc
806 3807 866 3870 dici
887 3829 952 3869 non
972 3805 1166 3871 animadver-

67 3907 149 3961 ,ποτε
171 3897 253 3982 atqui
264 3900 306 3962 ita
321 3900 447 3963 omnino
463 3897 701 3985 exponendum,
722 3897 749 3959 si
764 3893 860 3958 Persii
871 3905 1008 3957 mentem
1026 3914 1166 3956 curamus

67 3982 177 4065 sequi..
203 3982 378 4066 Rogaverat
395 4005 539 4065 avarum,
567 3983 714 4047 indicaret
734 3980 793 4045 sibi
817 3992 931 4042 certum
953 4000 1026 4042 suae
1048 3977 1165 4064 cupidi-

67 4065 99 4129 is
117 4068 227 4132 finem:
259 4071 317 4135 sed
336 4074 453 4135 nullam
472 4080 591 4157 poterat
609 4070 705 4133 smem
725 4088 834 4132 avams
859 4063 1033 4128 ostendere:
1065 4065 1165 4126 nullus

67 4150 115 4215 im
133 4156 278 4219 avaritiae
296 4158 459 4237 terminus,
480 4168 516 4219 ut
535 4168 627 4219 antea
646 4152 862 4243 probavimus:
884 4171 977 4237 quare
999 4151 1090 4213 etiarn
1108 4148 1166 4212 Ju-

67 4240 163 4319 nalis,
184 4254 348 4342 quostquam
367 4242 445 4305 dixit
460 4265 528 4305 non
539 4263 632 4329 posse
647 4240 734 4307 avari
751 4238 902 4321 grermom
921 4234 1052 4323 expleri,
1074 4256 1114 4298 ne
1132 4234 1234 4326 si(202)

67 4322 157 4389 idem
168 4327 217 4391 brs
229 4338 314 4394 terve
327 4329 486 4393 autetiam
500 4328 621 4415 saepius
634 4326 766 4414 equestri
781 4344 874 4388 censu
885 4321 973 4385 illum
992 4319 1164 4401 donaveris,

67 4408 266 4479 ichert'imam
283 4414 369 4479 iliam
379 4436 468 4481 suam
477 4412 611 4480 satiram
621 4414 664 4478 ita
679 4408 849 4476 concludit:
