2700 4972
192 1190 564 1334 nonturssnuo·
596 1176 1138 1375 ruuusuurssrnooun
1189 1282 1193 1291 ·

401 1490 406 1499 ,
581 1428 759 1533 Vlllq·
878 1426 883 1463 1
1057 1505 1061 1515 .
1206 1470 1210 1483 .
1259 1518 1264 1535 x

29 1526 1225 1725 -n..nhcu1uu1‘it,annnu·0,

217 1784 371 1872 suurn,
400 1791 709 1875 annurssrnroun
731 1772 892 1853 onnrnrs
912 1734 1108 1873 t’ruucuu,x

291 1963 508 2040 rsnuous
543 1946 883 2082 onsnuaonus
910 1962 949 2037 s,
974 1964 1019 2039 n.

557 2247 768 2260 ...-—....--

81 2452 246 2579 Niciam,
264 2498 412 2586 pictorem
426 2494 582 2583 quondam
595 2496 900 2576 excellentissimum,
929 2496 1030 2560 (licere
1044 2497 1168 2560 solitum
1180 2498 1227 2562 le-

83 2608 206 2688 gimus,
227 2603 353 2665 Praeses
369 2602 570 2687 amplissime,
601 2602 671 2666 artis
687 2598 834 2688 pingendi
851 2623 916 2663 non
931 2602 1092 2664 minimam
1109 2612 1227 2688 partem

82 2696 127 2773 in¹
136 2730 177 2771 eo
194 2726 260 2769 esse
274 2705 424 2791 positam,
444 2716 478 2766 ut
491 2718 704 2787 argumentum
722 2689 847 2786 eligatur
857 2705 943 2790 pingi
955 2703 1083 2788 dignum
1100 2716 1130 2768 et
1144 2703 1228 2791 quod

82 2809 291 2899 spectantium
318 2811 425 2872 oculos
445 2807 594 2871 idoneum
616 2809 655 2871 sit
674 2820 789 2897 tenere.
843 2808 942 2888 Hujus
965 2830 1023 2889 ego
1040 2811 1230 2895 exemplum,

33 2910 36 2915 ’
83 2924 203 3001 quanto
226 2911 328 2974 minus
347 2912 470 2992 ingenio
491 2910 751 2991 fidebam,.tanto
769 2910 941 2992 diligentius
956 2910 1139 3005 imitandum
1151 2910 1230 2973 mihi

84 3038 156 3081 esse
177 3014 268 3090 duxi,
298 3036 368 3075 cum
386 3012 425 3077 de
448 3012 654 3077 elucubrando
672 3012 785 3100 aliquid
803 3014 893 3100 coepi
913 3014 1061 3096 cogitare,
1091 3013 1176 3101 quod
1196 3013 1230 3075 in
1301 3092 1305 3103 '

83 3106 218 3189 sacraiio
230 3114 390 3179 Musarum
408 3127 463 3182 tuo
483 3139 539 3180 ceu
552 3119 689 3180 tabulam
704 3112 919 3200 χαριστήριον
931 3115 1154 3203 appenderem,
1185 3127 1231 3179 tot

82 3232 303 3305 tantorumque
317 3216 552 3298 beneficiorum,
589 3221 698 3305 quibus
722 3242 775 3283 me
796 3219 852 3280 tibi
869 3219 969 3283 fecisti
989 3217 1107 3283 dudum
1129 3221 1232 3282 obno-·

83 3323 191 3403 xium,
210 3328 337 3401 testem,
358 3343 506 3406 meaeque
522 3320 601 3384 adeo
618 3323 829 3384 observantiae
844 3344 915 3403 erga
929 3333 960 3385 te
972 3344 1113 3386 summae
1125 3334 1231 3408 poste-

84 3427 146 3507 ris,
168 3426 305 3505 siforte,
326 3438 563 3488 monumentum
585 3423 725 3510 aliquod,
753 3426 809 3489 tibi
823 3438 902 3489 certe
914 3427 1039 3513 pignus,
1063 3428 1113 3503 *uti
1128 3434 1229 3512 spe'ro,

83 3550 151 3592 non
176 3528 328 3618 ingratum
352 3532 496 3597 futuram.
544 3528 583 3593 Id
603 3528 693 3609 igitur
713 3529 818 3591 animo
840 3530 971 3594 volvens
997 3544 1093 3616 quum
1120 3531 1230 3593 scrinia

25 3638 27 3645 '
85 3630 195 3695 omnia
207 3652 278 3694 mea
294 3632 510 3712 excussissem,
539 3632 645 3696 exilio
662 3644 822 3694 auctorum
836 3654 984 3713 numero,
1014 3654 1144 3719 quorum
1160 3633 1231 3695 illu·
1278 3611 1284 3628 ’

84 3733 227 3798 strationi
246 3734 366 3815 vigilias
388 3757 474 3798 meas
495 3734 652 3822 impendi,
680 3735 819 3799 Persium
840 3734 985 3798 Flaccum
1009 3749 1089 3800 certo
1110 3736 1229 3818 -judicio

86 3836 184 3917 elegi,
207 3857 299 3921 quem
313 3860 378 3900 non
389 3839 507 3918 vulgari
522 3861 591 3901 cura
608 3861 666 3900 nec
679 3837 780 3902 studio
794 3824 943 3902 mediocri
955 3861 972 3902 a
984 3861 1036 3901 me
1047 3839 1231 3902 recensitum

87 3950 120 4002 et
140 3961 225 4003 novo
249 3938 478 4004 Commentario
499 3954 670 4004 enarratum
688 3942 744 4004 tibi
764 3942 923 4020 offerrem,
954 3941 1013 4005 Vir
1033 3943 1230 4027 amplissime,

86 4051 179 4126 atque
193 4043 312 4105 nomini
326 4056 379 4106 tuo
390 4044 638 4130 splendidissimo
652 4068 870 4111 consecrarem.
913 4045 1031 4111 Ductus
1045 4056 1148 4109 autem
1161 4068 1232 4109 sum

85 4144 149 4207 hac
169 4145 297 4209 minime
316 4148 418 4208 fallaci
437 4151 622 4230 conjectura,
649 4149 732 4236 quod
749 4151 860 4214 scirem
880 4171 950 4214 cam
969 4148 1096 4212 demum
1113 4146 1232 4211 studio-

85 4268 158 4311 rum
169 4259 287 4313 sectam
304 4250 360 4313 tibi
372 4272 445 4337 prae
459 4253 582 4317 caeteris
595 4255 732 4339 probari,
761 4275 839 4340 quae
850 4274 951 4339 neque
966 4251 1166 4314 amoenitates
1177 4273 1231 4314 so-

85 4352 153 4413 lum
168 4361 283 4436 captet,
311 4353 389 4416 sicut
403 4376 515 4437 magna
529 4377 600 4443 pars
613 4355 709 4421 hodie
727 4357 873 4436 facimus,
902 4377 1003 4441 neque
1020 4375 1120 4416 rursus
1139 4374 1229 4416 man-

87 4455 273 4520 suetioribus
288 4455 382 4541 literis
399 4460 507 4544 spretis
529 4459 723 4546 supercilium
738 4458 836 4544 rigide
856 4459 949 4524 nimis
972 4458 1145 4538 contrahat,
1171 4455 1229 4521 sed
