2700 4972
220 282 222 291 ‘
314 297 377 364 to
398 296 815 365 rnnsusrrrarrr
835 297 902 364 111.
1046 249 1177 367 ¹ror

120 475 176 536 10.
197 465 281 533 Jam
294 466 381 533 liber
395 477 430 531 et
447 466 577 533 bicolor
583 468 712 557 positis
727 466 930 533 membrana
943 467 1093 557 capillis,
1115 468 1178 534 In-

69 574 95 616 te
117 556 181 635 m]
210 554 371 619 Desidiam
390 557 423 617 in
444 554 597 636 surgendo
620 568 651 619 et
665 557 826 619 mollitiem
845 556 992 621 notarit:-
1007 578 1089 635 nunc
1110 560 1178 621 len-

69 640 203 703 udinem
218 643 250 703 in
264 640 415 705 studendo
432 653 462 704 et
481 636 743 723 riuorrpodvuiuu
762 636 865 727 carpit.
908 642 967 705 Per
987 642 1045 705 ista
1083 644 1177 725 utem,

69 748 116 788 ae
135 728 204 790 fieri
218 729 312 807 vulgo
328 729 428 789 solent
449 729 585 813 apueris'
605 727 687 813 apud
705 728 899 808 magistrum,
921 728 1016 791 intelli
1085 731 1179 791 ebent

69 812 165 892 unia,
191 834 271 898 quae
285 813 579 958 praetexere-moris
601 826 647 875 est
668 814 824 893 juventuti·
839 812 1003 890 dissolutae
1028 824 1059 875 et
1077 813 1178 877 studia

69 920 198 961 eratum
213 898 283 961 fasti
305 898 389 961 ienti.
429 892 514 961 'Sane
535 901 679 978 juvenes,
708 919 785 984 quos
806 901 981 983 alloquitur,
1007 910 1179 961 nouerant

82 985 215 1062 aetatis,
245 995 280 1044 ut
296 984 353 1061 iste
377 983 511 1048 dicerent
532 985 675 1070 puerilia;
705 983 762 1047 sed
781 983 901 1053 Persius
926 986 987 1047 hoc
1008 984 1177 1064 significare
1202 993 1229 1065 ἲ,

71 1070 154 1146 luit,
178 1090 374 1154 quaecunque
393 1069 517 1132 tandem
535 1081 651 1148 essent,
675 1091 752 1155 quae
777 1068 817 1131 ad
837 1068 1001 1133 velandam
1022 1068 1177 1150 ignaviam

69 1155 138 1217 'ei-ri
153 1159 271 1232 solent,
292 1156 366 1216 tanti
382 1154 522 1217 facienda
535 1177 611 1233 esse,
634 1156 736 1240 quanti
748 1156 806 1216 ista
821 1176 987 1240 puerorum
998 1157 1226 1237 nugatoriam

69 1243 222 1303 embrana
239 1243 398 1313 utebantur
416 1243 502 1326 pueri
515 1241 548 1302 in
560 1240 655 1320 ludis,
675 1264 738 1303 non
762 1241 837 1303 ceris
857 1252 888 1303 et
910 1241 1008 1322 stylo,
1033 1262 1111 1326 quae
1128 1253 1197 1309 ta:

69 1348 108 1388 en
124 1324 299 1412 expeditior
311 1326 464 1389 scribendi
477 1326 552 1388 ratio
568 1338 640 1404 erat,
663 1339 695 1388 ut
709 1328 851 1389 observat
865 1322 1071 1405 Quintilianus
1083 1327 1117 1389 in
1129 1326 1176 1390 X.

69 1434 99 1498 p.
114 1409 168 1474 III
184 1409 223 1494 [ξ.
234 1408 305 1491 81];
319 1423 382 1474 erat
396 1422 499 1474 autem
513 1415 700 1489 membr'ana,
721 1412 826 1497 inqua
842 1412 1023 1492 scribebant,
1044 1412 1177 1475 bicolor:

69 1518 105 1559 ra
131 1500 173 1559 ab
193 1496 336 1560 interiore
359 1509 457 1583 parte,
486 1500 524 1559 ab
548 1500 656 1577 altera,
684 1499 793 1584 inqua
814 1498 1175 1584 fuerantpili,'crocea:

69 1582 196 1648 uenalis
220 1580 317 1644 Satira
337 1584 465 1668 septima
488 1581 570 1662 [23]:
800 1586 804 1599 '

249 1675 354 1752 atque
372 1665 450 1729 ideo
473 1688 596 1730 croceo
616 1663 818 1728 membrana.
836 1663 967 1729 tabella

102 1749 308 1837 impletur.
352 1751 449 1830 [edd.:
471 1771 615 1814 croceae
630 1748 858 1831 -tcbelluel
1227 1829 1228 1833 Ἰ
1252 1820 1255 1829 ⁴

69 1860 120 1902 rue
136 1837 307 1900 confundas
320 1839 398 1899 hanc
419 1840 630 1900 membranam
644 1858 713 1898 cum
736 1858 771 1899 ea
787 1838 883 1922 pelle,
925 1858 965 1899 ua
988 1836 1080 1901 libros
1099 1859 1177 1923 ope-

69 1924 162 1987 ebant.
207 1919 362 2008 Capillos
379 1922 472 2009 poe‘ta
493 1924 759 2007 καταχρηστικῶς
779 1923 883 2009 posuit
896 1858 934 1984 dqe
947 1922 1032 2007 pilis:
1054 1925 1177 2010 pumice

69 2009 193 2071 ›liebant
204 2030 267 2071 non
283 2011 384 2075 solum
398 2008 540 2095 opercula
553 2010 716 2087 librorum,
737 2019 770 2069 ut
782 2007 863 2095 apud
876 2007 1029 2072 Catullum
1045 2021 1075 2071 et
1089 2010 1176 2088 alios,

69 2092 88 2155 d
108 2094 205 2157 etiam
223 2096 432 2172 membranas,
460 2095 505 2155 uti
525 2093 661 2183 videtur,
682 2095 714 2155 in
735 2093 843 2179 quibus
864 2094 1053 2158 scribebant:
1075 2094 1176 2180 itaque
1277 2112 1283 2131 ¹

68 2200 102 2241 m
126 2190 311 2258 atramento,
336 2182 453 2241 calamo
469 2191 499 2241 et
514 2182 635 2242 cultello
648 2178 801 2265 pumicem
816 2179 857 2241 ad
871 2200 999 2241 manum
1021 2181 1177 2242 habebant

69 2286 172 2351 mper,
195 2266 246 2350 qui
259 2268 437 2329 membrana
454 2276 506 2326 aut
523 2266 624 2327 charta
639 2267 812 2328 utebantur:
834 2264 932 2328 sedis
950 2285 1066 2349 pumex
1088 2286 1177 2351 prae-

69 2371 118 2414 rue
148 2348 189 2412 ad
218 2348 412 2414 exacuendos
434 2353 568 2414 calamos
603 2360 666 2412 erat
693 2351 753 2412 illis
780 2351 859 2413 usui.
908 2349 1006 2413 Vetus
1026 2351 1119 2436 poe'la
1144 2351 1176 2411 in

69 2436 238 2522 ppellectile
260 2437 370 2499 notarii
394 2434 617 2518 enumeranda,
639 2435 793 2517 Florilegii
812 2433 1000 2500 Graecorum
1018 2438 1096 2498 libro
1121 2435 1176 2500 Vt.

69 2524 131 2609 pite
156 2513 221 2585 aiud
244 2517 483 2625 tuxvypu‘pur:

117 2602 186 2675 Καὶ
198 2605 298 2671 λίθον
310 2606 503 2687 οκριὸεντα,
524 2603 625 2693 δόναξ
642 2601 700 2671 ὅθι
724 2601 841 2671 δισσὸν
863 2600 986 2671 ὀδόντα
1026 2613 1029 2622 “
1071 2618 1088 2670 A

128 2752 132 2760 .
187 2688 328 2775 Θὴγετατ
349 2688 552 2776 ἄμβλννθεὶς
575 2690 610 2757 ἐκ
631 2689 898 2776 δολιχογραφίης.

69 2790 99 2843 st
119 2778 154 2841 in
172 2779 265 2864 epigr.
280 2781 319 2845 51
335 2779 422 2843 Pauli
436 2778 614 2863 Silentiarii,
635 2800 664 2843 r.
681 2779 701 2843 5
719 2800 774 2865 sq,
796 2776 835 2840 T.
847 2775 904 2842 ΠΙ.
917 2798 948 2864 p.
964 2779 1005 2842 87
1018 2773 1071 2838 Br.
1089 2796 1115 2840 s.
1134 2774 1174 2843 Τ.

69 2862 91 2943 ³,
102 2886 135 2950 p.
152 2866 193 2930 58
210 2863 304 2946 Jac.];
326 2865 401 2927 item
419 2866 471 2927 alii
486 2864 597 2952 po‘e'tae
610 2865 664 2927 illo
680 2867 760 2926 loco.
804 2863 853 2940 [At
866 2865 947 2925 bene
964 2861 1178 2925 animadvertit

69 2950 284 3012 umiusotiosa
302 2952 479 3031 haeresse,
499 2948 623 3038 posi-tis
639 2947 796 3036 capillis,
823 2969 893 3009 cum
913 2947 981 3010 talis
997 2969 1053 3033 per
1072 2949 1177 3010 se‘in-
1290 2992 1292 2997 -

69 3036 185 3117 ligatur
202 3039 398 3112 membrana;
426 3037 552 3123 exponit
570 3037 660 3117 igitur
687 3036 757 3097 cum
779 3034 996 3097 vetustioribus
1020 3033 1102 3094 ima:
1129 3036 1178 3111 ju-

70 3142 149 3185 num
178 3121 293 3206 capillis
320 3123 408 3208 pexis
441 3134 471 3184 et
502 3121 703 3207 compositis:
737 3130 829 3207 quam
858 3116 1137 3203 interpretationem
1160 3139 1177 3179 e

69 3206 171 3271 oribus
192 3213 291 3291 'aeque
308 3218 342 3269 ac
359 3208 509 3271 sermonis
528 3229 585 3270 usu
606 3204 743 3271 studiose
766 3204 887 3285 asserit,
919 3223 1019 3288 neque
1041 3201 1178 3264 offendet

71 3294 252 3355 catulorum
275 3291 351 3356 ordo
375 3293 563 3375 affectation]
637 3300 641 3307 '

116 3384 169 3445 12
193 3373 339 3440 Crassus
360 3376 499 3441 calamo
525 3374 617 3465 quod
631 3367 786 3462 pendeat
807 3372 953 3454 humen]
982 3370 1078 3453 Quod
1099 3384 1178 3436 atra·
1231 3420 1234 3429 .

69 3474 169 3526 >ntum
186 3463 264 3526 nihil
277 3476 364 3528 notet
383 3468 500 3527 calamo
521 3487 576 3551 per
602 3464 815 3526 membranam
839 3460 945 3523 ducto:
966 3458 1049 3545 quod
1071 3459 1179 3522 accidit
1205 3482 1208 3488 ’

69 3552 76 3613 l
90 3549 254 3615 atr'amenti
274 3553 326 3614 vel
344 3553 452 3613 calami
467 3551 559 3615 vitio:
579 3550 630 3612 hic
644 3549 672 3629 si
692 3569 799 3634 parum
816 3548 922 3626 fissus,
943 3544 1019 3607 illud
1043 3544 1070 3608 si
1087 3546 1178 3607 fuerit

69 3632 164 3715 s'sius.
186 3633 399 3723 [Gasquoque
414 3637 446 3698 in
457 3648 541 3699 textu
557 3632 723 3722 queritur,
737 3655 801 3695 non
817 3632 1006 3718 querimur,
1019 3630 1136 3695 utadr.
1148 3635 1177 3695 3.

69 3742 96 3783 rc
112 3730 218 3785 autem
233 3720 314 3808 bap.
326 3722 411 3802 Ach,
434 3720 509 3786 Nor.
524 3734 554 3785 et
568 3733 631 3787 ret.
645 3722 741 3783 schol.
770 3717 858 3783 Idem
871 3716 1007 3799 intellige
1023 3715 1063 3779 de
1072 3738 1103 3780 r.
1115 3714 1177 3796 tt]

115 3800 166 3871 13.
196 3800 318 3894 Nigra
335 3804 428 3891 quod
447 3803 566 3893 infusa
592 3812 758 3871 vanescat
779 3800 883 3887 sepia,
896 3798 1070 3889 lympha]
1093 3799 1176 3880 Quia

69 3890 132 3975 ¹riae
147 3913 255 3955 succus
274 3890 398 3957 Graecis
415 3889 528 3976 μέλαν,
550 3893 666 3956 Latinis
679 3896 920 3952 atramentum
939 3887 1064 3967 dicitur,
1084 3907 1176 3970 μετα-

70 3974 200 4054 rurestria¹
210 3977 347 4064 sepiam
358 3981 462 4066 posuit
474 4003 530 4067 pro
545 3988 712 4041 atramento
727 3976 866 4040 librario:
882 3973 967 4061 quod
979 3984 1082 4036 tamen
1096 3996 1114 4036 e
1126 3987 1230 4048 se-236

71 4086 88 4126 s
103 4086 168 4126 non
175 4065 278 4146 fiebat,
292 4064 349 4129 sed
363 4068 563 4129 esornacium
569 4065 819 4147 balinearumque
834 4061 973 4142 fuligine.
996 4058 1111 4122 Plinius
1124 4060 1176 4121 lib.

69 4148 180 4213 XXV.
197 4172 263 4236 cap.
278 4150 318 4215 V.
339 4164 369 4214 et
381 4154 451 4214 fuse
462 4144 662 4215 Dioscorides
676 4156 814 4210 extremo
835 4148 915 4211 libro
928 4146 1044 4231 quinto.
1088 4144 1178 4207 Afros

69 4258 105 4298 ro
122 4258 141 4298 e
156 4237 242 4321 sepia
254 4237 315 4300 sibi
327 4249 529 4299 atramentum
548 4236 654 4300 solitos
673 4255 779 4319 parare
802 4244 906 4295 auctor
918 4242 1006 4296 vetus
1022 4231 1177 4314 interpres.

69 4324 202 4385 ramenti
216 4321 326 4387 vitium·
345 4321 475 4408 duplex,
497 4324 523 4386 si
544 4325 597 4387 rel
641 4318 762 4399 inguius
784 4319 824 4383 sit
845 4321 925 4398 justo
947 4320 997 4381 vel
1018 4315 1109 4378 nimis
1130 4312 1178 4376 di-

69 4419 150 4472 tumr
180 4408 476 4494 utrumque-vitium.
490 4408 586 4490 tangit
632 4405 736 4470 ersius.
1066 4419 1069 4424 ’
