2700 4972
448 362 475 424 ·:
522 326 927 467 sarruaiu„
1161 393 1256 471 ,ιω
1311 440 1319 455 ,,

347 665 385 705 ”
446 689 809 797 sarlati
871 691 1016 773 ru„

192 862 283 927 ‘lieni
303 861 410 950 populi
430 864 566 928 tractas?
590 863 763 941 (barbatum
783 862 844 926 hoc
867 862 957 928 crede
978 866 1154 949 magistrum
1181 844 1197 922 ¹.

107 968 244 1052 Dicere,
272 971 398 1035 sorbitio
421 972 500 1034 tollit
520 993 611 1057 quem
633 970 697 1032 dira
720 971 871 1052 cicutae),
918 1049 921 1055 ἱ
1071 960 1075 967 ’

110 1074 188 1159 Quo
210 1080 328 1145 fretus?
351 1077 416 1158 dic,
439 1101 459 1140 o
483 1080 588 1158 magni
608 1080 721 1164 pupille
739 1078 860 1141 Pericli.

111 1185 237 1250 Scilicet
256 1187 415 1271 ingenium
435 1199 466 1249 et
486 1208 588 1249 rerum
608 1185 880 1273 prudentiauelox

109 1297 191 1360 Anto
211 1297 291 1381 pilos
311 1280 412 1360 venit:
456 1293 582 1358 dicenda
604 1291 791 1378 tacendaque
814 1298 913 1360 calles.
964 1372 966 1378 γ
1152 1271 1155 1283 ⁵
1233 1294 1253 1361 5

109 1400 197 1484 Ergo
218 1403 273 1465 ubi
293 1413 449 1466 commota
469 1405 568 1468 fervet
588 1403 747 1488 plebecula
762 1403 864 1483 bile,¹
1043 1382 1060 1442 i

108 1510 185 1574 Fert
206 1511 325 1573 animus
346 1509 461 1573 calidae
481 1507 591 1574 'fecisse
615 1511 734 1573 silentia
752 1490 896 1601 turbae
923 1500 938 1535 a

109 1618 275 1715 Maiestate
296 1639 419 1681 manus:
437 1616 521 1704 quid
540 1615 653 1680 deinde
677 1592 855 1717 loqueiei'ls'
843 1578 1043 1705 Quirites,

109 1721 209 1823 Hoc,
231 1735 339 1812 puta,
367 1745 436 1787 non
460 1723 613 1809 justum
620 1730 691 1795 est;
722 1704 946 1809 illudendi&
974 1724 1103 1789 rectius
1121 1721 1221 1789 illud
1261 1805 1264 1815 ἱ

110 1812 180 1899 Scis
203 1835 317 1927 etenim
335 1814 450 1913 justum
471 1816 593 1913 gemina
614 1811 805 1918 suspendere
821 1820 909 1895 larice

106 1939 263 2030 Ancipitis
277 1944 388 2022 librae3
416 1953 532 2004 rectum
554 1940 714 2020 discernis,
742 1941 794 2003 ubi
814 1941 892 2004 inter

109 2050 214 2118 Curva
234 2051 315 2120 subit
334 2053 387 2114 rel
409 2072 479 2111 cum
498 2049 576 2112 fallit
595 2047 677 2135 pede
697 2051 800 2129 regula
820 2060 928 2139 raroq.
904 2036 946 2089 ·¹‘
946 2018 996 2145 lq'

109 2158 151 2223 Et
172 2159 255 2246 potis
277 2180 310 2222 es
329 2158 453 2239 nigrum
472 2156 547 2222 vitio
569 2158 735 2243 praefigere
756 2159 848 2220 theta.
893 2162 937 2221 .·'
958 2108 1016 2189 “iis

110 2265 250 2348 Quinta
270 2267 361 2347 igitur
381 2285 503 2328 summa
522 2266 723 2351 nequicquam
743 2267 824 2351 pelle
846 2246 1002 2331 dedomi

55 2393 59 2399 ·
110 2376 191 2439 Ante
213 2373 297 2437 diem
317 2372 431 2436 blando
453 2371 581 2435 caudam
601 2376 711 2452 jactare
735 2375 860 2459 popello
912 2388 915 2395 '

58 2470 61 2477 ¹
95 2470 254 2561 'Desinia
280 2480 437 2564 Anticyras
457 2480 567 2543 melior
586 2484 711 2545 sorbere
732 2501 878 2544 meracas.

92 2569 205 2670 ¹'erae
224 2588 280 2652 tibi
300 2609 422 2652 summa
443 2588 519 2677 boni
532 2586 609 2654 eat?
650 2599 740 2650 uncta
761 2588 876 2653 vixisse
892 2581 1007 2674 palella

97 2698 245 2785 ‚Semper
266 2709 297 2761 et
317 2695 439 2760 assiduo
463 2672 563 2757 curalo
571 2692 711 2755 cuticula
731 2694 806 2755 sole

111 2805 265 2894 Expecta.
304 2803 389 2867 haud
410 2801 493 2866 aliud
512 2776 697 2888 respondeat
715 2803 793 2864 haec
815 2822 912 2867 anus.
944 2796 1079 2867 Inunc:

110 2908 356 2978 Dinomaches
377 2930 443 2997 ego
465 2929 553 2973 sum.
598 2908 730 2972 Suffla
756 2909 843 2974 Sum
859 2902 1039 3033 candidus.
1075 2912 1167 2979 Esto.
1210 2918 1253 2980 20

112 3021 199 3085 Dum
219 3042 260 3083 ne
283 3018 415 3082 deterius
435 3017 532 3104 sapiat
551 3019 701 3106 pannucia
722 3016 850 3090 Baucis,
1325 3003 1327 3006 Α

115 3128 194 3194 Cum
215 3132 297 3192 bene
319 3125 463 3190 discincto
487 3126 651 3189 cantaverit
672 3126 772 3189 ocima
793 3147 914 3201 vernae.

198 3235 239 3298 Ut
259 3257 353 3298 nemo
374 3235 407 3297 in
427 3255 496 3297 sese
516 3243 612 3296 tentat
632 3231 834 3313 descendere,
862 3234 974 3296 nemo!
1060 3260 1065 3271 .

112 3342 178 3409 Sed
199 3340 395 3430 praecedenti
416 3351 566 3428 spectatur
586 3340 718 3402 mantica
737 3348 835 3422 tergo.

112 3448 306 3533 Quaesieris:
348 3448 467 3512 Nostin'
488 3445 624 3513 Vectidii
644 3446 795 3534 praedia?
816 3483 860 3496 -
883 3445 1076 3536 Cujuoi-
1147 3456 1149 3461 ’
1211 3457 1253 3523 25
1334 3444 1336 3447 ’

111 3559 212 3626 Dives
232 3570 297 3621 arat
321 3556 449 3622 Curibus
471 3567 618 3642 quantum
638 3578 702 3619 non
723 3557 835 3622 milvus
856 3559 993 3621 oberret:

111 3663 219 3732 Hunc
238 3663 321 3728 ais?
365 3663 456 3729 hunc
479 3662 532 3727 dn
558 3661 661 3728 iratis
679 3661 849 3752 genioque
875 3662 1030 3747 sinistro,

114 3771 185 3856 Qui
208 3770 412 3859 quandoque
427 3772 557 3861 jugum
572 3779 722 3860 pertusa
741 3768 791 3834 aci
811 3771 964 3860 compita
977 3767 1081 3861 figit,

112 3879 272 3946 Seriolne
292 3890 442 3945 veterem
465 3889 618 3945 metuens
640 3876 807 3944 deradere
833 3878 960 3945 limum

114 3987 285 4079 ingemit,
311 3991 382 4053 Hoc
402 3993 482 4055 bene
503 3991 560 4054 sit!
605 3988 801 4052 tunicatum
822 4010 901 4052 eum
925 3989 1000 4054 sale
1023 3987 1184 4056 mordens
1211 3997 1253 4059 30

115 4095 231 4186 Gaepe
255 4106 290 4161 et
303 4093 457 4185 farrata
476 4094 596 4183 pueris
615 4095 861 4184 plaudentibus
881 4096 956 4162 eila
1021 4172 1024 4178 ,
1294 4080 1298 4093 ³

117 4204 322 4271 Pannoeam
335 4200 481 4318 faecem
504 4204 684 4271 morientia
706 4205 817 4273 sorbet
839 4205 962 4271 aceti?
1100 4222 1104 4233 ¹

115 4348 324 4359 -——————--.

184 4419 244 4473 Sat.
261 4418 309 4474 lV.
330 4419 365 4475 V.
386 4422 409 4477 1.
433 4422 507 4475 itaer.
520 4449 555 4461 —-
577 4422 611 4480 V.
628 4425 655 4479 3.
674 4365 837 4506 nonmagna:
856 4450 891 4461 -
915 4420 948 4473 V.
966 4420 992 4476 9.
1008 4428 1140 4492 puio.-
1167 4420 1253 4479 V.l6.

113 4487 301 4545 munt-
317 4489 351 4545 V.
368 4492 412 4546 21.
427 4508 574 4561 pannucea.
589 4493 675 4546 -V.
693 4492 737 4548 25.
760 4490 922 4546 Ventidia—
1224 4512 1249 4525 ’-
