2700 4972
445 232 447 237 '
538 234 549 271 l

83 346 89 357 ’
156 337 223 405 ror
521 294 921 423 corrnuurlurus

245 501 316 571 Gur
329 501 406 591 quis
423 526 490 569 non
499 501 686 591 prandeat,
707 502 770 568 hoc
782 510 854 581 est]
883 501 979 585 Quod
998 506 1070 592 quia
1086 516 1189 571 cenna
1202 530 1274 574 corn-

157 613 285 681 munem
297 591 510 669 Romanorum
525 590 885 672 consuetrrdinem„'ideo
907 593 1004 679 notati
1020 593 1073 678 qui
1085 595 1224 659 facerent
1314 664 1318 675 ¹

202 715 253 776 86.
275 702 343 773 Hit
357 708 505 796 populus
520 707 635 791 ridet]
658 710 704 774 Ita
722 723 802 775 recte
825 723 961 775 veteres:
983 708 1077 774 ridet
1096 734 1154 798 pro
1176 708 1281 795 arridet·
1314 750 1318 789 Ι

158 798 367 861 assentitur-et
388 796 518 882 plaudit:
539 816 618 859 unus
638 809 698 875 est,
723 798 965 883 qui‘conritiutn
983 798 1174 884 philosopho
1194 802 1276 879 faciat,

125 934 130 942 .
157 882 215 946 sed
234 885 324 962 hujus
359 882 534 943 etulantiam
547 903 655 949 omnes
671 883 723 966 qui
744 881 869 945 adstant,
883 903 961 945 voce
982 894 1131 967 gestuque
1154 905 1220 946 corn
1238 907 1277 947 ro
1317 952 1318 961 ,

110 962 112 966 ’
156 971 240 1031 bant.
278 905 408 1045 [Eadem
428 970 492 1029 fere
512 968 553 1029 oh
582 969 711 1031 aliorum
733 966 905 1031 dissensum
931 971 1035 1053 paullo
1059 968 1196 1057 pluribus
1219 907 1279 1033 dixit

158 1054 257 1123 ch.
277 1049 358 1115 His·
370 1053 391 1117 i,
406 1074 434 1115 e.
452 1050 492 1114 ad
509 1054 609 1145 haee]

220 1168 438 1257 Multumque
454 1177 570 1244 torosa
578 1168 765 1254 juventus}
772 1171 791 1233 J
793 1168 921 1237 aventus
933 1171 1059 1235 militiae
1071 1171 1177 1237 dedita
1193 1184 1221 1236 et
1230 1175 1289 1237 hir·'

158 1276 231 1321 cosa
245 1278 319 1338 gens
333 1257 558 1319 centurionum:
579 1278 653 1318 uam
667 1257 706 1319 de
723 1256 836 1330 iisdem
853 1256 1075 1343 accipiendum.
1108 1258 1223 1339 [„lilalo
1238 1261 1277 1323 in·
1295 1316 1299 1329 ‚

111 1360 131 1367 ··
156 1346 291 1423 telligere
309 1347 499 1422 juventutem
517 1342 692 1404 Romanam
711 1345 868 1419 universe,
890 1364 969 1427 quae
989 1343 1100 1407 studiis
1122 1366 1187 1407 non
1207 1366 1277 1407 ena·

110 1502 112 1507 ,
156 1432 228 1505 vata
245 1427 352 1489 dieitur
370 1438 496 1502 torosa,
519 1429 593 1489 toris
607 1429 709 1489 mollis
723 1439 760 1489 et
775 1429 943 1507 luxurians,
965 1429 1160 1515 philosophis
1174 1428 1276 1515 pallidis

40 1574 43 1579 .
155 1527 188 1575 et
202 1514 363 1598 irnpransis
384 1514 560 1575 contraria.“
582 1510 638 1576 Pl.
655 1513 784 1598 optime,
808 1511 847 1574 de
865 1514 941 1576 vitio
955 1525 1058 1577 autem
1078 1515 1214 1601 usurpati
1229 1536 1275 1579 vo-
1299 1568 1303 1575 .

101 1654 104 1669 ,
157 1622 226 1664 cem
247 1608 382 1661 torosus
402 1600 511 1682 pr'obat
531 1599 605 1661 locis
618 1598 814 1678 Hieronymi,
835 1598 974 1683 inprimis
994 1600 1072 1662 hoc:
1087 1597 1275 1665 ‘Fermentlt‘

155 1682 268 1751 nostri
289 1693 326 1747 et
345 1680 539 1746 torosuli
564 1692 600 1745 et
626 1680 686 1745 vix
713 1680 856 1745 summis
872 1680 1017 1767 pedidus
1039 1680 1272 1749 adumbrantes

153 1768 323 1920 aspipite,
354 1787 500 1856 quorum
521 1766 627 1833 verda
650 1769 687 1832 in
712 1767 840 1857 pugnis
866 1777 1005 1855 suntet
1031 1768 1272 1861 syllogumiin

154 1878 198 1921 eu
214 1861 246 1920 ci
269 1858 330 1935 uad

240 1980 292 2041 87.
315 1943 516 2058 ingeminat
532 1970 697 2038 tremulos
711 1994 795 2037 naso
813 1947 988 2060 crispante
1005 1972 1214 2057 cachinnos]
1235 1972 1270 2039 Its

151 2061 352 2127 vehementer
372 2058 476 2122 irridet
495 2082 530 2122 ac
554 2062 766 2133 cachinnatur,
787 2071 822 2121 ut
837 2072 937 2123 totum
958 2082 994 2122 co
1031 2082 1067 2123 us
1087 2061 1272 2124 concutistet

152 2168 263 2243 nasum
277 2146 312 2207 in
325 2166 415 2227 rugas
434 2148 606 2228 contrahat,
627 2146 710 2208 unde
727 2166 856 2231 rugosa
871 2166 982 2209 sanna
996 2082 1103 2210 dama
1116 2146 1150 2211 V
1168 2146 1239 2229 [91].

240 2269 293 2330 88.
323 2262 482 2349 Inspice:
503 2267 615 2329 nescio
636 2263 722 2351 quid
743 2262 897 2349 trepidat
918 2261 1006 2326 milti
1023 2268 1170 2350 pertua]
1200 2266 1280 2347 Nnc-

102 2350 327 2437 299respondet
347 2351 454 2413 doctor
472 2351 592 2414 Stoicus
610 2353 659 2414 isti
672 2352 885 2437 philosophiae
900 2353 1113 2437 vituperatori.
1163 2350 1274 2415 Summa

152 2437 360 2525 responsionis
376 2448 436 2498 est:
460 2439 511 2522 qui
534 2440 633 2499 alieno
648 2450 718 2499 sunt
733 2439 835 2498 animo
850 2459 867 2499 a
882 2439 1047 2522 sapientiae
1062 2436 1182 2518 studio,
1202 2438 1275 2501 sirni-

152 2523 198 2584 les
214 2521 349 2598 esse-iis,
373 2522 425 2605 qui
439 2525 548 2584 morbo
564 2526 702 2585 laborant
725 2535 755 2583 et
768 2521 923 2583 medicum
944 2535 1105 2607 respuuntz
1128 2544 1231 2609 quare,
1243 2530 1275 2583 nt

150 2608 197 2671 illi
211 2609 346 2686 neglecta
361 2605 473 2668 medici
490 2609 642 2669 curatione
653 2609 811 2685 intereunt,
828 2608 871 2669 sic
886 2607 945 2687 isti,
962 2607 1036 2681 dnm
1053 2609 1275 2694 philosophiam,

55 2756 58 2761 ,
152 2714 231 2781 quae
259 2692 433 2755 animorum
453 2691 604 2754 medicina
633 2704 694 2771 est,
724 2704 936 2777 aspernantur,
958 2693 996 2763 ,in
1017 2695 1088 2755 vitia
1102 2694 1274 2781 praecipita

150 2789 255 2856 munt,
278 2799 356 2863 quae
375 2778 459 2863 ipsos
482 2780 563 2840 male
581 2777 706 2840 tandem
722 2777 859 2863 perdant.
902 2778 971 2839 Hoc
987 2781 1098 2840 volunt
1117 2778 1275 2843 novemde-

153 2864 215 2926 cir'n
231 2865 282 2948 qui
302 2874 465 2949 sequuntur
480 2884 595 2927 versus.
640 2862 703 2924 Sed
729 2864 857 2925 auctoris
882 2874 1019 2925 mentem
1040 2866 1182 2927 obscurat
1198 2884 1274 2927 corn-
1309 2870 1313 2877 '

150 2949 334 3036 partitionis,
369 2970 461 3033 quam
483 2948 632 3027 diximus,
663 2949 776 3011 omissa
798 2950 918 3033 penitus
947 2952 1158 3033 parsalterar
1178 2951 1274 3013 ¹solaru

150 3037 236 3098 enim
256 3035 405 3121 protasim
427 3036 545 3119 posuit,
575 3032 736 3120 apodosim
762 3035 881 3118 reliquit
911 3033 1041 3096 auditori
1068 3034 1274 3121 supplendam:
1308 3048 1314 3061 ·’

148 3120 234 3207 quod
248 3119 374 3206 quidem
387 3141 424 3182 eo
440 3131 487 3183 est
502 3121 631 3198 facilius,
654 3121 723 3204 quia
737 3122 837 3180 morbi
859 3119 1020 3204 appellatio
1044 3122 1273 3191 communisset

150 3209 285 3293 corporis
302 3206 455 3291 animique
468 3205 565 3283 vitiis,
585 3218 619 3267 ut
633 3217 704 3267 ante
724 3203 910 3266 dicebamus.

234 3328 286 3389 89.
319 3323 369 3389 Et
399 3320 517 3409 aegris
544 3319 723 3386 Faucibus
759 3331 944 3407 exsuperat
970 3321 1095 3410 gravis
1126 3321 1271 3403 halitus]

145 3401 286 3493 Ἐρνγήε
305 3409 378 3472 vide
391 3430 483 3485 mox3
501 3430 558 3554 pro
579 3417 763 3492 exsuperat
781 3410 832 3470 alii
846 3411 915 3471 lihri
930 3406 1092 3492 exsudat,
1116 3410 1201 3491 [editi
1232 3410 1274 3471 ni·

149 3495 240 3573 dern3
264 3493 400 3572 codices,
422 3505 456 3554 ut
467 3494 500 3554 vi
522 3506 601 3571 elur,
623 3495 711 3574 nulli3
733 3499 864 3580 prael'ert
883 3506 987 3556 tamen
1008 3494 1199 3559 adsentiente
1210 3432 1274 3559 dtus

147 3582 213 3643 urio
227 3582 341 3645 Web.:
364 3580 454 3664 „quia
464 3577 587 3664 gravis
604 3577 743 3658 halitus,
762 3581 866 3664 inquit,
885 3579 1012 3659 additur,
1036 3580 1196 3660 exsudat,
1216 3582 1274 3645 ie.
1307 3604 1318 3655 ,·

148 3687 261 3746 magno
286 3688 356 3728 cum
377 3668 481 3728 labore
501 3665 673 3726 minutatim
701 3667 824 3750 vaporis
855 3665 952 3727 modo
984 3668 1148 3747 emittitur,
1177 3666 1274 3729 ceteris

50 3794 53 3801 ·
145 3753 326 3814 lectionibus
340 3752 540 3836 praestantior
552 3761 606 3812 est.
648 3749 755 3834 Neque
767 3754 874 3829 obstat,
891 3749 977 3835 quod
992 3774 1030 3813 ex
1046 3752 1177 3815 neutrali
1190 3740 1298 3815 sensu'

146 3837 321 3920 accipienda
343 3849 404 3915 est3
430 3858 461 3901 v.
483 3835 569 3914 Virg.
593 3831 705 3914 Georg.
719 3834 748 3913 l,
773 3841 852 3900 191:
882 3834 1032 3898 exsudat
1057 3837 1193 3911 inutilis
1213 3835 1275 3901 Itu·

146 3925 270 4003 mor.“]
293 3923 427 4006 plerique
444 3932 562 3985 veteres
582 3916 748 3982 exuberat
773 3922 917 4001 [sancita
937 3921 1079 3985 codicum
1099 3918 1192 4003 longe
1211 3926 1275 4009 plu·

144 4009 240 4085 rimi,
260 4007 315 4070 sed
344 4019 441 4068 metro
465 4018 612 4091 repugnat
639 4019 762 4092 propter
784 4010 910 4086 longum
930 4010 980 4087 u]=
1007 4011 1214 4073 rectissimum
1234 4016 1275 4071 est

145 4100 349 4175 exsuperat:
377 4114 451 4157 nam
469 4104 571 4154 ructus
597 4094 800 4154 eventriculo
825 4114 945 4155 sursum
976 4095 1162 4175 ascendunt3
1218 4090 1276 4155 uod

90 4206 94 4219 ·
148 4176 258 4242 Graeci
272 4177 375 4239 dicunt
388 4172 610 4241 ἀναδίδοσθαι
633 4189 664 4239 et
680 4171 849 4240 tattone.
893 4176 951 4257 [Ita
967 4180 987 4243 5
1006 4180 1105 4245 codd.
1127 4202 1177 4266 ap.
1193 4116 1275 4255 den,

147 4264 267 4342 Chem,
288 4263 358 4343 Tig.
372 4286 397 4324 c.
413 4275 474 4326 vet.
488 4264 602 4342 schol3
627 4284 719 4348 quam
737 4284 811 4324 vero
823 4266 997 4347 frequenter
1021 4288 1094 4329 etun
1112 4260 1273 4329 exuberat

144 4361 346 4437 permutetur,
366 4370 397 4412 v.
414 4369 463 4433 ap.
483 4346 622 4413 laudatus
635 4348 784 4419 Webero.
826 4346 972 4413 Eundem
989 4354 1028 4415 cf.
1047 4350 1089 4417 de
1110 4352 1276 4433 conjectura

144 4436 313 4527 probabili:
344 4429 519 4513 exundat]
