2700 4972
351 332 415 399 AD
444 330 614 401 PERSII
643 328 867 402 sanatus
893 331 960 402 Vl.
1170 336 1237 402 82⁰

186 500 238 568 60.
263 495 306 567 V
301 522 343 568 ae
352 506 367 568 Ι
385 503 457 569 nisi
477 503 668 587 conniveo]
689 505 771 571 Nam
790 528 852 594 quo
871 506 971 588 magis
990 514 1096 572 vetare
1110 515 1238 569 conatus

96 586 203 666 brasis,
225 610 264 652 eo
274 591 442 670 majoribus
448 592 598 657 sumnbus
607 591 822 674 hereditatem,
844 594 893 656 eui
904 592 1019 668 inhias,
1041 593 1237 656 exhauriam:
1336 644 1344 664 ,

97 673 144 736 sic
155 676 257 760 paullo
270 688 350 762 post,-
783 674 789 689 “

432 782 538 842 nunc,
562 784 651 836 nuno
664 759 853 851 impensius
869 781 982 850 unger
1005 780 1010 807 ··

99 840 152 929 qui
168 847 254 909 locus
274 847 356 909 hunc
369 849 506 935 explicat.
532 848 617 931 [Sed
635 871 714 937 quae
733 870 824 913 causa
844 850 936 928 hujus
956 846 1164 934 petulantiae?
1185 845 1235 909 in-

98 931 201 1011 tellige
216 930 255 994 de
273 934 408 1017 periculo
424 937 463 997 ab
482 936 603 1000 offenso
618 937 759 1022 Principe
770 936 969 1013 imminente,
991 935 1018 997 si
1036 937 1116 995 forte
1134 935 1235 1013 heres,

98 1037 178 1100 quae
192 1017 226 1079 in
243 1020 334 1097 hujus
346 1019 498 1082 honorem
510 1021 689 1109 impendere
706 1023 832 1087 volebat
852 1018 989 1101 Persius,
1014 1017 1162 1084 studuerit
1179 1040 1235 1081 ex-

98 1112 233 1165 tenuare.
268 1102 321 1189 'lta
335 1106 399 1183 jam
411 1107 592 1171 veusriores
603 1109 647 1171 int
702 1108 802 1185 retes]
916 1120 919 1127 '
1135 1136 1138 1141 ·

185 1183 312 1251 Oleum
326 1190 569 1278 artocreasque
578 1213 672 1280 pope
689 1193 724 1255 lo
738 1187 924 1277 Largius]
946 1187 997 1254 Ne
1012 1190 1090 1252 haec
1109 1184 1235 1274 quidem

97 1273 208 1360 privati
221 1276 358 1349 bominis
371 1274 511 1363 impensa
528 1290 590 1358 ast,
613 1300 652 1342 eo
672 1278 798 1366 quidem
818 1278 924 1355 titulo,
944 1296 1007 1361 quo
1026 1274 1096 1337 heic
1117 1294 1236 1360 propo-
1268 1302 1271 1307 ·

98 1359 197 1425 nitur:
218 1361 364 1425 nimirum
378 1364 419 1425 ob
432 1363 643 1427 victoriamim
668 1364 808 1429 eratoris:
830 1360 1237 1425 nameruditorumsenten·

97 1446 159 1509 tias
174 1467 238 1509 nou
253 1444 384 1525 accedo,
405 1447 605 1533 qui'relemnt
619 1387 666 1514 ad
674 1450 843 1517 divisiones
859 1459 890 1511 et
904 1450 1024 1534 epulas,
1045 1467 1124 1533 quae
1140 1456 1235 1508 testa-

97 1542 205 1608 mento
220 1532 349 1618 relinqui
358 1534 468 1615 solitae
480 1534 652 1601 interdum:
672 1558 732 1601 nos
744 1547 888 1622 putamus
901 1554 972 1597 eum
984 1531 1236 1619 praecedentibus

97 1638 167 1681 essa
179 1618 239 1681 ista
254 1617 467 1699 conjungenda
488 1631 520 1683 et
537 1642 606 1687 esse
624 1621 706 1687 aliud
726 1623 905 1708 exemplum
921 1619 1135 1696 collationum,
1156 1637 1235 1701 quae

97 1703 217 1768 civibus
231 1704 354 1767 fuenmt
366 1704 566 1791 imperataea
586 1709 831 1794 procuratoribus
843 1704 918 1784 ,csji
936 1702 977 1765 ad
998 1703 1236 1768 celebrationem

95 1788 359 1855 viennatibus·
389 1789 468 1855 Cum
488 1792 579 1873 igitur
595 1794 691 1857 moria
705 1804 803 1872 esset,
824 1802 859 1854 ut
872 1791 998 1877 epulum
1015 1810 1051 1852 ac
1073 1788 1235 1853 visceratio

95 1872 220 1939 dareon
230 1878 380 1963 populo'a
392 1878 657 1964 triumphantibus,
678 1882 866 1942 frumentum
877 1876 971 1939 etiam
984 1875 1098 1941 viritim
1104 1872 1226 1937 divide-
1234 1891 1288 1947 500

94 1972 194 2040 retur,
216 1982 287 2024 eum
300 1963 371 2025 oleo
382 1960 537 2027 interdum
548 1984 585 2027 ao
596 1966 754 2043 nummis,
767 1974 804 2033 ut
818 1956 857 2026 de
875 1960 958 2027 Iulio
981 1959 1112 2026 Caesare
1131 1958 1235 2022 scribit

94 2045 265 2111 Suetonius
273 2047 351 2111 libro
364 2048 483 2135 primo,
545 2049 609 2113 'ite
628 2048 830 2128 XXXVIII,
859 2048 910 2111 alii
927 2048 1004 2109 item
1025 2044 1065 2108 de
1083 2044 1163 2107 aliis:
1184 2044 1235 2108 vi-

95 2131 209 2195 dentur
227 2131 293 2212 Caji
310 2145 522 2221 procuratores
565 2135 703 2209 ition'bus
722 2136 906 2222 imperasse,
939 2143 973 2193 ut
989 2131 1053 2196 suis
1073 2130 1234 2195 tribulibus

93 2218 155 2282 ista
168 2218 352 2299 largirentur.
376 2218 465 2305 [Apte
478 2220 529 2281 hic
548 2219 594 2284 Pl.
616 2223 704 2285 affert
718 2220 783 2287 Cio.
803 2218 844 2283 de
865 2214 1061 2296 off.11,1s:
1082 2210 1235 2301 Prvdfgt'

94 2302 213 2391 epulis
230 2311 266 2367 et
283 2301 587 2380 viscerationibus,
609 2305 773 2370 ludorum
785 2312 1040 2389 senatuumque
1056 2306 1234 2386 apparatu

122 2387 267 2453 seuniae
284 2387 520 2475 profisndunt,
548 2393 625 2455 haec
644 2391 819 2457 casauboni
839 2411 905 2453 non
929 2384 1064 2471 urgenda
1082 2384 1234 2467 censens]

89 2410 230 2542 filma
244 2475 462 2562 Stephanicae:
489 2471 525 2542 V
525 2474 704 2557 incarnatio,
727 2473 918 2561 dardanae.
1121 2490 1124 2495 “

184 2556 268 2627 Non
284 2559 384 2639 adeo,
407 2560 544 2650 inquis]
568 2561 673 2642 Quam
690 2576 829 2629 vetrutae
846 2565 907 2627 sint
924 2558 1057 2624 mendae
1075 2570 1236 2622 auctorum

95 2659 130 2713 et
145 2648 263 2735 scriptis
277 2649 361 2712 libris
375 2668 467 2735 mam
487 2670 551 2712 non
564 2650 602 2713 sit
616 2662 732 2713 temere
749 2648 946 2726 credendum,
966 2648 1018 2708 hie
1029 2648 1115 2709 locus
1129 2645 1236 2725 arguit,

94 2745 132 2797 ut
144 2734 203 2797 alii
217 2735 370 2813 sexcenti,
393 2754 471 2820 quos
485 2733 568 2821 apud
581 2734 719 2799 diversos
731 2736 893 2823 scriptores
910 2744 981 2795 ante
995 2733 1091 2795 multa
1112 2732 1234 2809 saecula

93 2814 534 2971 atum
556 2806 1237 2969 testamentalem

95 2988 234 3079 inqui&
258 3010 338 3078 quae
356 2927 460 3075 iddpta
483 3002 515 3056 et
532 2926 637 3055 nqdddts
657 2926 954 3056 oddnibuds’absurda
972 2989 1117 3074 scriptura
1137 3008 1177 3051 ex
1197 2944 1236 3051 ed

95 3090 167 3143 orta
183 3088 247 3156 est,
267 3077 338 3163 quia
358 3075 531 3163 praecedit:
553 3074 629 3165 quis
641 3075 761 3144 vetat?
789 3074 889 3143 aude.
932 3072 1115 3155 Legendum
1133 3085 1238 3137 autem

95 3172 185 3230 emet
206 3182 274 3226 non
288 3158 396 3244 adeo,
419 3159 547 3250 inquis,
567 3175 650 3229 recte
667 3169 731 3245 jam
747 3164 822 3227 olim
840 3162 960 3227 monuit
971 3160 1136 3223 Turnebus
1160 3158 1193 3239 [l.
1216 3159 1238 3220 l.

94 3248 147 3315 lta
164 3247 298 3315 lcodd.
318 3269 368 3336 ap.
381 3248 456 3314 Aah.
479 3260 511 3313 et
528 3250 632 3315 Havn.
651 3255 673 3317 3
690 3272 709 3314 a
725 3272 768 3314 m.
787 3271 868 3330 see,;
891 3247 983 3311 ceteri
1002 3266 1127 3325 onmes,
1157 3243 1238 3306 dixit

98 3332 189 3415 Cas,
209 3346 329 3423 praeter
341 3337 487 3422 pauculos
509 3334 554 3417 (v.
568 3335 613 3400 Pl.
630 3359 660 3422 p.
675 3339 770 3418 633),
793 3336 845 3422 qui
866 3330 964 3397 haud
985 3328 1113 3406 audeo,
1134 3340 1238 3393 muta-

95 3423 185 3487 tione
197 3421 238 3484 ad
256 3442 381 3487 versum
392 3422 432 3484 ali
453 3442 494 3485 uo
514 3420 611 3484 modo
633 3421 823 3485 fulciendum
840 3423 931 3485 facta.
978 3419 1135 3485 Weberus
1155 3426 1237 3478 recte

96 3508 233 3595 explicat
242 3508 364 3575 locum:
385 3443 495 3587 „Xon
509 3506 596 3571 adeo
609 3506 792 3573 vertendum
806 3516 853 3571 est
866 3502 933 3569 das
946 3525 1016 3569 nun
1033 3500 1117 3565 eben
1127 3499 1237 3574 nicht,

95 3617 124 3661 s.
140 3614 191 3658 res
207 3595 288 3657 inter
305 3615 445 3657 noanon
468 3614 507 3656 eo
521 3593 615 3674 redit,
635 3605 670 3656 ut
688 3605 720 3656 te
737 3594 937 3680 prohibeam,
987 3609 1153 3675 uamquam
1172 3608 1238 3649 non

120 3682 232 3744 nobem
244 3692 313 3744 tuas
332 3701 349 3742 a
361 3690 393 3743 te
405 3680 616 3767 possessiones
639 3680 751 3743 misere
764 3677 919 3766 profundi.
994 3698 1048 3740 aec
1059 3685 1128 3761 apta
1141 3672 1239 3735 mori-

96 3704 160 3832 Ius
179 3766 280 3831 avan:
308 3766 404 3828 etsie
426 3765 690 3830 Persioincitatus
710 3776 772 3845 est,
793 3776 841 3844 ut,
860 3761 934 3850 quid
954 3762 994 3825 de
1016 3782 1054 3825 ea
1071 3782 1106 3822 re
1119 3758 1239 3837 sentiat,

100 3856 183 3916 clare
196 3854 369 3939 eloquatur,
391 3862 495 3914 tamen
513 3850 546 3913 id
562 3850 677 3917 devitat
696 3863 726 3913 et
747 3872 804 3927 ne,
825 3848 945 3935 siquid
965 3847 1129 3911 duriusculi
1149 3844 1239 3921 dicat,

98 3935 303 4002 hereditatem
324 3937 456 4017 amittat,
484 3936 592 4000 timide
616 3934 794 4021 respondet,
821 3937 864 3998 ita
884 3947 1004 4013 tamen,
1032 3943 1067 3995 ut
1090 3929 1240 3994 sententia

98 4027 154 4089 illa
172 4021 343 4110 supplenda
372 4022 517 4087 everhis
541 4024 631 4086 facile
651 4023 720 4085 elici
745 4022 850 4107 possit.
897 4020 1019 4085 Persius
1041 4029 1160 4097 contra,
1188 4013 1241 4100 qui

99 4115 168 4191 ejus
187 4112 337 4190 ambages
359 4118 390 4171 et
418 4108 596 4174 diverticula
618 4108 763 4171 orationis
791 4106 1022 4185 animadvertit,
1050 4103 1123 4166 dicit
1141 4100 1240 4180 magis

100 4197 286 4260 mandaturus
298 4212 441 4273 armum,
461 4197 511 4258 fac
522 4194 581 4258 sibi
595 4195 644 4265 his
657 4194 805 4280 impensis
818 4194 895 4256 nihil
905 4211 1064 4279 superesse
1076 4189 1136 4252 nisi
1150 4207 1240 4273 prae·

100 4282 224 4346 diolum
244 4282 470 4361 suburbanum,
489 4292 594 4343 tamen
608 4278 756 4343 heredem
777 4280 943 4342 affuturum
964 4278 1073 4356 esse.“]

188 4368 240 4433 62.
261 4365 457 4431 Exossatus
475 4383 562 4451 agar
578 4364 778 4449 jussissent]
799 4365 895 4430 Persii
908 4367 1022 4441 verba,
1044 4360 1154 4447 quibus
1167 4377 1241 4444 pro-

100 4458 230 4520 batnon
244 4473 313 4517 esse
331 4452 472 4539 cuquam
484 4450 672 4535 verendum,
692 4475 734 4518 ne
753 4452 822 4518 sine
839 4449 955 4515 herede
970 4446 1135 4513 moriatur:
1156 4442 1242 4531 quod
