2700 4972
66 278 212 437 ,sm
241 390 249 417 .,
364 331 619 399 errsrosl
661 324 1052 407 uuucurtrourl
1148 393 1160 403 .

148 505 330 595 sapientiam
343 526 414 569 cum
426 505 598 592 eloquentia
612 516 643 568 et
662 503 831 572 eruditione
849 512 929 590 justo
944 512 1080 597 quodam
1101 517 1289 582 convenien-

148 622 239 696 teque
254 620 495 694 temperamento
511 609 638 673 misceat
659 606 706 689 et,
732 622 767 672 ut
779 608 1044 677 Graecorumnon
1057 612 1287 697 ignobilis'scri-

147 725 217 800 ptor
232 714 289 792 ait,
310 713 353 794 τῇ
377 705 479 797 ἀρειῇ
499 706 677 794 τὸνλόγον
690 715 816 797 struppi,
836 709 899 798 τὴν
920 711 1043 801 αἱρετὴν
1064 712 1101 784 δὲ
1121 722 1168 807 τῷ
1180 714 1288 805 λόγῳ.

147 815 220 897 Quo
240 817 274 877 in
293 826 423 900 utroque
445 835 556 895 genere
572 814 601 876 si
621 816 835 894 gravissimum
847 820 930 881 hunc
944 841 1068 883 morum
1084 842 1243 905 censorem
1257 833 1288 885 et

108 978 112 1001 ,
146 920 293 984 virtutum
305 928 537 1004 praeceptorem
547 915 736 980 fidissimtun
751 920 936 986 contendam
951 925 1115 1005 excellcre,
1142 937 1207 989 tam
1221 948 1286 989 cer-

145 1034 194 1085 tus
214 1043 285 1085 sum
299 1020 445 1085 victoriae
460 1022 518 1083 suh
536 1030 568 1082 te
584 1018 702 1100 judice,
732 1043 810 1107 quae
823 1035 876 1087 tua
893 1039 940 1090 est
957 1027 1086 1091 eruditio
1104 1039 1136 1091 et
1149 1028 1182 1090 in
1192 1029 1287 1093 literis

144 1146 267 1211 quoque
285 1135 404 1187 rectum
423 1121 588 1202 judicium,
617 1143 711 1207 quam
728 1124 804 1187 illud
824 1150 888 1191 non
900 1131 1026 1213 ignoro,
1055 1130 1221 1196 ludibrium
1233 1153 1287 1197 me

144 1228 205 1293 sibi
220 1227 333 1292 dehere
347 1226 465 1312 sophos
486 1226 556 1289 illos
573 1245 642 1289 esse
662 1225 813 1307 dicturos,
841 1233 953 1319 quibus
972 1235 1046 1301 sutis
1064 1246 1225 1322 acceptum
1240 1248 1287 1299 est

143 1332 262 1392 nullum
280 1327 419 1415 poe'ticae
438 1339 490 1389 aut
510 1329 704 1413 eloquentiae
723 1352 793 1393 cum
810 1334 999 1413 gravioribus
1016 1334 1182 1425 disciplinis
1197 1360 1286 1402 com-

143 1433 293 1497 mercium
303 1429 500 1495 intercedere.
541 1428 625 1495 Nam
637 1430 713 1517 quid
724 1433 809 1496 aliud
824 1438 864 1498 ab
877 1436 939 1500 ibis
952 1451 1142 1525 exspectem,
1168 1443 1222 1527 qui
1236 1444 1285 1504 fa-

141 1537 195 1599 tali
217 1533 352 1622 quadam
373 1534 566 1615 ignaviores
578 1544 695 1617 patum
710 1557 767 1600 sua
788 1541 1067 1622 conjunctissimas,
1090 1543 1195 1607 studia
1214 1544 1285 1608 dico

63 1638 67 1645 “
140 1640 335 1703 scientiarum
358 1649 390 1701 et
410 1636 608 1701 humanitatis
624 1648 720 1717 artes,
751 1638 831 1704 adeo
852 1657 994 1729 separent
1009 1640 1145 1730 φύσεως
1164 1643 1283 1731 ἐνδείᾳ,

139 1755 173 1805 ut
190 1743 294 1805 scribit
314 1740 542 1805 Platonicorum
560 1740 798 1823 mellitissimus,
819 1747 1154 1830 αατακερματίζοντες
1174 1746 1216 1813 τὰ
1236 1746 1283 1834 μή

137 1841 311 1928 δυνάμενα
325 1843 539 1927 χωρίζεσθαι,
560 1855 609 1923 ut,
631 1844 738 1929 siquis
754 1847 806 1909 illa
822 1860 905 1911 curet
916 1852 1059 1930 jungere,
1080 1852 1164 1913 hunc
1179 1854 1283 1916 statim

137 1950 273 2013 alienum
285 1970 353 2012 esse
368 1934 456 2011 dmni
469 1946 688 2035 philosophiae
703 1949 884 2017 clamitent?
928 1951 1051 2016 Scilicet
1064 1957 1219 2018 assensuri
1231 1956 1282 2021 isti

136 2064 208 2115 sunt
227 2052 383 2116 veteribus
405 2050 609 2137 sapientibus,
640 2049 798 2114 Politicam
820 2055 880 2138 τῆς
901 2052 1102 2138 σεμνοτάτας
1134 2060 1282 2139 φιλοσο-

137 2155 218 2240 φίας
241 2147 328 2219 εἶναι
349 2148 503 2220 udvuuou
523 2151 612 2239 (ipsis
629 2154 714 2216 enim
729 2156 829 2219 verbis
839 2157 964 2220 illorum
974 2157 1076 2238 utar),
1093 2182 1171 2245 quos
1190 2159 1282 2226 vide·

135 2281 207 2324 mus
222 2259 310 2321 omni
323 2280 392 2321 cura
406 2278 530 2321 morum
542 2257 737 2343 posthabita,
767 2278 846 2344 quae
861 2282 935 2325 vera
943 2263 1145 2348 philosophia
1161 2275 1224 2344 est,
1245 2265 1280 2326 in

134 2363 239 2427 nescio
255 2363 365 2448 quibus
379 2361 717 2443 argumentatiunculis‚
739 2362 773 2423 in
786 2362 875 2444 nugis
889 2365 1080 2455 sophisticis,
1109 2367 1141 2428 in
1153 2368 1280 2453 puerili-

134 2469 193 2530 bus
206 2465 377 2547 argutiolis,
398 2466 520 2548 λαβαῖς
534 2463 667 2548 denique
682 2461 855 2548 ῥηματίοις
876 2468 934 2550 τῆς
952 2466 1173 2554 διαλεκτικῆς,
1194 2469 1280 2559 quud

8 2558 20 2571 ‘
133 2591 190 2645 sua
210 2573 277 2649 jam
297 2579 398 2632 aetate
420 2564 602 2654 Euphrades
622 2566 814 2633 Themistius
839 2573 1094 2656 conquerebatur,
1119 2595 1279 2637 summam

132 2673 315 2761 sapientiam
328 2693 461 2760 ponere3
483 2669 599 2733 scilicet
612 2670 774 2735 facundiae
787 2672 886 2737 Persii
896 2674 984 2737 virile
996 2677 1091 2737 robur
1103 2686 1154 2738 aut
1166 2696 1279 2739 recon÷

132 2777 196 2841 dita
208 2779 260 2843 illa
275 2774 404 2839 eruditio
418 2795 475 2837 eos
488 2774 601 2859 capiet,
629 2775 740 2859 quibus
758 2776 917 2863 pristinam
934 2778 1107 2841 barbariem
1120 2778 1278 2845 mordicus

130 2883 261 2947 retinere
276 2891 307 2943 et
326 2880 360 2941 in
380 2877 563 2963 antiquitatis
575 2877 669 2943 totius
686 2878 879 2961 ignoratione
899 2882 1014 2945 versari
1033 2882 1135 2967 potius
1154 2881 1278 2948 videtur

130 3006 199 3055 esse
208 2966 249 3047 ¹ac
261 2982 372 3046 melius
383 3002 478 3077 quam
490 2981 721 3066 possessionem
732 2984 900 3063 literarum,
932 2984 1009 3045 olim
1021 2984 1115 3047 simili
1132 2986 1276 3051 socordia

128 3089 346 3166 extincturum,
377 3086 530 3159 memoria
550 3105 625 3149 vero
644 3096 766 3171 patrum
777 3107 892 3167 magno
904 3084 967 3151 Dei
978 3088 1160 3151 immortalis
1177 3092 1276 3154 bene-

126 3191 197 3255 ficio
212 3192 246 3253 in
260 3194 363 3261 lucem
376 3199 589 3255 revocatorum
607 3210 646 3251 ex
659 3192 720 3253 alta
737 3190 903 3252 hominum
919 3192 1094 3270 oblivione,
1120 3192 1181 3255 sibi
1200 3193 1275 3279 vin-

126 3292 227 3381 dicarq
241 3304 272 3363 et
283 3313 340 3379 pro
356 3312 412 3355 sua
429 3312 582 3377 quemque
600 3292 680 3365 virili
698 3293 829 3379 posteris
850 3314 1003 3375 asserere3
1033 3293 1117 3379 quod
1137 3294 1273 3380 quinon

124 3398 257 3475 faciunt,
279 3382 423 3460 caussam-
435 3393 536 3457 dicere
552 3396 670 3457 nullam
682 3407 830 3482 possunt,
850 3418 912 3483 quo
926 3382 1028 3473 minus
1037 3396 1095 3482 'pro
1111 3399 1187 3459 tanti
1200 3419 1273 3461 mu-

124 3501 205 3571 neris
229 3499 373 3569 bonitatis
400 3496 524 3585 divinae
546 3518 655 3583 partun
681 3498 787 3583 aequis
808 3499 1070 3577 aestimatoribus,
1105 3500 1171 3563 imo
1195 3523 1272 3565 vero

123 3603 235 3689 iniquis
249 3602 433 3687 ingratisque
456 3599 701 3688 aspernatoribus
721 3601 783 3663 sint
799 3600 952 3666 habendi:
985 3601 1065 3666 adeo
1088 3604 1203 3666 cumen
1221 3605 1273 3666 in-

122 3726 198 3787 gens
216 3714 280 3783 est,
309 3704 394 3790 quod
413 3706 480 3769 istis
497 3726 538 3767 ne
559 3703 708 3767 minimae
727 3703 854 3789 quidem
875 3708 981 3791 culpae
999 3707 1092 3767 affine
1110 3705 1270 3785 judicatur.

123 3806 295 3893 Equidem,
324 3808 372 3873 vir
386 3809 541 3887 maxime,
568 3828 625 3893 pro
639 3828 713 3869 meo
726 3807 759 3869 irt
770 3807 872 3873 literas
887 3830 994 3871 amore
1006 3809 1124 3871 sincero
1140 3812 1201 3872 hoc
1215 3833 1271 3893 ge-

123 3932 182 3973 nus
196 3910 360 3973 hominum
376 3912 555 3975 meminisse
570 3931 728 4001 nunquam
740 3932 884 3997 possum,
907 3912 979 3997 quin
993 3914 1097 3974 statim
1111 3917 1175 3992 ejus
1190 3915 1271 3977 mihi

123 4013 157 4077 in
178 4025 317 4085 mentem
333 4015 452 4094 veniat,
483 4013 566 4100 quod
591 4014 622 4076 in
642 4014 899 4079 Dissertationum
918 4016 1036 4079 Arriani
1057 4016 1278 4101 pulcherrimis-

123 4117 208 4181 libris
227 4116 390 4202 aliquando
413 4118 524 4201 legisse
545 4130 594 4195 te,
622 4139 715 4203 quem
732 4120 897 4183 meliorum
911 4119 1067 4183 literarum
1081 4118 1159 4179 nibil
1180 4120 1269 4203 sugit¹

120 4241 183 4282 non
198 4219 314 4285 dubito.
343 4218 453 4287 Scribit
468 4242 544 4287 vero
551 4220 691 4293 Arrianus
705 4222 965 4310 sapientissimum
976 4243 1084 4286 senem
1096 4222 1184 4283 illurn
1191 4220 1268 4317 Epi-

121 4334 234 4389 ctetum
245 4325 409 4413 impietatis
420 4327 454 4389 in
462 4324 569 4391 Deum
581 4345 636 4389 eos
650 4326 855 4404 insimulasse,
870 4325 963 4412 quiin
974 4326 1191 4412 philosophiae
1202 4337 1269 4390 stu-
1314 4318 1321 4333 ¹

121 4425 248 4513 diissipu
259 4422 494 4515 ἀαεγγείτιαὴν
503 4422 649 4514 δύναμιν
661 4430 728 4496 sire
737 4427 907 4495 sermonis
915 4450 1039 4501 curum
1047 4440 1267 4519 tanquam-rem
