2700 4972
122 345 165 408 aa
399 349 415 373 ·-
462 280 898 415 fbouueummu's
1043 332 1046 339 “

123 511 202 578 cod.
219 510 343 598 placing
368 511 470 597 idern,
491 513 552 579 nisi
568 516 672 596 fauor,
692 508 761 596 legi¹
772 512 805 578 in
826 514 1034 609 antiquissima
1053 512 1250 604 Expostuone
1271 500 1275 511 ⁸

123 599 239 665 Donati
259 597 397 663 Gramm.
418 598 506 665 Sacc.
532 599 577 665 X.
600 601 674 665 bibl.
694 599 816 684 Casuli]

209 687 258 750 59.
288 681 367 751 Nec
389 706 520 749 manue*
534 684 716 750 auriculae
734 685 875 749 imitata
898 691 947 750 eal
971 682 1108 751 ιιιοίιίίίσ
1133 684 1248 771 albon]
1293 758 1295 765 ,

120 769 203 835 Alter
214 771 264 832 hic
279 793 393 839 sannae
406 771 534 853 modus:
557 794 633 858 quos
656 774 740 836 enim
761 796 828 837 esse
851 772 954 836 asinos
978 771 1151 854 significare
1169 777 1249 839 vole-
1272 828 1295 853 .,

121 859 205 936 bant,
232 859 373 944 opposito
386 859 574 944 temporibus
588 861 700 946 pollice
721 870 752 922 et
772 881 867 921 manu
888 870 1043 921 commota
1064 880 1194 923 sannam
1210 863 1249 925 eis

120 943 285 1005 faciebant:
307 944 390 1007 ’ratio
409 952 513 1007 autem'
535 955 598 1024 est,
630 947 700 1030 quia
721 947 804 1008 solus
818 949 883 1007 sere
898 966 936 1008 ex
958 945 1142 1009 animalibus
1160 948 1249 1011 borno

121 1016 358 1105 auresanatura
373 1030 488 1115 accepit
499 1029 689 1110 irmnobiles‚
712 1032 814 1095 asinus
829 1041 931 1093 contra
953 1030 1091 1093 maxime
1109 1033 1249 1096 mobilesr

1 1174 3 1182 ,
120 1114 192 1176 huic
209 1135 323 1177 sannae
344 1116 437 1178 affine
453 1127 512 1192 est,
534 1115 619 1203 quod
641 1115 680 1178 ad
695 1116 947 1183 contemtumrei
962 1117 1088 1196 alicujus
1100 1115 1250 1180 declaran-

118 1202 197 1264 dum
211 1212 301 1287 caput
317 1203 502 1280 movebant,
521 1202 590 1287 quia
605 1204 690 1265 aliter
703 1225 791 1266 aures
811 1224 875 1265 non
898 1212 1054 1287 poterantr
1076 1200 1152 1265 ideo
1165 1204 1250 1266 etiam

121 1287 223 1355 σείειν
235 1282 276 1350 τὰ
292 1276 360 1351 ὦτα
375 1285 408 1349 id
423 1286 574 1350 dicebant.
617 1285 752 1352 Galenus
769 1288 819 1351 De
834 1286 1003 1351 differentia
1020 1290 1168 1374 pulsuum
1179 1290 1249 1351 libro
1293 1314 1295 1335 2

120 1370 276 1439 secundo:
296 1368 357 1437 ἐπὶ·
369 1366 500 1449 τούτοις
520 1367 538 1437 ὁ
555 1368 664 1455 γέρων
682 1369 791 1456 ὥσπερ
807 1369 888 1449 ὅνος
908 1369 1011 1436 ἔσεισι
1028 1369 1095 1456 ἤδη
1118 1369 1161 1438 τὰ
1179 1364 1251 1439 dra.

121 1456 264 1541 [Albae,
286 1459 572 1625 ‚‚villisPal]bentibus
592 1461 763 1547 impletas,“
782 1460 878 1527 ovid.
892 1457 1019 1522 illatam.
1036 1458 1099 1535 xl,
1118 1465 1197 1540 176,
1214 1458 1251 1524 da

141 1567 183 1608 uo
205 1547 286 1609 bene
302 1567 321 1606 e
343 1545 364 1606 ‘t
406 1548 426 1608 l.
1131 1568 1136 1579 ·
1214 1558 1219 1565 “

120 1568 141 1632 q
207 1625 286 1696 Nec
302 1566 448 1710 vilanus]
472 1628 685 1717 Supplendum
696 1631 757 1694 sicr
778 1643 809 1695 et
826 1630 971 1718 adquam
984 1628 1176 1695 irridendum
1187 1632 1252 1693 nul-

120 1716 179 1780 llus
193 1738 303 1780 manus
320 1717 438 1779 imitata
460 1727 506 1779 est
525 1719 672 1780 auriculas
694 1718 778 1781 asini.
801 1718 883 1800 [Non
903 1721 1001 1804 placet
1020 1720 1098 1780 haec
1111 1712 1252 1799 jungendi

120 1803 198 1865 ratio
208 1802 339 1882 blumio,
361 1804 543 1889 praeferenti
556 1802 644 1866 Gens.
657 1804 725 1867 Jen.
738 1805 921 1867 sententiam
938 1805 980 1866 ita
993 1806 1088 1869 verba
1101 1803 1252 1866 struentbr

121 1908 185 1952 nec
209 1909 333 1952 manus
352 1890 461 1975 pinsit,
490 1885 627 1953 mobilis
644 1888 780 1953 imitari
795 1890 828 1969 (i.
846 1911 873 1953 e.
891 1889 931 1951 ad
946 1888 1129 1972 imitandam
1151 1889 1253 1952 lectio-

120 1996 196 2036 nem
215 1987 319 2037 autem
338 1972 474 2038 imitari
489 1974 555 2038 Nic.
577 1976 723 2038 Heinsius
743 1978 775 2039 in
801 1975 929 2060 antiquis
950 1974 1127 2038 Leidensib.
1149 1995 1186 2038 se
1204 1974 1252 2037 in-

120 2061 245 2124 venisse
264 2056 380 2143 narrat)
407 2058 586 2122 auriculae
608 2059 718 2125 alboe-
766 2060 830 2124 Sed
851 2065 931 2124 bene
954 2072 1055 2124 tuetur
1078 2063 1165 2142 vulg.
1188 2060 1251 2123 leet.

7 2186 10 2191 ·
122 2142 223 2210 codd.
246 2156 414 2208 ceteromm
435 2156 465 2208 et
487 2144 557 2209 edd.
579 2143 722 2211 Weber.
741 2168 773 2233 p.
786 2152 837 2213 31.
860 2145 975 2211 docens
996 2149 1114 2210 arelat.
1132 2166 1252 2233 praece-
1291 2140 1294 2145 ’

122 2228 215 2295 dente
230 2251 331 2318 quem
345 2228 529 2294 eliciendum
541 2254 609 2295 esse
623 2231 713 2297 cuii.
727 2254 754 2299 e.
778 2232 812 2295 in
826 2236 909 2313 cujus
931 2234 1172 2308 contumeliam]

209 2323 259 2385 60.
282 2311 363 2382 Nec
382 2313 541 2404 linguae,
566 2326 729 2404 quantum
752 2316 851 2381 sitiat
871 2317 969 2381 conis
987 2315 1153 2404 Appula,
1175 2326 1252 2381 tarr·

122 2402 207 2485 loa]
232 2402 361 2471 Tertius·
375 2423 490 2484 sannae
513 2405 625 2467 modus
652 2405 788 2486 linguam
809 2417 944 2468 exertare
970 2404 1010 2467 ad
1039 2404 1253 2467 contumeliam

72 2492 272 2575 Iobalicujus:
293 2510 363 2552 mos
389 2489 628 2568 vetustissimus,
661 2502 694 2552 ut
714 2503 839 2578 apparet
858 2513 897 2555 cx
923 2490 1049 2554 historia
1065 2491 1148 2554 illius
1167 2486 1252 2569 Galli,

121 2573 575 2728 tiltbbltllltt
593 2578 755 2740 plati
775 2575 1174 2727 {llllllmrll‘tvl
1189 2572 1252 2727 ll

120 2749 262 2815 Juvenal
276 2747 334 2828 VI,
348 2748 426 2825 3053
450 2745 512 2810 cie.
527 2746 566 2810 de
577 2684 636 2813 1Ilr.
650 2747 692 2828 H,
706 2753 747 2814 66
754 2712 773 2830 i,
788 2744 867 2811 Gall.
886 2746 1009 2828 XVIII,
1024 2747 1076 2811 4.“
1096 2709 1177 2829 p’ps
1193 2708 1253 2810 Lo}

5 2832 19 2921 ἰ
121 2837 204 2899 cutio
226 2846 328 2898 autem
351 2833 488 2896 similiter
512 2833 697 2920 supplenda,
720 2847 754 2896 ut
772 2835 913 2920 proximo
929 2855 1035 2898 versu:
1059 2844 1090 2896 et
1110 2836 1198 2914 cujus
1214 2835 1253 2896 ir·

119 2919 240 2984 ridendi
252 2940 357 2984 caussa
369 2940 463 2982 nemo
476 2920 612 3000 linguam
627 2920 752 2983 exaurit.
794 2919 895 2983 Nemo
910 2919 1019 3005 estqui
1030 2918 1152 3000 ignoret
1164 2939 1253 2981 canes

119 3011 237 3087 fessos,
260 3028 331 3069 cum
349 3027 404 3093 per
417 3017 536 3069 aestum
549 3005 610 3068 diei
631 3018 765 3085 currunt,
786 3006 893 3069 solitos
910 3007 1046 3086 linguam
1068 3026 1108 3067 ex
1126 3026 1182 3068 oro
1201 3024 1253 3091 pa·

119 3096 184 3156 tulo
203 3094 366 3180 projicere:
395 3088 493 3155 sitiat
518 3113 687 3177 praegnans
710 3105 744 3154 ut
764 3103 878 3156 vocent
898 3094 1043 3170 verbum,
1071 3112 1131 3176 pro
1151 3091 1252 3154 sio‘ens

118 3190 256 3266 promat,
285 3189 319 3240 ut
346 3177 488 3256 oscitat,
524 3177 621 3240 Satira
646 3180 732 3240 tertia
753 3177 833 3258 [59],
862 3199 916 3262 pro
942 3176 1100 3240 oscitando
1123 3188 1253 3257 eructat3

120 3263 252 3327 esurire
272 3262 354 3349 apud
367 3262 405 3326 B.
418 3263 604 3350 Cyprianum
616 3286 672 3350 pro
692 3264 782 3327 edere
797 3285 884 3325 more
898 3262 1109 3342 esurientium,
1132 3262 1166 3325 iu
1177 3264 1252 3325 libro

119 3349 171 3412 De
185 3350 377 3436 spectaculis:
396 3348 517 3434 prima
530 3348 676 3413 victoria
688 3359 739 3412 est
750 3348 845 3411 ultra
860 3347 1002 3410 modum
1013 3345 1162 3421 humani
1176 3368 1253 3413 veu-

75 3454 78 3459 ·
119 3432 185 3498 tris
200 3431 327 3497 esurire
339 3432 494 3518 potuisse
510 3456 615 3521 saper
629 3430 729 3498 titulo
747 3456 912 3498 coronae:
935 3435 1067 3521 loquitur
1080 3435 1168 3497 enim
1181 3431 1253 3518 usui

120 3522 180 3606 τῆς
201 3514 489 3603 ἀναγκαιοφαγίας
507 3532 647 3583 veterum
667 3523 856 3583 athletarum.
1032 3542 1035 3547 ·

206 3604 312 3669 Canu
329 3601 499 3692 Appula]
520 3605 545 3668 Α
567 3607 628 3668 ulia
647 3606 767 3671 fervida
785 3617 831 3669 est
843 3605 942 3687 regio,
961 3615 1008 3684 et,
1031 3615 1065 3666 ut
1079 3617 1173 3669 vocat
1187 3605 1253 3668 Ho-

118 3690 224 3772 ratius,
248 3692 402 3755 siticuloea
424 3690 517 3772 [adde
535 3628 608 3769 lili:
630 3712 695 3753 non
715 3693 775 3755 soli
797 3704 900 3754 autem
918 3713 1008 3754 canes
1025 3691 1164 3772 linguam
1181 3713 1254 3780 pro-

4 3848 8 3853 ,
117 3777 222 3856 jiciunt
232 3779 376 3840 sitientes.
418 3776 547 3840 Nonnus
573 3779 651 3840 libro
665 3776 715 3839 XI
739 3777 814 3855 [157
828 3781 885 3863 sq.]
908 3775 947 3839 de
961 3789 1065 3839 tauro:

369 3859 426 3926 καὶ
440 3865 613 3946 γλῶσσαν,
636 3857 691 3942 ἑῆς
710 3857 915 3944 ἐπιμάρτυροι
937 3863 1043 3946 δίψης,

206 3944 357 4011 Χείλεσιν
380 3945 583 4030 οίγομένοισι
602 3948 800 4030 προΐσχανεν
823 3943 1041 4030 ἀνθερεῶνος.

172 4054 175 4059 ·
207 4029 366 4112 Tantae]
388 4033 459 4097 Non
474 4036 559 4097 aliter
570 4036 782 4097 membranae:
802 4047 874 4119 puta
895 4046 999 4098 tamen
1011 4034 1169 4121 scripsisse
1180 4033 1254 4098 Per-

117 4119 198 4183 sium
218 4124 374 4180 tantuma
394 4141 473 4205 quae
494 4122 583 4183 lectio
598 4132 628 4184 et
646 4121 813 4200 elegantior
829 4125 920 4202 longe
937 4133 983 4184 cst
1002 4134 1032 4183 et
1074 4123 1189 4183 lenior:
1210 4120 1253 4182 sic

117 4217 221 4268 autem
236 4202 404 4291 etquidem
417 4203 491 4267 editi
502 4209 677 4294 praeferunt
698 4205 803 4283 [etiam
818 4205 916 4270 codd.
927 4207 1012 4288 lig„
1033 4142 1118 4287 liin,
1147 4203 1252 4284 Gotn,

116 4294 138 4357 2
150 4291 268 4369 Moun,
287 4289 307 4352 5
319 4289 444 4370 Ham.].

11 4400 17 4407 ·
201 4380 252 4442 6¹1.
286 4368 328 4439 V
323 4395 360 4436 oo
381 4394 401 4436 o
421 4372 593 4459 patricius
612 4372 774 4459 coarguis,
796 4383 839 4461 ᾳ]
867 4373 904 4442 In
923 4378 982 4440 hac
999 4376 1145 4464 particula
1166 4388 1254 4464 post-

116 4479 200 4527 rema
216 4458 370 4527 secundae
389 4460 488 4547 partis
500 4459 534 4524 id
552 4463 614 4543 agit
631 4461 738 4546 po'e‘ta,
759 4474 807 4541 ut,
829 4464 856 4526 si
875 4475 1007 4549 nequeat
1022 4462 1252 4549 vulgrupopuli
