2700 4972
394 294 902 404 seruasti-sarrano
922 338 948 403 1.
1181 343 1245 407 ιω

103 507 261 579 obscurim
273 506 438 590 ianitorem
457 507 635 573 birrientem
650 521 741 598 atque
754 509 916 573 intrabuos
926 508 1150 592 rejicientem‘·
1192 510 1244 578 De

104 590 402 745 mdbmrmfids
413 594 577 761 plutodiae
590 616 681 659 carue
693 594 735 661 ad
757 597 840 659 ostiu
854 594 1069 663 Romanorum
1088 599 1196 684 positis
1209 622 1243 667 a.

101 684 146 747 lau
248 702 309 745 ass.
326 691 357 743 et
391 683 412 743 l.
497 710 501 715 ·
634 689 638 695 '
804 718 807 725 ·
998 712 1004 723 -

183 770 259 835 1'10.
281 768 357 838 Per
371 785 426 829 me
450 761 612 852 equidem
630 765 699 829 siut
713 764 833 829 omnio
845 764 1006 855 pretinm
1028 763 1142 848 albu]
1170 768 1243 832 Non

102 851 231 915 discedit
243 852 365 935 Bersius
380 853 552 914 afamiliari
563 852 622 913 sibi
633 852 731 915 ironia
747 852 852 938 [quam
861 854 914 915 bic
935 853 1037 937 fundit
1051 874 1173 917 summa
1192 855 1243 917 in-

102 932 336 1020 dignati'olss'de
351 942 415 1023 'qua
436 938 576 1023 superius
600 935 751 1003 diximus:
773 934 877 1016 albo,
899 934 933 1001 id
957 950 1003 1002 est
1021 960 1039 1001 a
1060 940 1243 1025 probatione

102 1034 128 1087 et
142 1021 324 1086 laudatione
339 1022 439 1104 digna.
485 1021 645 1108 [Exempla¹
665 1044 714 1110 ap.
736 1021 863 1109 Rupert.
890 1022 930 1086 ad
952 1022 1007 1089 sil.
1029 961 1067 1087 ld.
1088 1023 1166 1105 XV,
1189 1020 1240 1091 53}

102 1108 215 1189 Pace]
260 1106 497 1172 Saresberiensis
511 1108 588 1170 libro
605 1106 696 1171 VIII:
720 1104 849 1171 Omnia
864 1107 1041 1197 ncojorum
1063 1106 1147 1172 albo
1160 1120 1242 1174 aunt

102 1191 302 1258 et'decora's
321 1189 414 1257 nibil
425 1192 461 1257 in
478 1190 527 1256 eis
544 1201 612 1271 est,
636 1191 729 1279 quod
745 1191 870 1257 canino
888 1193 1021 1258 morsui
1033 1203 1163 1281 pateat
1177 1205 1241 1260 oui

100 1284 279 1361 sarritioni,¹
294 1286 336 1343 ut
354 1276 529 1343 satiricus
552 1276 619 1356 ait,
641 1276 819 1366 posticam
834 1290 1032 1345 mereatur.-
1058 1281 1164 1365 omnia
1182 1282 1241 1347 ista

100 1376 135 1430 e'x
147 1366 270 1431 Persio.
334 1374 338 1381 '
863 1376 866 1381 '

183 1456 259 1519 111.
274 1444 352 1515 Nil
364 1448 505 1530 moron]
529 1448 667 1515 Omnem
682 1453 745 1532 jam
760 1474 845 1540 pono
861 1474 966 1517 curam
977 1452 1117 1541 publicos
1136 1464 1239 1519 mures

100 1534 247 1629 carpendi
260 1544 298 1599 ac
331 1536 439 1600 roinde
451 1535 568 1600 Satirae
589 1537 777 1601 scribendae.
1203 1588 1218 1617 Ι.

79 1698 83 1705 ,
179 1618 305 1711 Euge.
328 1640 472 1701 jamnes,
502 1643 619 1685 omnes
642 1623 654 1701 [
662 1626 747 1704 lege:
769 1621 896 1711 Euge!
925 1634 1043 1687 omnes
1061 1624 1186 1689 etenim
1212 1649 1238 1691 c.

99 1704 201 1773 Gud'd.
217 1716 320 1796 pae'ne
335 1709 452 1772 omnib.
466 1720 497 1771 et
514 1706 584 1771 edd.
608 1720 679 1771 ante
697 1708 793 1785 Pitb]
815 1707 897 1771 bene
919 1706 1030 1773 mirae
1043 1710 1145 1773 eritis
1159 1710 1238 1793 rea]

95 1791 181 1858 Adeo
197 1795 336 1858 censoris
349 1795 466 1858 tristem
482 1815 646 1880 personam
668 1794 754 1874 exui,
772 1804 808 1855 ut
823 1805 926 1857 contra
940 1793 1066 1858 laudare
1079 1819 1118 1859 ex
1138 1808 1237 1898 aequb

96 1900 231 1958 omnes„
245 1882 327 1943 bene
346 1891 398 1942 aut
415 1902 502 1943 secus
525 1882 622 1944 vitam
637 1879 843 1960 instituentes,
873 1880 933 1943 sim
954 1892 1084 1967 paratus.
1128 1880 1238 1946 Obiter

94 1964 233 2029 ostendit
246 1964 356 2052 pois‘ta,
378 1966 485 2051 quibus
500 1967 613 2029 artibus
635 1967 780 2028 tenuioris
801 1965 891 2028 sorus
912 1967 1056 2029 homines
1089 1988 1230 2031 rocerum
1237 1971 1290 2035 119

93 2052 264 2115 amicitiam
276 2051 336 2114 sibi
349 2052 543 2114 conciliarent
553 2072 588 2113 ac
599 2062 767 2114 servarent:
783 2052 987 2114 assentatione
999 1990 1151 2132 videlicet,
1168 2074 1239 2117 cum

92 2138 202 2201 omnia
219 2138 344 2199 illenim
361 2135 439 2199 dicta
456 2139 594 2221 factaque
605 2135 763 2198 laudarent
778 2137 925 2198 acmirari
941 2159 976 2201 se
989 2136 1131 2201 dicerent.
1160 2138 1239 2202 Por-

91 2238 127 2287 ro
140 2224 196 2287 bic
208 2242 316 2287 versus
327 2223 481 2301 insumis,
504 2220 596 2284 durus
618 2242 653 2283 ac
689 2224 759 2285 lane
771 2220 913 2286 ridiculos
928 2234 993 2287 est:
1015 2244 1089 2285 nam
1110 2223 1177 2308 quis
1194 2224 1238 2286 ita

90 2310 246 2397 loquitur,
265 2318 301 2370 ut
314 2306 355 2370 de
370 2309 423 2387 iis,
445 2329 522 2393 quos
535 2309 603 2370 vult
617 2244 758 2387 laudare,
780 2306 875 2369 dicat:
896 2322 955 2370 vos
970 2306 1053 2370 eatis
1069 2306 1149 2372 bene
1167 2307 1238 2372 mi-

92 2410 162 2457 rae·
176 2402 255 2468 res}
277 2391 390 2455 deinde
403 2395 633 2474 monosyllaba,
659 2414 738 2478 quae
753 2413 878 2458 versum
896 2392 1170 2472 claudia-omnem
1192 2395 1238 2459 illi
1341 2408 1344 2413 ’

92 2477 334 2545 concinnitatem
347 2477 463 2543 adimit
506 2475 592 2557 Quid
603 2477 716 2558 igitur?
739 2499 778 2540 an
792 2476 937 2542 ridiculus
950 2477 1072 2543 Persius
1084 2480 1152 2544 talis
1166 2502 1239 2546 rer-

90 2586 145 2631 sus
162 2565 293 2630 meror?
314 2565 443 2628 minime
459 2565 646 2665 verut‚‹puin
663 2585 702 2627 eo
718 2567 835 2643 majore
848 2563 957 2645 dignus
972 2563 1077 2647 laude,
1099 2586 1162 2651 quo
1179 2565 1238 2629 du-

90 2652 173 2717 riora
187 2651 269 2713 baec
282 2656 463 2736 sunt'atque
475 2650 721 2714 inconcmniora:
751 2648 791 2712 de
815 2648 962 2713 industria
984 2652 1068 2713 enim
1089 2672 1237 2739 persaepe

91 2736 264 2803 Satirarum
277 2735 447 2822 scriptores
464 2736 497 2796 in
516 2735 598 2799 vitiis
617 2734 815 2817 objurgandis
833 2736 1016 2816 elegantiam
1031 2737 1185 2817 refugiunt
1205 2747 1238 2800 et

92 2822 134 2887 de
146 2844 181 2886 re
193 2820 322 2884 ridicula
335 2842 416 2908 pene
427 2819 570 2885 ridiculos
583 2842 689 2884 versus
705 2822 853 2885 scribunt:
875 2843 939 2883 non
955 2823 1101 2906 quianon
1118 2822 1238 2907 possint

91 2910 256 2986 meb'orus,
272 2904 338 2970 'sed
358 2919 390 2968 ot
402 2909 463 2969 hoc
476 2907 563 2992 quasi
577 2918 734 2971 contemtu
746 2927 820 2969 suae
831 2906 1062 2983 existimationis
1077 2928 1116 2969 ex
1131 2909 1237 2970 animo

92 3010 128 3061 ss
141 2994 277 3059 seribere
292 2994 423 3078 probent
438 3003 468 3055 et
480 2993 533 3077 qui
545 2990 821 3078 reprehenduntur,
842 3004 1007 3071 agnoscant
1018 2992 1096 3055 nihil
1112 3014 1147 3055 ea
1162 2994 1238 3056 scri-

90 3078 327 3168 praeentiam
343 3088 464 3165 praeter
474 3078 613 3163 ipsorum
630 3076 888 3140 emendationem.
931 3077 1061 3139 Horatio
1084 3079 1140 3140 fuit
1158 3080 1237 3141 haec

91 3186 199 3242 mens,
221 3184 294 3227 cum
307 3160 471 3227 Sotirarrun
484 3162 597 3250 politae
615 3163 658 3226 sic
675 3163 860 3249 praeciperet
871 3163 905 3224 in
927 3160 1047 3225 decima
1060 3162 1129 3226 libri
1145 3163 1237 3250 primi

92 3252 105 3331 Ι
138 3394 140 3403 ,
174 3252 407 3405 ffldermone
430 3354 515 3420 opus
536 3343 587 3398 est
609 3330 709 3396 niodo
733 3330 842 3410 tristi,
866 3352 971 3418 saepe
986 3329 1119 3416 jocoso,

177 3416 404 3505 Defendente
427 3419 537 3482 vicem
560 3419 661 3483 modo
684 3418 954 3505 rhetoricaeque
971 3417 1108 3504 peiles,

177 3502 363 3572 Interdum
385 3503 514 3568 urbani
531 3503 710 3591 parcentis
731 3502 864 3570 viribus
885 3510 989 3592 atque
1047 3494 1053 3513 ‘

176 3589 415 3659 hunuanus
436 3611 495 3655 eac
517 3590 683 3655 coticulis.

91 3676 190 3761 Quod
212 3679 280 3743 aliis
299 3678 467 3764 praecepit,
495 3678 562 3763 ipse
588 3680 622 3740 in
647 3698 685 3741 eo
705 3687 884 3758 argumento
904 3673 1060 3738 tractando
1083 3676 1237 3743 amarit:

90 3768 155 3831 suis
166 3768 299 3852 inquam
312 3764 428 3828 viribus
442 3765 579 3849 pepercit
593 3785 706 3849 easque
723 3764 860 3826 consulto
878 3760 1071 3839 extenuavit,
1092 3772 1126 3823 ut
1141 3783 1237 3825 nemo

90 3853 182 3917 facile
198 3851 331 3933 lyrictuu
350 3849 514 3911 Horatium
532 3849 564 3911 in
585 3847 690 3912 Satiris
713 3859 873 3929 agnoscat:
905 3868 976 3907 cum
995 3847 1086 3926 igitur
1104 3848 1237 3911 Horatio

91 3960 148 4003 suo
170 3938 244 4001 beic
265 3935 489 4021 obtemperarit
509 3934 648 4013 Persius,
669 3946 736 3996 tum
760 3935 853 3997 etiam
876 3931 1049 4078 Chrysippo
1071 3932 1145 3995 item
1167 3955 1237 4011 suo,

89 4023 144 4111 qui
160 4024 194 4087 iu
208 4022 312 4111 primo
324 4019 364 4083 de
375 4020 525 4083 rhetorica
539 4019 650 4083 diserte
659 4021 776 4106 scripsit
789 4021 959 4106 sapientem
995 4017 1137 4081 evirtsrte
1149 4020 1288 4087 scri-,150

89 4114 217 4176 bentem
238 4127 305 4170 non
317 4106 385 4169 illas
399 4108 501 4169 solum
521 4106 654 4168 minutas
674 4108 830 4168 rhetorum
850 4103 1129 4190 praeceptiunculas
1149 4105 1236 4167 insu·

90 4218 144 4284 per
153 4194 350 4270 habiturum,
370 4191 482 4276 quibus
498 4190 669 4255 cavendum
684 4191 872 4277 praecipiunt
884 4189 1039 4252 vocalium
1053 4210 1237 4253 concursum

91 4284 157 4347 etsi
169 4287 337 4369 quaesunt
349 4276 469 4355 similia,
483 4275 540 4339 sed
552 4288 582 4339 et
594 4279 711 4357 majora
722 4274 874 4362 quaedam
888 4274 945 4337 alia
960 4275 993 4337 in
1009 4275 1146 4339 oratione
1160 4295 1238 4360 pec-

91 4380 244 4446 caturum,
268 4362 471 4427 soloecismos
492 4361 585 4425 etiam
601 4361 754 4424 interdum
773 4361 992 4432 admissurum,
1012 4381 1144 4507 puorum
1156 4360 1236 4424 alios

90 4453 229 4542 puderet.
275 4445 441 4536 (lbrysippi
454 4450 550 4513 verba
564 4459 634 4513 sunt
643 4448 722 4512 baec
733 4446 817 4536 apud
826 4447 976 4514 Plutarch.
1000 4443 1012 4523 l
1032 4442 1236 4510 eStcioorum
