2700 4972
167 358 233 425 208
302 360 306 367 “
537 338 942 411 COMMENTARIUS

169 526 387 590 efferebantur:
421 516 474 607 qui
496 534 606 583 omnes
631 519 775 581 funerum
794 514 868 581 sitris
892 514 1030 601 itemque
1057 514 1111 579 alii
1128 514 1219 581 toties
1235 514 1285 599 jani
1318 494 1341 561 5

170 608 323 675 observati
342 604 481 692 adeoque
504 603 640 667 illustrati
658 602 930 667 eruditissimorum
954 600 1122 665 hominurn
1139 600 1284 685 diligentis,
1320 606 1341 645 Β

170 698 251 759 utin
264 696 302 757 iis
319 696 399 757 velle
416 690 485 755 heic
505 690 662 751 immorari
679 710 902 774 supervacuum
922 688 963 751 sit
982 708 1018 749 ae
1033 684 1129 773 plane
1144 692 1285 773 φορτικῆς
1321 682 1341 729 ²

170 775 435 865 λογοδιαρροίας.
477 772 542 865 Qui
555 785 625 837 ante
645 794 704 837 nos
721 774 943 859 hunejpoiitem
961 784 1140 853 tractarunt,
1162 776 1285 841 ιίπολε
1323 778 1341 817 ⁵

94 926 99 941 ,
171 858 598 949 οιναγνωσλανειιοιιιῇιιᾶἱοίἰ
613 861 784 923 ιῐιειιιτὶοιίε
802 862 866 923 sale
888 857 1092 938 condiissent,
1113 860 1285 923 honorisue
1325 844 1341 903 l

170 952 283 1019 melius
295 949 531 1013 consuluissent:
553 967 646 1031 quam
663 948 759 1008 multa
775 944 1019 1029 enimpeccant?
1049 954 1086 1006 ut
1105 968 1178 1009 cnm
1197 948 1287 1009 tutan
1327 954 1341 987 ’τ

175 1032 227 1100 ’το
250 1036 326 1098 riam
338 1033 438 1118 funeri
448 1032 572 1119 publico
592 1032 708 1095 faciunt
727 1030 868 1109 [sonabat
883 1041 1002 1093 tantum
1021 1030 1056 1091 in
1076 1027 1287 1111 indictioni.
1329 1052 1341 1075 τ

171 1059 250 1205 ΜΞ
271 1141 341 1183 cum
360 1141 402 1181 ex
424 1116 617 1180 candelarum
634 1118 791 1179 mentione
811 1120 904 1178 sunus
923 1118 1067 1179 acerbum
1083 1117 1157 1180 heic
1177 1116 1289 1181 denus·
1328 1122 1342 1195 Ξ

173 1212 359 1287 conjectanti
382 1225 444 1289 quo
457 1201 529 1287 quid
545 1201 727 1267 absurdius?
748 1222 823 1264 nam
839 1200 934 1286 poeta
950 1200 990 1265 de
1004 1202 1072 1267 viro
1084 1203 1306 1289 loquitrn,‘qri
1331 1272 1336 1279 ,

173 1296 208 1361 in
225 1294 299 1357 vino
321 1301 351 1353 et
366 1291 432 1352 aliis
451 1288 656 1372 voluptatibus
677 1286 730 1349 diu
747 1287 1003 1366 sevolutaverit,
1022 1298 1191 1375 perpetuus
1205 1288 1291 1375 pbilu
1331 1284 1342 1333 ἱ

175 1374 395 1466 sopbiae'osor
410 1387 440 1437 et
463 1376 651 1453 contemtor,
672 1394 736 1434 non
757 1371 796 1434 de
815 1373 1000 1458 infante-aut
1038 1392 1116 1437 uero
1135 1372 1307 1455 veladob,
1333 1380 1342 1419 ¹

175 1474 296 1536 scente,
318 1464 402 1541 cujus
415 1470 539 1547 peccata
555 1469 638 1521 aetas
653 1459 762 1523 merito
785 1458 983 1521 excusaverit.
1017 1392 1097 1545 lpse
1110 1457 1247 1539 Persiu,
1258 1456 1314 1537 h..
1333 1464 1342 1539 Ξ

176 1572 237 1635 quo
246 1546 409 1609 lrominrnn
425 1566 534 1625 genere
548 1546 625 1605 haec
637 1541 1027 1628 sintaccipienda,declerat
1038 1544 1206 1609 manifesto
1216 1530 1315 1613 ma
1334 1550 1342 1589 ¹

175 1636 246 1715 illo,
267 1654 359 1695 (uem
371 1631 521 1695 sermonis
533 1631 623 1708 hujus
642 1629 729 1691 initio
747 1629 868 1714 posuit:
893 1662 896 1669 ·
1136 1640 1148 1661 ·’

262 1655 354 1783 iieic
371 1712 498 1801 aliquis
511 1710 672 1801 degente
687 1710 826 1777 hircosa
843 1709 1101 1777 centurionumt

178 1803 320 1885 anigitur
336 1803 472 1867 virorum
493 1801 670 1863 militarium
689 1801 796 1863 acerba
820 1810 891 1863 sunt
903 1800 1037 1865 funera?
1048 1796 1175 1865 'deinde
1194 1798 1247 1863 ills
1257 1794 1295 1861 ffi-

178 1891 299 1956 stinctio
321 1888 400 1950 cerei
419 1898 451 1949 et
468 1888 594 1964 funalis,
617 1885 674 1949 etsi
694 1906 824 1965 magnos
840 1886 922 1949 viros
943 1897 1082 1949 auctores
1101 1888 1213 1967 habet,
1231 1886 1295 1949 nte

178 1989 284 2040 tamen
299 1973 460 2036 adhibetur
480 1970 520 2033 ad
535 1970 697 2034 discrimen
716 1969 911 2033 statuendum
930 1971 1010 2034 inter
1032 1974 1144 2035 acerba
1163 1974 1297 2034 lunelacl

179 2063 257 2125 alia:
279 2058 341 2121 loci
352 2057 503 2135 Senecae,
522 2078 599 2141 quos
615 2058 647 2119 in
661 2078 731 2118 cam
745 2078 811 2119 reru
825 2057 964 2135 afferunt,
985 2058 1072 2119 aliter
1082 2056 1182 2164 accipi
1201 2056 1298 2119 (tehen

179 2166 280 2232 neque
294 2146 326 2206 in
340 2165 410 2206 eam
424 2142 606 2205 sententiam
623 2140 784 2227 torquendi
802 2153 887 2203 sunt:
907 2144 1035 2205 mortuis
1055 2154 1177 2223 nutem,
1198 2140 1298 2203 etdrn

179 2233 213 2295 in
229 2231 379 2295 vestibulo
392 2228 484 2312 positi
503 2238 587 2289 crant
611 2239 641 2289 et
664 2249 733 2287 cum
756 2228 946 2305 efferrentur,
971 2228 1051 2307 ignis
1071 2226 1193 2309 aderat3
1218 2224 1300 2289 iidem

180 2318 212 2381 in
236 2314 409 2387 conditoriis
432 2314 525 2375 ctiam
548 2333 618 2375 suas
636 2314 773 2375 lucernas
794 2314 966 2375 habuerunt
990 2334 1025 2374 ae
1043 2314 1214 2377 luminibus
1231 2310 1301 2377 vuit

131 2401 270 2478 305soliti
284 2397 443 2462 honorari:
462 2418 539 2483 quos
553 2418 661 2459 omncs
673 2398 747 2461 ritus
761 2396 905 2461 candelae
919 2399 1127 2485 appellatione
1138 2396 1301 2463 iuuuitbdt
1334 2426 1339 2455 ι

113 2560 119 2570 ,
180 2486 312 2555 Persius.
353 2484 424 2547 Jam
442 2482 524 2569 quod
536 2483 588 2545 illa
600 2485 710 2562 verba,
1089 2524 1096 2535 τ
1335 2472 1338 2487 '

631 2605 633 2609 ν
657 2564 862 2655 tandemque
881 2565 1038 2633 beatulus
1055 2567 1147 2633 alto·

165 2728 168 2733 ,
270 2649 486 2739 Compositus
501 2647 600 2735 lecto,

182 2743 226 2810 ad
245 2763 365 2807 morem
383 2737 552 2803 collocandi
570 2748 709 2802 mortuos
730 2741 879 2819 referunt,
904 2761 946 2803 ne
962 2738 1139 2804 rudioribus
1158 2738 1305 2827 importari

185 2832 284 2895 cautio
299 2839 359 2891 cst:
374 2824 470 2912 quid?
493 2819 667 2908 περιστολὴ
678 2826 800 2906 νεκροῦ
812 2837 843 2887 ει
856 2820 1015 2909 πρόθεσις
1025 2827 1086 2889 ill³s
1098 2820 1224 2901 videtur
1231 2824 1306 2887 idern

185 2916 277 2981 esse?
307 2915 368 2975 hoc
384 2932 477 2975 nemo
499 2910 543 2973 cis
568 2912 765 2989 concesserit,
787 2912 840 2995 qui
852 2915 904 2975 vel
917 2904 1110 2993 ολιιροθιγῶρ
1121 2906 1307 2977 Graecamst
1340 2942 1345 2977 t

183 3002 359 3068 llornarram
388 2996 595 3081 antiquitatem
617 2994 798 3077 degustaritt
826 2995 1044 3076 περιστέλλειν
1062 2994 1196 3075 Graeci,
1217 2992 1307 3059 Latini
1342 3050 1345 3059 .

184 3093 561 3171 componere'mortuum
585 3080 742 3161 dicebant,
770 3102 840 3143 etun
862 3087 928 3162 ejus
954 3082 1086 3146 cadaver
1102 3082 1308 3167 probe-lotum

184 3186 276 3259 atque
293 3180 419 3231 unctum
435 3167 536 3229 linteis
552 3166 766 3245 involvebant,
789 3167 872 3251 quod
885 3164 1082 3233 ἐντυλλττειν
1095 3180 1158 3231 tres
1175 3166 1309 3247 Evange-

184 3261 272 3323 listae
284 3254 437 3332 dixerunt,
457 3250 663 3315 Artemidorus
677 3250 716 3332 [l,
731 3253 781 3330 13]
805 3249 1009 3335 ἒσχισμένοις
1024 3246 1163 3337 ῥάκεσιν
1175 3248 1310 3327 betisi&

186 3356 218 3407 ct
232 3343 360 3404 corollas
375 3349 549 3422 caeteraque
567 3350 746 3399 ornamenta
759 3337 804 3399 illi
821 3338 1013 3418 adjiciebant,
1034 3339 1146 3424 quibus
1162 3350 1252 3403 vetus
1265 3358 1311 3401 su·

210 3426 323 3490 erstitio
338 3433 476 3484 mortuos
491 3443 564 3484 suos
577 3422 661 3487 varie
671 3420 849 3502 adornavit,
870 3426 913 3487 ita
931 3424 1095 3510 compositi
1113 3435 1207 3511 atque
1224 3420 1313 3487 ornati

75 3582 79 3589 ,
185 3450 266 3577 lecto
281 3508 368 3571 ferali
383 3507 576 3592 aptabantur3
595 3506 682 3592 ¹quod
695 3508 765 3571 heic
801 3507 871 3571 oe'ta
889 3507 1047 3595 componi
1070 3506 1219 3575 inlecto
1237 3508 1313 3573 dixit.

188 3595 322 3663 Ovidius
344 3594 376 3656 in
391 3590 760 3677 lX.llleta1norplroscon
774 3530 880 3675 ibodlr
1277 3658 1289 3671 ,,

415 3696 574 3763 perenm,
593 3698 728 3761 precor,
750 3674 830 3766 ipsa
846 3678 950 3764 ledda
965 3677 1064 3760 ante]
1071 3686 1224 3767 toroque.

274 3761 416 3828 Mortuo
435 3782 644 3911 componam
1033 3824 1037 3829 .

188 3872 279 3936 saepe
293 3861 395 3912 autern
409 3846 490 3934 apud
536 3870 641 3912 raecos
654 3858 685 3911 et
699 3849 825 3914 Latinos
836 3851 938 3915 verbis
951 3844 1174 3932 περιστέλλειν
1186 3860 1220 3913 et
1234 3866 1318 3913 com-

214 3956 314 3998 ouere
329 3946 410 3997 totus
427 3955 443 3995 a
465 3947 585 4021 paratus
604 3936 739 3998 funebris
756 3947 787 3998 et
805 3940 896 4000 sunus
913 3937 1090 3999 universum
1110 3937 1320 4017 intelligunnn.

182 3958 332 4086 liltrratius
352 4018 431 4101 [Sat.
444 3956 484 4105 l,
503 4025 532 4097 9,
552 4019 626 4099 28J:
655 4041 773 4083 omnes
792 4020 969 4106 composui
975 4045 987 4097 ,·
1014 4020 1072 4085 sed
1091 4022 1219 4108 proprie
1236 4040 1320 4101 περι·
1343 4064 1347 4077 ·

190 4103 334 4173 στέλλειν
348 4116 378 4167 et
391 4123 589 4188 componere
605 4104 637 4166 id
651 4107 820 4186 significant
832 4108 915 4192 quod
932 4107 1079 4171 diximus:
1102 4128 1198 4191 quare
1214 4106 1321 4191 Olym-

188 4192 333 4279 piodorus
353 4190 385 4251 in
407 4187 607 4251 Phaedonem
629 4189 779 4271 Platonis,
809 4195 863 4254 ubi
886 4195 1032 4278 explicat,
1057 4192 1132 4276 quid
1159 4188 1320 4255 ornnesbi

187 4299 292 4341 mores
306 4275 515 4356 συμβολικῶς
529 4272 707 4354 denotarint,
726 4279 990 4361 compositionem,
1013 4300 1084 4341 cum
1096 4279 1202 4341 fasciis
1214 4274 1320 4341 mortni

109 4422 116 4437 ,
187 4364 400 4437 involvebant,
427 4360 468 4422 ait
497 4358 654 4439 designare
673 4360 846 4445 expeditam
875 4362 913 4426 ad
938 4385 1066 4448 superos
1084 4365 1321 4448 prosectionem:

187 4450 252 4516 τοῦ
270 4440 436 4527 εὐζοὶνονς
456 4438 611 4529 ἀναθεῖν,
640 4447 752 4532 inquit,
784 4442 953 4533 σύμβολον
980 4444 1018 4513 cd
1041 4446 1320 4532 περιστέλλεσθαι
