2700 4972
412 328 472 394 ro
494 324 666 396 rnusrr
692 324 909 396 sacratur
925 293 955 392 r.
1207 335 1250 398 ra

95 496 248 568 rRomani
260 496 413 581 obderem
426 500 588 566 atanitatc
599 501 651 565 illa
663 522 700 563 ac
716 497 810 577 viriis
829 520 910 587 quas
923 502 1070 565 hactenus
1082 496 1248 591 descripsit,

104 598 136 649 at
146 586 292 673 patritios
308 588 418 649 saltem
441 597 472 649 et
487 587 677 651 nobilissima
694 607 834 674 quaeque
852 586 976 667 ingenia
995 588 1034 650 ab
1053 586 1092 649 iis
1105 587 1248 651 institutis

94 600 270 753 ideterreat,
311 693 370 736 uae
387 671 466 735 adeo
481 671 575 736 foeda
588 673 649 737 sint
665 683 696 736 et
707 671 870 736 liberaliter
882 673 961 735 natis
976 670 1170 758 educatisque
1182 685 1247 736 tam

101 757 244 839 indigna.
281 695 410 844 (iaptare
424 759 507 821 enim
519 763 637 821 samam
658 780 698 821 ex
716 756 879 844 scriptione
897 758 1116 821 versiculorum
1129 759 1298 827 aussi-1⁰6

104 845 230 907 milium
243 865 395 925 nugarum
409 848 488 907 seras
501 857 653 931 utcunque
665 845 697 906 in
717 866 771 922 eo,
794 843 846 928 qui
861 844 954 905 aliam
965 844 1115 907 rationem
1131 847 1247 913 nullam

103 930 182 993 inire
194 940 313 1016 potest,
335 951 394 1015 qua
416 952 451 993 se
470 932 557 992 tollat
568 932 665 993 humo
683 941 713 992 et
734 929 779 990 rei
795 929 937 992 familiari
958 929 1138 1015 prospiciat:
1159 931 1191 993 in
1207 952 1246 994 eo

103 1017 171 1095 jure
185 1014 305 1094 rideas,
326 1038 421 1102 quem
440 1018 556 1080 natales
577 1027 608 1080 et
624 1017 724 1080 avitae
744 1035 819 1102 opes
840 1012 881 1078 ed
901 1016 1121 1102 rempublicam
1140 1038 1247 1103 capes-

103 1100 238 1165 sendam
250 1113 373 1168 vocant.
387 1172 390 1177 ,

191 1184 289 1268 Quos
300 1184 415 1251 vivere
422 1181 490 1272 fas
504 1194 556 1248 est
574 1180 729 1272 Occipiti
748 1186 879 1266 cneco]
905 1180 995 1265 Quos
1016 1185 1167 1251 natalium
1186 1187 1247 1247 hu-

102 1272 219 1339 militas
238 1295 304 1337 non
321 1273 402 1355 cogit
421 1294 477 1360 spe
501 1274 626 1352 alicujus
650 1271 808 1334 commodi
825 1273 957 1334 scribere
975 1293 1010 1333 ac
1029 1272 1154 1341 recitare
1160 1293 1169 1349 3
1189 1270 1246 1335 sed

102 1358 175 1423 licet
185 1362 307 1423 famam
319 1358 358 1439 iis
377 1358 490 1429 artibus
506 1359 675 1445 quaesitam
697 1370 891 1421 contemnere
908 1368 938 1420 et
958 1356 1092 1421 eximere
1109 1377 1167 1421 vos
1189 1379 1246 1420 eo-

101 1464 172 1509 rnm
190 1438 363 1525 cachinnis,
386 1445 438 1530 qui
457 1444 587 1507 miseros
605 1444 779 1507 recitatores
794 1445 896 1529 palam
913 1440 1052 1522 laudant,
1075 1445 1154 1509 clam
1170 1445 1246 1507 su‘b-

102 1541 249 1594 sannant:
271 1527 387 1595 vivere
404 1526 548 1614 occipiti
564 1550 666 1593 cneco
683 1526 755 1591 illis
766 1525 848 1612 jas,
870 1528 922 1615 qni
939 1529 1017 1595 nihil
1029 1540 1176 1611 coguntur
1189 1523 1246 1590 ad-

101 1616 243 1696 mittere,
275 1618 359 1679 cu‘us
382 1614 475 1697 gratia
496 1627 602 1703 optare
622 1613 754 1678 debeant
773 1614 843 1678 Jani
864 1616 986 1694 oculos,
1008 1612 1127 1700 dequo
1147 1613 1245 1678 modo
1304 1660 1311 1673 ,

102 1699 230 1765 dictum.
276 1700 288 1779 [
325 1722 365 1763 ns
380 1708 431 1763 est
450 1701 470 1764 i.
487 1723 513 1764 e.
536 1703 646 1787 quibus
665 1699 849 1781 denegatum
869 1720 887 1761 a
906 1711 1049 1763 natura
1068 1711 1116 1762 est
1133 1701 1245 1764 rivere
1273 1725 1276 1737 ·

101 1788 247 1937 pecipitio
266 1788 363 1851 oculis
385 1786 542 1875 praedit03
566 1789 650 1851 male
670 1787 776 1867 igitur,
803 1781 927 1874 quijus
952 1793 1015 1847 est.
1058 1784 1157 1851 Web.
1175 1796 1246 1872 post
1299 1804 1302 1821 ¹

126 1875 207 1954 ass-r

187 1964 242 2025 62.
270 1954 432 2022 Poeticae
447 1953 621 2021 occurrite
637 1957 790 2037 cannae]
818 1952 904 2037 Quid
920 1956 959 2020 sit
977 1977 1073 2029 sanna
1084 1958 1149 2037 jam
1164 1955 1245 2020 dixi-

101 2065 189 2109 mus:
216 2057 317 2109 errant
334 2045 386 2131 qui
402 2040 551 2107 Graecam
563 2065 676 2107 vocem
688 2054 812 2128 putant;
837 2043 913 2105 olim
932 2043 1108 2107 observavit
1125 2042 1243 2106 Aristo-

99 2132 220 2216 phanes
238 2131 451 2212 grammaticus
467 2130 624 2194 Cratinum
638 2129 790 2193 cornicum
812 2149 849 2191 ex
869 2128 1014 2195 omnibus
1027 2125 1151 2192 Graecis
1167 2129 1243 2193 scri-

120 2216 240 2280 toribus
254 2217 379 2292 σάννοις
393 2237 504 2279 vocem
519 2215 660 2301 posuisse
672 2236 727 2301 pro
743 2211 846 2277 stulto
863 2210 1018 2300 [Frogm
1035 2210 1174 2278 Cratini
1191 2213 1243 2297 ed.

98 2238 234 2367 itunkel.
250 2325 279 2388 p.
299 2308 350 2382 94,
372 2303 425 2363 ubi
439 2313 469 2363 et
481 2299 633 2364 Eustathii
648 2300 709 2362 loci
731 2298 892 2379 indicati.]:
915 2299 1035 2379 conjicit
1055 2311 1159 2363 autem
1175 2298 1243 2363 Eu·

98 2389 231 2453 stathius
243 2409 262 2451 a
274 2386 386 2450 Sannis
400 2389 538 2473 populis,
560 2408 638 2472 quos
655 2386 751 2470 ipsius
769 2397 852 2448 aetas
871 2387 1003 2473 vocalrat
1017 2382 1158 2465 Tzanos,
1179 2386 1242 2449 hoc

96 2494 217 2537 nomeu
239 2476 504 2537 translatumesse
525 2471 566 2535 ad
589 2472 843 2552 significationem
861 2470 1005 2534 stultitiae
1023 2470 1082 2549 [cf.
1103 2470 1185 2551 Pl.]·
1206 2482 1242 2535 ut

97 2556 201 2623 Latini
221 2560 403 2646 rupiconem
416 2570 446 2621 et
467 2569 616 2639 agrestem
637 2556 777 2620 dixerunt
799 2553 965 2641 Opicum,
981 2557 1129 2643 pinguem
1185 2577 1241 2617 m·

98 2641 218 2711 irum,
245 2648 373 2708 stultum
402 2640 663 2707 Marrucinum.-
683 2665 741 2707 nos
761 2643 951 2730 suspicamur
979 2643 1129 2723 originem
1153 2634 1241 2708 iocis

99 2753 168 2795 csse
183 2734 222 2796 ab
235 2730 450 2795 Hebraeorum
472 2731 568 2793 verbo
587 2738 642 2807 prat
662 2749 805 2793 acuere:
826 2728 909 2793 unde
932 2734 972 2808 rut
989 2724 1075 2791 dena
1096 2739 1127 2791 et
1145 2736 1242 2793 nortui

98 2813 266 2885 aculeata
289 2815 420 2893 oratio,
450 2814 622 2895 cujusmodi
646 2827 692 2879 est
712 2836 817 2878 sanna.
849 2812 959 2879 Graeci
978 2814 1088 2887 eadem
1110 2815 1240 2879 notione

98 2903 194 2968 etiarn
209 2924 323 2969 vocem
338 2905 451 2987 μῶκος
461 2913 646 2987 posuerunt:
669 2923 742 2964 nam
756 2902 872 2984 μῶκον
887 2902 930 2963 ita
946 2900 1052 2967 definit
1064 2901 1239 2989 Simplicius

97 2989 130 3051 in
141 2986 336 3075 Epictetum:
358 2982 471 3071 paiao‘c
485 2982 574 3052 ἐστιν
587 2981 605 3051 ὁ
617 2981 843 3070 praeacceptis
860 2983 917 3053 soi
930 2980 949 3051 ὁ
963 2983 1019 3053 dcci
1039 2991 1144 3054 ποιοῦ
1157 2985 1239 3075 σχή-

98 3095 204 3160 ματος
221 3067 425 3157 sciscitantis:
445 3075 538 3159 plane
553 3093 682 3136 sannam
695 3074 805 3136 melius
820 3095 885 3135 non
899 3083 946 3136 est
960 3071 1096 3141 definire.

184 3165 239 3224 68.
265 3159 347 3234 Quis
366 3157 490 3245 populi
512 3178 626 3221 sermo
648 3157 725 3220 est?
747 3155 822 3243 quis
839 3156 960 3220 anim?
985 3157 1055 3221 nisi
1071 3159 1230 3227 carmina
1238 3180 1289 3240 107

96 3241 202 3309 molli
223 3240 286 3326 N]
303 3247 395 3313 ‘Haec
408 3245 496 3308 tertia
513 3243 628 3307 Satirae
642 3265 730 3331 pars,
754 3248 838 3323 cujus
852 3244 1033 3308 sententiam
1046 3257 1117 3310 ante
1137 3269 1238 3335 expo-

95 3332 232 3396 suimus:
255 3353 347 3417 quam
369 3354 441 3409 uam
452 3352 516 3393 non
527 3330 699 3416 displiceat,
721 3330 1237 3416 siprioribushaecconnectantur,

96 3430 130 3481 nt
145 3419 263 3482 sithoc
278 3355 496 3480 duodecimum
512 3415 612 3498 μέρος
627 3416 687 3478 τοῦ
706 3411 840 3495 πρώτον
857 3413 996 3498 pil-ove:
1017 3439 1107 3498 nam,
1128 3431 1163 3482 nt
1180 3443 1237 3486 vc-

95 3515 176 3568 teres
193 3503 288 3565 critici
301 3515 424 3567 censent
436 3513 531 3581 recte,
552 3502 638 3582 jungi
649 3505 726 3564 haec
740 3500 853 3565 debent
866 3525 936 3564 cum
950 3502 1004 3565 illo
1014 3525 1121 3567 versu:

181 3584 231 3653 Et
245 3609 383 3664 verum,
407 3585 538 3675 inquis,
562 3608 660 3661 amm·
682 3608 801 3651 verum
824 3585 913 3650 mihi
934 3584 1041 3650 dicite
1067 3588 1109 3651 cle
1133 3610 1207 3667 mc;

95 3674 139 3739 ibi
156 3672 299 3763 putidam
309 3673 505 3751 κενοδοξίαν
521 3677 665 3754 arguebat
684 3675 848 3737 hominum
864 3673 981 3737 laudari
994 3674 1028 3737 in
1051 3697 1086 3739 os
1109 3677 1238 3762 copien-

94 3763 190 3840 tium,
213 3761 283 3823 heic
296 3760 423 3824 foedam
436 3760 645 3833 adulationem
662 3756 803 3824 describit
817 3757 1017 3823 Gnathonum
1031 3760 1175 3841 istorum,
1196 3761 1237 3827 de

94 3848 205 3932 quibus
216 3859 287 3909 ante
302 3858 348 3910 est
361 3846 485 3909 dictum.
531 3843 631 3926 [Quis
648 3842 773 3931 popzrli
788 3865 901 3909 sermo
919 3852 972 3908 err
986 3858 1058 3909 sunt
1072 3850 1168 3913 verba
1179 3847 1237 3911 ad-

93 3954 228 3997 versam.

182 3934 271 4099 Qriis
294 4012 430 4096 enimi]
452 4009 722 4099 ’Eppnrcuoicncn
743 4014 874 4094 dictum,
896 4015 982 4102 quasi
1001 4018 1074 4081 urbs
1094 4020 1237 4084 universa

94 4102 299 4169 admiratione
308 4104 422 4189 percita
436 4100 514 4164 adeo
528 4103 602 4163 boni
612 4101 724 4188 poe'tae
737 4101 820 4163 aliud
831 4101 908 4163 nihil
920 4103 1238 4187 loquereturnisilau-

95 4189 148 4255 des
160 4194 227 4271 ejus
242 4200 274 4252 et
286 4189 443 4269 encomia,
457 4187 590 4250 similem
602 4187 776 4275 emphasim
784 4189 1024 4253 observabamns
1037 4189 1120 4275 apud
1128 4186 1236 4254 Theo-

92 4278 255 4363 phrastum
266 4276 301 4337 in
312 4276 408 4342 uerbo
424 4274 660 4356 κατενεχθῆναι
672 4273 731 4336 isto
745 4275 815 4335 loco
830 4294 869 4336 ex
880 4270 1081 4359 descriptione
1093 4272 1300 4357 adulata-(trt-

94 4363 132 4427 ris
165 4366 210 4440 [c.
234 4365 273 4440 3,
294 4362 347 4422 ubi
369 4359 490 4424 Comm.
516 4381 546 4445 p.
574 4357 674 4438 114.]:
704 4354 898 4443 ηὐδοκίμοις
936 4353 997 4434 otc
1015 4355 1052 4425 ἐν
1072 4361 1114 4444 τῇ
1136 4360 1236 4465 ocop'·

94 4442 260 4516 πλειόνων
270 4441 337 4530 peip
350 4440 373 4529 ἢ
386 4441 566 4526 τριάκοντα
579 4437 771 4527 ἀνθρώπων
791 4448 904 4529 notan
942 4464 992 4511 ov
1010 4441 1067 4510 acl
1080 4440 1236 4529 ἔμπονον-
1246 4480 1258 4519 ,-

1253 4542 1321 4684 d
