2700 4972
316 353 380 421 ao
409 340 581 429 maan
616 352 839 425 samaia
872 357 915 423 v.
965 396 968 401 -
1084 314 1212 434 ‘2⁶3¹'
1271 407 1273 411 ,

69 528 208 605 ixuliam
220 527 383 610 sentirem
403 526 466 591 duo
483 524 560 607 ¹dicit
581 524 721 593 Persius:
750 532 916 593 correctam
957 529 1070 599 florem
1090 534 1187 601 vitam

69 636 134 677 mm
152 637 171 677 a
184 612 338 694 Cornuto,
360 626 525 703 postquam
536 634 571 676 se
583 614 629 675 illi
640 614 673 676 in
687 612 879 702 disciplinam
889 552 991 699 dedit,
1012 622 1096 685 etita
1108 624 1187 688 levi-

69 722 90 762 ιτ
106 699 267 785 [leniteri']
290 712 462 787 correptum
478 719 513 763 se
526 710 616 785 atque
631 700 670 763 ab
687 700 818 793 obliguis
836 703 1006 785 &amitibus
1019 704 1054 767 in
1070 706 1186 773 rectam

69 788 132 848 iam·
146 787 241 851 fuisse
253 785 439 866 traductum,
461 796 496 847 ut
513 784 669 871 repentina
689 785 771 848 vitae
790 784 959 869 mutatione
980 800 1011 852 et
1029 790 1127 857 nimio
1142 796 1185 858 fi.

69 870 388 959 oredisciptinaenon
403 870 624 937 offenderetur:
647 871 768 951 egregia
784 872 853 955 leue
874 871 1012 937 Cornuti:
1034 889 1081 941 eet
1100 880 1184 943 enim

69 958 225 1043 emprimis
247 956 370 1019 difficile
397 967 487 1043 atque
516 954 659 1035 arduum,
690 968 925 1102 praeceptorem
943 956 1097 1044 inveaire,
1131 965 1185 1051 qui

69 1064 126 1106 ene
139 1055 170 1105 et
193 1041 358 1105 commode
378 1044 570 1120 juventutem
592 1044 630 1103 ab
650 1062 724 1105 νου
745 1052 842 1106 tatum
859 1040 963 1111 studio
983 1045 1025 1109 ad
1043 1069 1183 1114 amorem

69 1129 163 1192 'mutia
177 1127 280 1191 flectat
295 1138 327 1191 et
342 1128 410 1191 sine
428 1125 532 1190 taedio
553 1146 614 1213 quo
633 1124 699 1189 vult
720 1063 823 1191 ducat:
851 1129 937 1192 haec'
950 1129 1083 1197 docendi
1104 1136 1182 1199 ratio

69 1226 109 1289 tt,
140 1210 341 1301 quaePersio
357 1213 426 1276 heio
441 1206 548 1275 dicitur
564 1209 688 1313 regalo
698 1206 830 1296 follere
850 1212 995 1279 tollere:
1016 1240 1096 1305 quae
1117 1244 1183 1285 non

69 1295 200 1383 θρόος,
220 1297 277 1362 aed
292 1295 329 1364 ἐκ
342 1298 560 1383 προσαγωγῆς
574 1297 717 1361 discentis
732 1301 871 1363 animum
883 1293 1024 1366 inflectit:
1044 1302 1093 1369 ut·
1118 1308 1182 1373 rina

69 1387 154 1447 entiat
165 1404 201 1448 ee
214 1384 412 1447 emendatum
425 1404 518 1473 quam
533 1381 705 1464 emendari,
727 1386 810 1470 prius
851 1384 1008 1453 erductum
1022 1410 1057 1453 ιε
1071 1322 1119 1455 ad
1131 1415 1183 1458 aa·
1231 1392 1233 1397 ’

69 1472 171 1534 itatem
187 1469 317 1557 gaudeat
336 1490 429 1555 quam
449 1466 666 1532 medicamenti
688 1471 816 1533 amaritu
838 1473 889 1535 ine
910 1472 1097 1542 offendatur:
1119 1500 1182 1543 re-

69 1554 134 1618 ulo
155 1553 319 1643 apposita
339 1568 370 1619 et
390 1552 511 1617 intorti
535 1572 649 1617 morea
672 1557 711 1618 ab
737 1556 800 1620 ar'te
817 1558 917 1621 fabrili
936 1572 1008 1623 sunt
1028 1562 1075 1625 ele
1095 1576 1182 1629 anter

69 1644 202 1705 anelata:
229 1642 273 1704 sic
291 1642 407 1727 passim
427 1638 536 1704 Graeci
554 1642 602 1728 τῷ
620 1634 741 1731 κανόνι
759 1636 801 1709 τό
819 1638 938 1709 σκολιοὶ
961 1640 1250 1739 ἄτονθννεινόιεη

69 1730 93 1791 el
106 1729 149 1791 τ’
162 1727 364 1810 τοοοαγωγῇ
378 1728 439 1791 τοῦ
454 1718 601 1803 κανόνος
621 1719 663 1790 τό
682 1722 923 1811 διεστραμμένα
943 1730 990 1809 εἰς
1010 1728 1178 1820 εὐθύτητα

69 1835 122 1879 ιτα
158 1807 267 1878 Ἄλτιν.
309 1808 481 1877 Extendit
495 1810 604 1874 dixerit
622 1832 678 1900 pro
704 1814 847 1893 correxit,
871 1816 1049 1883 translatum
1068 1842 1088 1883 a
1106 1844 1177 1908 per-

69 1898 229 1963 endiculari
241 1898 396 1977 funiculo,
416 1899 470 1984 qui
483 1908 549 1961 tum
566 1895 694 1961 demum
715 1908 763 1961 est
781 1910 895 1981 rectus,
938 1901 1041 1967 uando
1063 1917 1111 1970 est
1128 1908 1179 1970 in-

69 2006 160 2049 naue:
183 1995 286 2047 contra
318 2003 352 2046 ro
367 1982 531 2047 extendere
543 1980 719 2071 corrigere
733 1980 884 2053 dixerunt.
950 1989 1041 2053 liniue
1055 1988 1095 2055 de
1109 1992 1230 2062 iili-380

69 2093 110 2152 ne
130 2072 184 2134 lib.
199 2066 274 2133 VII.
297 2002 335 2148 ic.
357 2068 431 2150 20]:
454 2066 589 2139 molum
614 2064 746 2133 tenenti
769 2090 870 2134 nemo
891 2068 1045 2160 digitum
1068 2077 1178 2142 cerri.

69 2154 151 2220 νόον.
167 2216 171 2221 ,
195 2153 241 2218 Ita
258 2168 360 2218 autem
375 2156 485 2241 scripta
501 2156 609 2235 lectio,
630 2175 694 2217 non
708 2154 858 2219 ostendit
875 2157 927 2237 [ut
940 2157 1010 2222 edd.
1026 2162 1178 2247 quaedam

77 2240 156 2307 'rece
172 2240 281 2320 codd,
305 2262 332 2306 e.
349 2263 375 2303 c.
391 2242 516 2304 Havnn.
534 2246 564 2307 2
580 2244 610 2306 3.
627 2238 657 2305 ό.
672 2242 734 2321 6.];
757 2236 796 2305 τὸ
804 2238 942 2329 follere
956 2242 1063 2307 aolere
1082 2250 1178 2314 etiam
1279 2296 1281 2300 -

69 2352 95 2391 ιο
110 2326 270 2392 modoest
290 2327 495 2413 intepretari:
516 2337 588 2387 tunc
609 2326 691 2389 vitae
711 2348 801 2390 meae
823 2328 933 2417 prioris
949 2350 1083 2397 errorem
1108 2356 1177 2397 cor-

69 2416 112 2477 xit
129 2413 277 2476 institutio
293 2424 345 2475 tua
358 2422 389 2473 et
402 2433 454 2491 ea,
476 2432 569 2497 quam
590 2413 645 2475 aba
660 2422 691 2475 te
713 2410 830 2501 accepi,
851 2416 926 2479 recti
948 2417 1075 2484 notitia:
1096 2442 1176 2509 quae

69 2500 242 2563 ‚diffidunt
256 2509 317 2579 est,
340 2498 410 2582 quia
427 2518 479 2560 sae
502 2518 520 2561 e
731 2500 747 2517 “’

119 2581 163 2648 Ia
178 2582 304 2649 vitium
319 2579 417 2645 duoit
431 2518 674 2671 cuiitoefagm
697 2580 729 2646 ei
743 2592 841 2649 carot
855 2592 943 2651 αντε.
987 2660 991 2667 ,

69 2671 114 2734 ihi
132 2671 219 2757 prior
238 2670 301 2732 inte
338 2669 461 2749 edatio,
503 2690 576 2733 uam
598 2682 629 2733 et
646 2681 736 2736 vetus
752 2672 902 2759 sequitur,
924 2670 1042 2738 acutior
1059 2672 1180 2742 videtur

78 2758 202 2820 melior.
229 2753 286 2830 [Ita
325 2757 346 2823 1.
363 2692 524 2852 quoqueii'
886 2830 889 2835 ,

79 2854 82 2859 '
121 2848 174 2908 39.
198 2838 246 2905 Et
256 2847 433 2925 'premetur
447 2838 583 2903 ratione
598 2838 735 2903 οαίιηιιν
745 2836 901 2929 vincique
910 2837 1074 2927 Ιαόοτοόζ]
1090 2843 1179 2910 Ani-

70 2950 113 2991 ue
136 2928 207 2991 heic
229 2942 301 2989 non·
318 2939 365 2990 est
381 2937 463 2989 totus
484 2925 620 3004 animus,
640 2924 697 2991 sed
713 2948 782 3013 pars
797 2924 915 2991 tantum
935 2930 1025 3007 illius.
1067 2928 1124 2995 Eat
1142 2922 1177 2995 in

69 3016 141 3078 imo
159 3022 264 3076 nostro
279 3033 348 3099 pars
359 3013 476 3075 ratione
487 3010 640 3097 praedita,
659 3034 728 3098 pars
739 3012 864 3076 rationis
878 3006 1003 3117 expers:
1024 3016 1103 3079 haee
1116 3015 1177 3099 (Ια-Ι

69 3124 106 3165 ex
119 3109 181 3162 eet:
202 3108 277 3160 nam
289 3096 373 3160 eliud
393 3109 439 3160 est
457 3091 598 3180 ἄλογον,
625 3096 708 3182 quod
727 3118 851 3184 proteus
871 3110 990 3163 tattone
1010 3113 1091 3163 caret
1104 3098 1176 3188 ute}
1274 3132 1278 3145 ·

69 3179 198 3269 ιετττικὴ
213 3179 355 3266 δύναμις
374 3195 404 3246 et
415 3186 541 3247 facultas
553 3183 740 3263 vegetativa,
763 3205 841 3268 quae
856 3186 991 3251 maxime
1009 3185 1175 3252 insomnia

69 3258 183 3355 ταγεῖν
204 3267 288 3333 aliud
299 3263 337 3333 τό
356 3263 481 3353 ἄλογον
499 3265 576 3350 μὲν,
598 3263 702 3350 λόγου
720 3264 756 3332 di
777 3268 823 3352 τῆ
839 3266 990 3355 μετέχον,
1010 3271 1054 3333 ait
1071 3273 1175 3359 philo·
1227 3294 1230 3299 ·

69 3360 171 3447 phua:
199 3355 271 3418 hinc
293 3356 345 3417 illa
364 3376 466 3441 pugna
486 3356 519 3420 in
541 3355 644 3416 animo
664 3354 862 3419 continentia:
883 3356 963 3421 ineat
981 3357 1074 3436 ratio,
1095 3379 1176 3444 quae

69 3455 165 3508 terret
181 3461 199 3502 a
213 3440 312 3520 vitiis,
337 3441 417 3503 inest
434 3451 464 3502 et
480 3433 559 3504 ἄλλο
574 3462 605 3503 τι
625 3433 718 3521 meod
735 3436 795 3505 τόν
817 3435 921 3523 λόγον
940 3462 981 3507 τε
1033 3438 1106 3521 τός,
1127 3444 1175 3507 in-

69 3532 95 3594 it
113 3528 308 3602 misaele,
332 3520 501 3609 όμόχεται
516 3522 573 3590 καὶ
589 3518 760 3589 ἀντιτείνει
778 3521 937 3613 τῷλόγῳ.
997 3522 1070 3593 dem
1084 3530 1175 3611 igitur

69 3618 98 3679 ic
113 3612 255 3677 animm
268 3633 303 3675 ac
315 3611 500 3700 perturbatio
517 3623 547 3674 et
559 3612 687 3691 vitium,
709 3623 742 3674 ut
758 3632 828 3674 cum
843 3616 927 3693 ajunt
940 3614 1035 3695 vulgo
1053 3610 1173 3695 Graeci,

81 3693 194 3776 πόθος
207 3698 255 3785 τῷ
265 3696 413 3783 ’λογισμῷ
428 3693 549 3775 πιέζειν
562 3692 645 3781 χρὴι
667 3696 825 3777 [classicus
842 3700 929 3763 locus
948 3696 1061 3763 dehac
1079 3700 1175 3781 signi-

69 3789 173 3852 atione
186 3782 272 3850 voeie
289 3780 427 3847 animm
445 3795 491 3846 est
505 3782 605 3846 Plauti
620 3781 706 3847 Trin.
724 3780 766 3861 ΙΙ,
782 3789 814 3861 2,
831 3789 873 3851 29
893 3804 970 3871 ταας
991 3787 1031 3889 οξ.
1055 3784 1175 3854 Obbar.

81 3874 192 3937 Horat.
207 3868 266 3959 E'p.
275 3866 307 3963 Ι7
324 3876 353 3951 1,
367 3868 450 3949 4443
474 3890 544 3929 oum
558 3867 659 3932 addit:

356 3960 359 3965 '
412 3990 415 4005 ·
453 3951 611 4038 vincique
635 3948 780 4032 laborat,
968 4030 973 4039 ι

72 4067 88 4106 c
101 4046 184 4119 vult,
206 4039 293 4129 quod¹
304 4060 345 4104 ex
358 4036 520 4103 Aristotele
533 4038 630 4101 modo
649 4037 844 4102 dicebamus:
866 4040 985 4124 partem
999 4039 1085 4105 illam
1106 4041 1174 4104 ani-

69 4185 72 4191 .
86 4129 213 4192 rationis
228 4137 383 4213 expertem
396 4146 503 4211 parere
517 4136 621 4187 tamen
636 4124 745 4186 rationi
758 4146 826 4188 esse
839 4135 961 4210 aptam:
984 4125 1104 4191 diversa
1117 4148 1174 4189 au-

69 4239 94 4277 n
109 4214 238 4277 notione
255 4233 320 4276 vox
334 4208 471 4272 animae
486 4210 555 4273 heic
572 4208 758 4297 repetendae
776 4231 877 4311 neque
893 4210 978 4274 enim
997 4233 1071 4276 vere
1084 4210 1173 4275 dixe-

69 4298 205 4387 ‚partem
223 4299 308 4360 illam
324 4297 499 4381 sequiorem
515 4299 653 4361 laborare
677 4304 730 4356 aut
751 4316 878 4379 ommno
895 4298 977 4361 velle
996 4297 1094 4377 vinci,
1115 4296 1172 4361 aed

69 4409 89 4450 e
103 4383 243 4449 rationali
254 4382 331 4468 parti
345 4383 407 4443 hec
421 4382 580 4461 convenit,
600 4381 813 4467 quaevinoere
830 4382 964 4460 laborat,
985 4402 1050 4444 non
1063 4382 1222 4452 vincitaal
1264 4416 1269 4441 ι.

69 4474 144 4538 eum
157 4470 278 4535 animus
292 4468 324 4531 in
337 4466 516 4533 universum
526 4467 733 4532 consideratus
744 4467 771 4530 is
788 4478 849 4547 est,
866 4467 919 4551 qui
932 4468 1015 4534 vinci
1027 4469 1111 4533 illam
1124 4469 1173 4533 sui
