2700 4972
335 308 380 365 Ὗ
446 308 725 453 „stirne
768 349 823 414 vt.

72 520 139 585 Nec
160 521 312 584 rhombos
334 518 406 581 ideo
428 520 544 583 libertis
565 542 682 605 ponere
703 524 817 601 lautus,

70 628 137 692 Nec
159 640 269 691 tenues
291 629 397 690 sollers
417 625 575 689 turdarum
596 650 690 691 nosse
711 630 832 694 salivas.

70 737 177 800 Messe
199 747 290 798 tenus
310 735 431 821 propria
451 736 540 811 vive,
567 747 597 797 et
619 736 755 816 granaria
777 734 836 816 (fas
859 736 920 821 est)
1174 747 1216 811 25

69 843 198 906 Emole:
227 841 300 928 quid
321 844 457 909 metuis?
502 842 603 906 Occa:
635 855 667 905 et
686 865 775 923 seges
797 844 889 907 altera
911 846 942 907 in
965 848 1060 912 herba
1082 862 1137 915 est.
1154 886 1194 899 -

67 951 123 1014 Ast
142 960 238 1016 vocat
258 951 415 1014 officium:
445 953 531 1013 trabe
550 962 638 1035 rupta
659 948 776 1014 Bruttia
798 973 872 1027 saxa
1051 946 1056 955 ’
1148 950 1155 971 “

66 1056 195 1121 Prendit
216 1058 334 1121 amicus
355 1058 463 1142 inops,
489 1080 616 1144 remque
636 1082 763 1123 omnem
784 1059 937 1146 surdaque
958 1073 1031 1127 vota

69 1163 216 1229 Condidit
237 1163 344 1246 Ioni03
371 1168 450 1244 J'acet
472 1165 539 1251 ipse
559 1166 593 1227 in
613 1166 714 1229 littore
736 1179 766 1229 et
787 1189 848 1230 una

66 1273 211 1354 lugentes
233 1271 273 1335 de
293 1294 396 1358 puppe
418 1270 496 1352 Dei3
523 1276 647 1360 jamque
668 1274 761 1337 obvia
779 1276 893 1356 mergis

67 1381 162 1447 Costa
182 1381 257 1444 ratis
278 1382 405 1443 lacerae.
447 1379 536 1444 Nunc
559 1392 590 1443 et
611 1379 651 1444 de
673 1382 785 1466 cespite
806 1383 881 1447 viro

63 1488 186 1570 Frange
208 1486 338 1574 aliquid:
368 1487 476 1567 largire
496 1488 597 1573 inopi,
629 1510 671 1550 ne
691 1488 788 1575 pictus
811 1492 931 1553 oberret

64 1594 214 1660 Caerulea
235 1596 270 1657 in
289 1596 401 1657 tabula.
423 1626 466 1640 --
491 1593 554 1657 Sed
577 1616 705 1657 coenam
726 1599 840 1661 funeris
861 1601 953 1661 heres

62 1704 223 1784 Negliget,
252 1703 346 1764 iratus
367 1698 449 1785 quod
468 1722 535 1764 rem
558 1703 738 1785 curtaveris3
766 1727 860 1769 urnae

64 1811 148 1875 Ossa
169 1809 300 1873 inodora
323 1808 422 1888 dabit,
451 1830 507 1871 seu
527 1810 643 1895 spirent
666 1810 804 1873 cinnama
826 1812 969 1892 surdum,
1168 1816 1210 1882 35

64 1918 128 1983 Seu
151 1938 258 1981 ceraso
280 1928 408 2004 peccent
430 1917 544 1995 casiae,
566 1918 683 1979 nescire
704 1930 834 2003 paratus.

67 2024 166 2090 Tune
189 2023 282 2088 buna
304 2021 485 2088 incolumis
510 2020 676 2086 minuas?
703 2024 783 2088 ·Sed
804 2025 928 2091 Bestius
953 2039 1038 2108 urget

62 2133 217 2197 Doctores
240 2130 365 2213 Grajos:
408 2131 467 2197 lta
478 2125 552 2214 fit:
577 2139 768 2219 postquam
788 2154 912 2220 capere
935 2131 1014 2196 urbi

64 2240 154 2307 Cum
169 2238 295 2327 pipere
318 2249 359 2313 et¹
373 2235 504 2324 palmis
525 2237 621 2302 verrit
641 2248 796 2303 nostrum
817 2241 881 2305 ltoc
905 2240 1015 2304 maria
1035 2260 1170 2326 expers,

62 2347 275 2415 Foenisecae
296 2365 413 2410 crasco
433 2342 604 2412 vitiarunt
626 2346 778 2435 unguine
798 2348 924 2434 pultes.
1164 2351 1206 2413 40

62 2459 150 2521 Haec
172 2458 273 2519 cinere
293 2456 420 2519 ulterior
439 2454 575 2517 metuas!
620 2454 657 2515 At
681 2466 732 2533 tu,
759 2477 847 2519 meus
869 2459 974 2536 heres,

63 2563 210 2650 Quisquis
231 2564 308 2644 cris,
329 2566 456 2649 paulum
476 2582 495 2624 a
516 2563 602 2624 turba
624 2561 778 2625 seductior
799 2564 891 2628 audi:

63 2673 214 2753 Obone,
246 2694 322 2733 num
345 2672 492 2752 ignoras?
534 2671 629 2732 missa
651 2681 696 2732 est
719 2691 738 2731 a
764 2668 893 2735 Caesare
913 2675 1016 2735 laurus

61 2780 218 2863 Insignem
239 2784 281 2845 ob
304 2778 423 2842 cladem
446 2775 618 2841 Germanae
638 2776 746 2861 pubis,
776 2779 888 2841 etatis

62 2888 201 2970 Frigidus
221 2889 371 2951 excutitur
392 2887 483 2949 cinis:
528 2906 563 2946 ac
582 2887 646 2964 jam
666 2885 804 2969 postibus
827 2907 929 2964 arma,

62 2996 130 3059 Jam
153 2994 331 3078 chlamydes
352 3017 477 3075 regum,
505 2997 569 3073 jam
589 2994 672 3054 lutea
692 3013 826 3079 gausapa
851 2996 943 3081 captis

61 3100 240 3189 Essedaque
259 3104 456 3186 ingentesque
476 3102 557 3163 locat
579 3100 730 3165 Caesonia
751 3100 895 3165 Rhenos:

61 3211 116 3277 Dis
136 3214 229 3293 igitur
249 3210 399 3295 genioque
421 3205 506 3270 ducis
528 3220 649 3270 centum
670 3209 753 3293 paria
776 3211 816 3269 ob
838 3229 887 3269 res

59 3318 189 3402 Egregie
211 3329 319 3403 gestas·
332 3315 462 3378 induco:
490 3315 556 3399 quis
578 3316 684 3381 vetat‘l
726 3313 826 3378 aude!

59 3426 146 3506 Vae,
175 3427 236 3490 nisi
257 3410 421 3489 connives!
467 3421 583 3507 Oleum
608 3435 817 3509 artocreasque
838 3424 963 3509 popello
1159 3421 1201 3485 50

58 3536 205 3616 Largior:
223 3516 272 3596 'sn
294 3533 465 3618 prohibes?
501 3528 549 3592 dic
571 3532 669 3593 clare!
713 3528 796 3594 Non
818 3529 922 3610 adeo,
942 3529 1051 3614 inquis.

58 3641 227 3706 Exossatus
248 3662 320 3721 ager
339 3643 423 3719 juxta
444 3649 499 3701 cst.
542 3637 623 3718 Age,
655 3639 682 3702 si
702 3640 780 3702 mihi
801 3642 884 3701 nulla

59 3749 129 3813 lam
149 3749 267 3832 reliqua
290 3747 469 3824 eremitis,
498 3746 641 3829 patruelis
661 3749 760 3825 nulla,
790 3745 945 3830 proneptis

57 3856 148 3921 Nulla
167 3866 275 3919 manet
294 3856 410 3941 patrui,
436 3853 545 3916 sterilis
565 3864 726 3916 matertera
749 3853 839 3932 vixit,

57 3964 168 4051 Deque
189 3963 258 4029 avia
278 3962 410 4025 nihilum
429 3972 581 4045 superest:
625 3959 738 4024 accedo
760 3957 898 4024 Bovillas
1158 3956 1199 4021 55
1272 3944 1276 3951 ’

58 4074 244 4160 clivumque
262 4071 302 4135 ad
324 4070 427 4134 Virbi:
470 4079 592 4154 praesto
614 4079 660 4131 est
680 4050 766 4130 milri
779 4066 901 4133 Manius
922 4068 1021 4130 heres.
1043 4098 1086 4111 -

58 4178 251 4271 Progenies
273 4176 417 4243 terrae?
439 4214 478 4224 —
502 4174 626 4255 Quaere
648 4198 687 4239 ex
707 4198 776 4253 me,
804 4175 871 4259 quis
892 4174 968 4236 mihi
990 4185 1112 4257 quartus

128 4470 162 4526 V.
177 4470 223 4527 24.
238 4477 344 4526 cmm
357 4495 391 4505 -
404 4465 525 4519 aulicam.
545 4494 578 4503 -
596 4464 628 4519 V.
645 4464 689 4520 26.
706 4472 817 4523 mnam,
837 4494 870 4505 -
896 4462 929 4513 V.
947 4462 990 4517 37.
1010 4468 1035 4515 ct
1049 4461 1163 4514 Bestius.
