2700 4972
293 355 357 423 AD
378 345 548 430 Palt'sll
576 358 798 469 satlssart
818 360 844 430 1.
1139 371 1182 435 81

69 522 184 606 dendi,
206 523 264 590 sed
282 541 468 616 quo—potest
485 529 526 594 ad
547 543 649 596 aetram
666 532 781 620 pergit:
808 532 892 598 adeo
910 547 944 599 ut
964 535 992 600 si
1007 535 1176 605 diuturnius
1183 504 1235 594 159
1287 510 1290 521 ι

69 613 127 674 erit
141 611 220 673 illud
231 613 507 714 impedimentum,
532 618 752 682 consuetudine
764 619 797 681 in
813 623 940 683 alteram
960 635 1101 687 naturam
1112 646 1183 689 ver-

69 709 139 776 nte,
162 709 267 782 spreto
279 700 378 762 mutili
386 723 508 782 organo
521 705 569 768 vis
581 706 632 766 illa
645 706 770 767 haereat
782 716 847 768 tota
858 728 955 792 penes
969 711 1097 772 altemm
1109 732 1186 773 ocu·
1268 738 1271 749 ·

69 804 123 847 m:
147 785 192 846 sic
206 781 285 846 Geta
298 787 438 886 quidam,
459 800 493 849 ut
505 801 605 852 narrat
625 790 795 876 Appianas,
818 812 889 853 cum
907 805 992 855 metu
1013 795 1186 860 triumvira-

69 891 76 931 t
99 869 333 954 proscriptionrs
351 875 432 957 pelle
459 875 544 936 alteri
564 879 653 938 oculo
675 877 818 960 imposita
846 877 964 942 luscum
983 900 1018 942 se
1039 880 1186 962 finxisset,

69 975 136 1034 ngo
149 966 221 1041 post
228 967 386 1043 tempore,
409 960 462 1021 ubi
473 961 641 1044 periculum
654 962 814 1040 evasisset,
831 960 952 1026 detecto
967 967 1056 1028 oculo
1068 968 1186 1030 luscum

69 1061 152 1125 epse
163 1043 279 1103 factum
294 1064 328 1105 se
344 1056 392 1108 est
406 1057 556 1130 expertus.
588 1046 661 1110 Non
673 1047 912 1133 praetermittam
923 1051 1092 1115 luculentos
1109 1050 1187 1116 Gre-

69 1127 119 1187 ›rii
129 1125 318 1274 {azinpzeni
329 1150 423 1216 super
434 1132 495 1194 hoc
509 1153 632 1212 versus,
654 1133 687 1194 in
705 1133 848 1195 encomio
857 1132 1044 1216 'virginitatis
1058 1136 1107 1218 [v.
1121 1137 1187 1206 554

69 1218 116 1297 ap]
164 1213 216 1273 ic'
240 1234 274 1275 e:
391 1218 394 1223 '
468 1218 504 1251 ·'

114 1306 208 1397 Ἤδη
222 1312 281 1379 eal
295 1309 362 1380 τιν’
376 1308 498 1383 ὄπωπα
513 1311 672 1393 λιθοξόον
689 1311 729 1401 ἠέ
746 1311 812 1383 τιν’
834 1308 941 1404 ἔργων

121 1387 448 1481 Ἶδρινδρνρατέων,
469 1399 632 1478 πινυτούς
644 1401 700 1468 καὶ
717 1399 917 1488 paclicatus
928 1400 1064 1493 ἄνδρας,
1172 1442 1175 1451 ·

125 1479 249 1568 ’idaiae
264 1485 452 1570 dedignata
465 1484 548 1572 ἐπὴν
560 1485 855 1575 διατεκμῄρωνται,

125 1565 183 1635 Ἐκ
198 1571 292 1649 [adda
311 1567 381 1652 Ὡς]
397 1570 511 1655 peiora
525 1569 641 1654 ἕτερον
654 1572 716 1658 μὲν
733 1571 799 1640 ὑπὸ
816 1571 1035 1661 βλεφάροισιν
1050 1575 1184 1664 ἔδησαν,

131 1658 189 1741 Τῷ
204 1652 239 1721 δ’
251 1653 352 1743 ἑτέρῳ
365 1656 551 1741 πέμψαντες
563 1655 646 1724 ὅλον
661 1657 750 1744 φάος
764 1661 810 1738 εἰς
830 1660 870 1727 ἓν
882 1658 1037 1747 irradia

124 1736 288 1828 Ἀτρεκίης
301 1738 471 1828 ἐτύχησαν.

124 1843 347 1926 (Quinetiam
370 1843 494 1911 latomi
513 1846 678 1926 solerter,
701 1847 761 1933 qui
773 1837 826 1913 ,ue
839 1845 1017 1937 fabrilem

121 1927 166 1994 In
190 1929 299 2021 lignis
320 1940 434 1997 artem
456 1940 636 2011 exercent,
661 1869 859 1998 cumliaco
883 1944 983 1999 recta

122 2015 316 2111 Quaeritur
336 2030 527 2106 exactaque
547 2040 657 2168 ἔρεψα
678 2040 720 2084 ca
747 2028 844 2084 tatur
865 2021 1025 2102 amassia,

120 2104 182 2167 Ee·
200 2103 311 2168 oculis
327 2124 443 2168 'unum
465 2105 544 2187 clara
571 2112 633 2168 unt
648 2113 690 2177 ¹et
724 2104 842 2169 umine
866 2116 937 2170 toto

117 2184 164 2252 Ia
186 2188 317 2252 socrum
331 2187 437 2276 fuso,
461 2191 556 2254 visua
577 2189 721 2278 acieque
744 2200 880 2263 coacta,

119 2272 241 2338 Recta
261 2284 423 2361 aequente
445 2286 565 2341 teaent
587 2275 672 2339 darc
693 2275 846 2365 vestigia
865 2274 977 2362 ferro.
1020 2277 1116 2356 Mor.)
1151 2316 1153 2320 »

119 2384 174 2445 67.
198 2375 276 2441 Sive
294 2399 378 2464 opus
396 2376 436 2441 ia·
448 2400 577 2456 morea,
600 2377 636 2442 ia
650 2376 788 2459 luxum,
813 2377 849 2442 ia
862 2376 1018 2466 prandia
1035 2381 1182 2468 regum]
1263 2397 1265 2403 '

69 2464 174 2541 ritatem
195 2465 362 2529 vanitatem
379 2467 468 2528 stulte
489 2477 519 2528 et
540 2488 595 2553 per
616 2465 825 2529 adulationem
845 2460 1050 2529 laudantium:
1073 2467 1184 2552 quibus
1267 2540 1272 2547 Ι

70 2570 143 2613 rum
167 2561 215 2613 est
235 2551 366 2637 simplici
383 2549 558 2633 laudatione
572 2574 662 2631 eum,
685 2573 745 2637 quo
767 2550 941 2632 deagitur,
963 2553 1101 2632 afficere,
1123 2553 1184 2627 nisi
1263 2548 1266 2553 ’

69 2637 111 2699 ire
127 2636 315 2723 amplificent
330 2648 360 2698 et
380 2637 567 2717 singularem
585 2637 723 2701 hominis
744 2640 920 2700 facultatem
941 2637 1074 2717 cujusvis
1094 2659 1184 2719 argu-

69 2720 130 2785 enti
158 2744 282 2808 quoquo
304 2720 400 2785 modo
420 2722 567 2786 tractandi
587 2721 817 2809 depraediceat:
844 2721 902 2785 sed
924 2744 994 2785 cum
1013 2724 1069 2801 ait,
1100 2721 1181 2787 Sive

69 2826 120 2869 tua
143 2804 181 2868 ia
204 2827 331 2884 morea,
353 2801 392 2873 td
413 2798 497 2893 optio
518 2810 660 2873 bifariam
681 2818 784 2892 potest
805 2808 935 2893 exponi:
958 2809 1025 2872 sive
1045 2830 1065 2870 ο
1087 2809 1184 2872 ussit

83 2893 330 2972 morosiorem,
349 2895 420 2977 vel:
431 2895 509 2958 sive
521 2916 599 2981 opus
613 2895 704 2957 fuerit
721 2895 893 2957 institutum
906 2895 945 2955 ab
961 2894 1015 2956 illo
1035 2915 1052 2956 a
1075 2915 1182 2959 versus

69 3001 140 3043 ores
153 2978 229 3061 [hoc
244 3001 367 3060 verum3
389 2975 461 3041 cive
478 3002 542 3043 non
558 2990 705 3064 sequente
725 2981 819 3042 altero
833 2978 905 3040 sive
923 2999 991 3042 esse
1005 2979 1061 3064 pro
1079 2978 1135 3042 vel
1149 2976 1183 3042 ei

69 3078 81 3127 t
107 3142 111 3147 Ι
135 3087 168 3151 p.
185 3076 256 3151 post
270 3063 365 3129 Orell.
380 3064 522 3128 viderunt
536 3077 567 3128 et
584 3064 746 3149 laudarunt
757 3062 971 3129 Wundcrlich.
993 3075 1023 3126 et
1039 3065 1178 3135 Huschk.

69 3087 204 3229 leiibull,
218 3148 243 3228 Ι,
259 3154 288 3229 6,
304 3156 363 3231 213
384 3150 456 3215 Val.
468 3149 567 3212 Flacc.
578 3150 603 3230 Ι,
623 3155 685 3216 100
700 3146 773 3231 al.]:
796 3170 880 3234 opus
894 3159 997 3212 autem
1013 3146 1048 3211 in
1065 3169 1179 3212 morea

69 3259 71 3266 ’
101 3256 213 3299 uxum
224 3236 403 3322 interpretor
418 3234 457 3298 de
470 3236 589 3299 satirico
607 3236 734 3321 scripto:
756 3233 839 3320 quod
859 3233 1003 3297 videntur
1019 3255 1058 3321 ea
1080 3246 1179 3317 aetate

69 3325 125 3386 ulti
136 3332 288 3401 tentasse,
316 3322 428 3408 partim
453 3321 586 3384 carmine
605 3321 749 3400 heroico,
775 3330 810 3383 ut
828 3319 968 3399 Persius,
991 3321 1102 3406 partim
1124 3343 1180 3407 per

69 3421 170 3471 turam
183 3408 287 3470 mixtis
301 3408 439 3471 oratione
458 3418 490 3470 et
501 3428 608 3487 versu,
629 3419 663 3468 ut
680 3404 857 3487 Petronius3
879 3427 943 3468 non
962 3407 1110 3469 assentior
1121 3428 1178 3472 ve-

69 3494 256 3579 iinterprcti
271 3504 302 3554 et
313 3493 396 3571 aliis,
419 3493 471 3578 qui
487 3513 598 3555 mores
613 3491 653 3555 de
675 3490 837 3574 comoedia
859 3491 1023 3577 accipiunt,
1044 3490 1168 3556 toxam
1177 3500 1230 3558 110
1283 3510 1299 3534 -·

84 3580 194 3644 satira:
216 3577 336 3664 pridem
350 3580 435 3641 enim
452 3578 633 3642 comoediae
648 3578 771 3663 scriptio
791 3575 912 3640 Romae
928 3578 1039 3658 frigere
1064 3599 1178 3664 coepe-

69 3690 81 3729 ·.
127 3664 247 3729 Satirae
264 3676 368 3726 autem
382 3666 536 3744 objectum
557 3687 625 3728 esse
645 3686 709 3727 non
724 3684 822 3726 unum
838 3673 892 3724 aut
911 3664 1040 3724 alterum
1058 3664 1178 3743 vitium,

69 3751 83 3814 l
98 3751 133 3815 in
148 3752 329 3821 universum
348 3762 518 3837 corruptam
532 3751 725 3837 publicorum
738 3769 861 3813 morum
880 3744 1070 3833 disciplinam
1083 3770 1178 3834 saepe

69 3840 184 3900 rimus:
204 3833 359 3921 prandio
376 3857 500 3922 regiam
515 3835 554 3898 de
569 3833 725 3916 tragoedia
748 3834 864 3920 accipio
886 3855 956 3895 cum
969 3835 1066 3897 veteri
1083 3835 1177 3899 inter-

69 3935 128 4003 ae,
150 3921 289 3984 maxime
303 3933 427 4007 propter
440 3923 497 3984 ista
514 3920 629 3984 Satirae
640 3921 681 3984 V.
695 3922 726 3998 [8
742 3918 816 4005 sq.]:

112 4023 154 4088 Si
177 4020 300 4112 quilius
322 4029 384 4085 aut
406 4020 560 4087 Procnes
582 4033 644 4086 aut
665 4019 697 4085 ci
718 4018 841 4107 quibua
863 4019 937 4082 olla
959 4018 1131 4108 Thyestae

114 4107 295 4185 Fervebit,
320 4129 423 4193 saepe
448 4106 579 4172 insulso
605 4104 783 4172 coenando
808 4102 979 4193 Glyconi:

82 4217 194 4302 quibus
208 4223 326 4275 constat
339 4211 427 4275 nobis
443 4213 565 4299 saepius
578 4223 738 4275 tractatum
752 4232 770 4274 a
792 4208 920 4274 diversis
938 4207 1038 4294 poe’tis
1059 4207 1176 4272 Neroni

69 4303 209 4388 qualibus
236 4297 313 4360 illud
334 4310 564 4378 argumentum:
592 4309 737 4363 notemus
763 4308 867 4359 tamen
899 4293 1045 4379 loquendi
1068 4315 1174 4374 genus,

70 4408 148 4452 cere
166 4384 203 4449 in
218 4378 373 4469 prandia
396 4402 520 4470 regum
534 4406 591 4469 pro
611 4382 782 4463 tragoedias
799 4383 946 4460 scribere,
967 4400 1095 4465 quarum
1111 4380 1233 4471 hy-lttt

69 4477 177 4538 theses
192 4467 321 4558 prandia
333 4489 440 4548 regum
455 4471 637 4534 contineant.
660 4468 786 4550 [Probat
797 4467 892 4546 Pasa,
914 4465 966 4551 qui
982 4464 1071 4546 legit:
1092 4460 1173 4530 Sive

77 4558 192 4614 Quat.
203 4555 303 4609 Οννν.
315 4552 352 4606 ad
365 4552 438 4606 Pera
840 4632 845 4639 Δ
952 4555 975 4614 6
