<?xml version="1.0" encoding="UTF-8"?>
<!DOCTYPE html PUBLIC "-//W3C//DTD XHTML 1.0 Transitional//EN"
    "http://www.w3.org/TR/xhtml1/DTD/xhtml1-transitional.dtd">
<html xmlns="http://www.w3.org/1999/xhtml" xml:lang="en" lang="en">
 <head>
  <title>
</title>
<meta http-equiv="Content-Type" content="text/html;charset=utf-8" />
  <meta name='ocr-system' content='tesseract 3.04.00' />
  <meta name='ocr-capabilities' content='ocr_page ocr_carea ocr_par ocr_line ocrx_word'/>
</head>
<body>
  <div class='ocr_page' id='page_1' title='image "./satirarumliber00persgoog_0305.png"; bbox 0 0 2700 4972; ppageno 0'>
   <div class='ocr_carea' id='block_1_1' title="bbox 142 285 993 409">
    <p class='ocr_par' dir='ltr' id='par_1_1' title="bbox 142 285 993 409">
     <span class='ocr_line' id='line_1_1' title="bbox 142 285 993 409; baseline -0.007 -10"><span class='ocrx_word' id='word_1_1' title='bbox 142 337 205 399; x_wconf 83' lang='lat' dir='ltr'><strong>no</strong></span> <span class='ocrx_word' id='word_1_2' title='bbox 304 285 307 293; x_wconf 68' lang='grc'><em>’</em></span> <span class='ocrx_word' id='word_1_3' title='bbox 369 400 372 409; x_wconf 75' lang='grc'><strong>,</strong></span> <span class='ocrx_word' id='word_1_4' title='bbox 440 336 443 341; x_wconf 93' lang='grc'><strong><em>·</em></strong></span> <span class='ocrx_word' id='word_1_5' title='bbox 507 329 915 403; x_wconf 81' lang='lat' dir='ltr'><strong>eonnerrralus</strong></span> <span class='ocrx_word' id='word_1_6' title='bbox 982 384 993 393; x_wconf 90' lang='grc'><strong>.,</strong></span> 
     </span>
    </p>
   </div>
   <div class='ocr_carea' id='block_1_2' title="bbox 66 496 1316 2572">
    <p class='ocr_par' dir='ltr' id='par_1_2' title="bbox 66 496 1316 2572">
     <span class='ocr_line' id='line_1_2' title="bbox 158 496 1265 583; baseline -0.002 -16"><span class='ocrx_word' id='word_1_7' title='bbox 158 509 161 515; x_wconf 90' lang='grc'><strong>’</strong></span> <span class='ocrx_word' id='word_1_8' title='bbox 189 570 194 583; x_wconf 69' lang='grc'><em>,</em></span> <span class='ocrx_word' id='word_1_9' title='bbox 228 502 278 568; x_wconf 83' lang='grc'><strong>84.</strong></span> <span class='ocrx_word' id='word_1_10' title='bbox 300 498 349 566; x_wconf 86' lang='lat' dir='ltr'><strong>Et</strong></span> <span class='ocrx_word' id='word_1_11' title='bbox 365 500 437 564; x_wconf 87' lang='lat' dir='ltr'><strong>alto</strong></span> <span class='ocrx_word' id='word_1_12' title='bbox 453 498 645 567; x_wconf 83' lang='lat' dir='ltr'><strong>Demersur</strong></span> <span class='ocrx_word' id='word_1_13' title='bbox 659 524 797 566; x_wconf 81' lang='lat' dir='ltr'><strong>summa</strong></span> <span class='ocrx_word' id='word_1_14' title='bbox 812 522 931 567; x_wconf 80' lang='lat' dir='ltr'><strong>rursus</strong></span> <span class='ocrx_word' id='word_1_15' title='bbox 950 523 1019 566; x_wconf 78' lang='lat' dir='ltr'><strong>nore</strong></span> <span class='ocrx_word' id='word_1_16' title='bbox 1040 496 1144 565; x_wconf 78' lang='lat' dir='ltr'><strong>bullit</strong></span> <span class='ocrx_word' id='word_1_17' title='bbox 1161 500 1198 565; x_wconf 85' lang='lat' dir='ltr'><strong>in</strong></span> <span class='ocrx_word' id='word_1_18' title='bbox 1216 524 1265 565; x_wconf 83' lang='lat' dir='ltr'><strong>uu·</strong></span> 
     </span>
     <span class='ocr_line' id='line_1_3' title="bbox 142 585 1316 674; baseline -0.001 -22"><span class='ocrx_word' id='word_1_19' title='bbox 142 585 215 670; x_wconf 60' lang='lat' dir='ltr'><strong>das]</strong></span> <span class='ocrx_word' id='word_1_20' title='bbox 235 590 304 651; x_wconf 86' lang='lat' dir='ltr'><strong>Hoc</strong></span> <span class='ocrx_word' id='word_1_21' title='bbox 317 587 393 650; x_wconf 89' lang='lat' dir='ltr'><strong>illud</strong></span> <span class='ocrx_word' id='word_1_22' title='bbox 405 598 465 667; x_wconf 86' lang='lat' dir='ltr'><strong>est,</strong></span> <span class='ocrx_word' id='word_1_23' title='bbox 488 588 572 674; x_wconf 84' lang='lat' dir='ltr'><strong>quod</strong></span> <span class='ocrx_word' id='word_1_24' title='bbox 586 591 627 652; x_wconf 90' lang='lat' dir='ltr'><strong>ait</strong></span> <span class='ocrx_word' id='word_1_25' title='bbox 636 590 809 654; x_wconf 82' lang='lat' dir='ltr'><strong>Aristoteles</strong></span> <span class='ocrx_word' id='word_1_26' title='bbox 820 589 852 669; x_wconf 86' lang='lat' dir='ltr'><strong>[l</strong></span> <span class='ocrx_word' id='word_1_27' title='bbox 866 591 914 667; x_wconf 88' lang='lat' dir='ltr'><strong>l.],</strong></span> <span class='ocrx_word' id='word_1_28' title='bbox 934 588 1192 674; x_wconf 86' lang='lat' dir='ltr'><strong>intemperantem</strong></span> <span class='ocrx_word' id='word_1_29' title='bbox 1199 590 1267 651; x_wconf 83' lang='lat' dir='ltr'><strong>nuth</strong></span> <span class='ocrx_word' id='word_1_30' title='bbox 1305 604 1316 669; x_wconf 63' lang='lat' dir='ltr'><strong>g</strong></span> 
     </span>
     <span class='ocr_line' id='line_1_4' title="bbox 143 666 1266 762; baseline 0 -25"><span class='ocrx_word' id='word_1_31' title='bbox 143 695 277 760; x_wconf 89' lang='lat' dir='ltr'><strong>unquam</strong></span> <span class='ocrx_word' id='word_1_32' title='bbox 292 675 375 754; x_wconf 91' lang='lat' dir='ltr'><strong>tangi</strong></span> <span class='ocrx_word' id='word_1_33' title='bbox 387 675 574 759; x_wconf 89' lang='lat' dir='ltr'><strong>poenitentia</strong></span> <span class='ocrx_word' id='word_1_34' title='bbox 588 687 618 738; x_wconf 87' lang='lat' dir='ltr'><strong>et</strong></span> <span class='ocrx_word' id='word_1_35' title='bbox 631 673 906 762; x_wconf 63' lang='lat' dir='ltr'><strong>proptereasanari</strong></span> <span class='ocrx_word' id='word_1_36' title='bbox 922 695 988 735; x_wconf 90' lang='lat' dir='ltr'><strong>non</strong></span> <span class='ocrx_word' id='word_1_37' title='bbox 1007 694 1119 760; x_wconf 83' lang='lat' dir='ltr'><strong>posse:</strong></span> <span class='ocrx_word' id='word_1_38' title='bbox 1143 666 1266 757; x_wconf 69' lang='grc' dir='ltr'><strong>ἀνάγκη,</strong></span> 
     </span>
     <span class='ocr_line' id='line_1_5' title="bbox 143 749 1313 845; baseline -0.001 -22"><span class='ocrx_word' id='word_1_39' title='bbox 143 760 256 845; x_wconf 88' lang='lat' dir='ltr'><strong>inquit,</strong></span> <span class='ocrx_word' id='word_1_40' title='bbox 279 755 339 822; x_wconf 86' lang='grc' dir='ltr'><strong>τὸν</strong></span> <span class='ocrx_word' id='word_1_41' title='bbox 352 752 539 823; x_wconf 72' lang='grc' dir='ltr'><strong><em>ἀκόλαστον</em></strong></span> <span class='ocrx_word' id='word_1_42' title='bbox 560 756 605 843; x_wconf 79' lang='grc' dir='ltr'><strong>μὴ</strong></span> <span class='ocrx_word' id='word_1_43' title='bbox 630 753 716 825; x_wconf 79' lang='grc' dir='ltr'><strong><em>εἶναι</em></strong></span> <span class='ocrx_word' id='word_1_44' title='bbox 739 753 1009 842; x_wconf 72' lang='grc' dir='ltr'><strong><em>μιταμελητινόν,</em></strong></span> <span class='ocrx_word' id='word_1_45' title='bbox 1033 749 1116 824; x_wconf 74' lang='grc' dir='ltr'><strong><em>ὥστ’</em></strong></span> <span class='ocrx_word' id='word_1_46' title='bbox 1143 750 1268 835; x_wconf 71' lang='grc' dir='ltr'><strong><em>ἀνίατοι</em></strong></span> <span class='ocrx_word' id='word_1_47' title='bbox 1306 794 1313 839; x_wconf 82' lang='lat' dir='ltr'><strong>t</strong></span> 
     </span>
     <span class='ocr_line' id='line_1_6' title="bbox 144 844 1269 932; baseline -0.003 -22"><span class='ocrx_word' id='word_1_48' title='bbox 144 846 265 910; x_wconf 82' lang='lat' dir='ltr'>Persius</span> <span class='ocrx_word' id='word_1_49' title='bbox 278 844 368 924; x_wconf 88' lang='lat' dir='ltr'><strong>igitur</strong></span> <span class='ocrx_word' id='word_1_50' title='bbox 381 866 454 907; x_wconf 89' lang='lat' dir='ltr'><strong>eum</strong></span> <span class='ocrx_word' id='word_1_51' title='bbox 468 858 623 932; x_wconf 89' lang='lat' dir='ltr'><strong>comparat</strong></span> <span class='ocrx_word' id='word_1_52' title='bbox 636 869 707 908; x_wconf 88' lang='lat' dir='ltr'><strong>curn</strong></span> <span class='ocrx_word' id='word_1_53' title='bbox 721 847 849 908; x_wconf 90' lang='lat' dir='ltr'><strong>homine</strong></span> <span class='ocrx_word' id='word_1_54' title='bbox 861 848 1037 923; x_wconf 89' lang='lat' dir='ltr'><strong>submerso,</strong></span> <span class='ocrx_word' id='word_1_55' title='bbox 1058 844 1114 931; x_wconf 88' lang='lat' dir='ltr'><strong>qui</strong></span> <span class='ocrx_word' id='word_1_56' title='bbox 1131 866 1269 930; x_wconf 85' lang='lat' dir='ltr'><strong>nunquam</strong></span> 
     </span>
     <span class='ocr_line' id='line_1_7' title="bbox 146 928 1316 1017; baseline -0.001 -23"><span class='ocrx_word' id='word_1_57' title='bbox 146 933 287 1010; x_wconf 82' lang='lat' dir='ltr'>emergit,</span> <span class='ocrx_word' id='word_1_58' title='bbox 315 928 373 993; x_wconf 88' lang='lat' dir='ltr'><strong>sed</strong></span> <span class='ocrx_word' id='word_1_59' title='bbox 392 929 529 995; x_wconf 84' lang='lat' dir='ltr'><strong>funditus</strong></span> <span class='ocrx_word' id='word_1_60' title='bbox 550 933 641 1017; x_wconf 82' lang='lat' dir='ltr'><strong>perit3</strong></span> <span class='ocrx_word' id='word_1_61' title='bbox 668 934 748 993; x_wconf 91' lang='lat' dir='ltr'><strong>hanc</strong></span> <span class='ocrx_word' id='word_1_62' title='bbox 774 931 957 993; x_wconf 81' lang='lat' dir='ltr'><strong>sententiam</strong></span> <span class='ocrx_word' id='word_1_63' title='bbox 978 929 1076 993; x_wconf 84' lang='lat' dir='ltr'><strong>adfini-</strong></span> <span class='ocrx_word' id='word_1_64' title='bbox 1089 929 1270 999; x_wconf 82' lang='lat' dir='ltr'><strong>similitudine</strong></span> <span class='ocrx_word' id='word_1_65' title='bbox 1307 950 1316 1010; x_wconf 77' lang='grc' dir='ltr'><strong><em>ι</em></strong></span> 
     </span>
     <span class='ocr_line' id='line_1_8' title="bbox 145 1010 1316 1103; baseline 0 -24"><span class='ocrx_word' id='word_1_66' title='bbox 145 1018 271 1079; x_wconf 89' lang='lat' dir='ltr'><strong>illustrat</strong></span> <span class='ocrx_word' id='word_1_67' title='bbox 287 1026 317 1077; x_wconf 90' lang='lat' dir='ltr'><strong>et</strong></span> <span class='ocrx_word' id='word_1_68' title='bbox 333 1016 468 1101; x_wconf 87' lang='lat' dir='ltr'><strong>pluribus</strong></span> <span class='ocrx_word' id='word_1_69' title='bbox 482 1017 583 1081; x_wconf 85' lang='lat' dir='ltr'><strong>verbis</strong></span> <span class='ocrx_word' id='word_1_70' title='bbox 595 1018 783 1103; x_wconf 84' lang='lat' dir='ltr'><strong>persequitur</strong></span> <span class='ocrx_word' id='word_1_71' title='bbox 793 1015 882 1078; x_wconf 91' lang='lat' dir='ltr'><strong>Philo</strong></span> <span class='ocrx_word' id='word_1_72' title='bbox 900 1014 1054 1094; x_wconf 87' lang='lat' dir='ltr'><strong>Judaeus,</strong></span> <span class='ocrx_word' id='word_1_73' title='bbox 1075 1016 1111 1077; x_wconf 91' lang='lat' dir='ltr'><strong>in</strong></span> <span class='ocrx_word' id='word_1_74' title='bbox 1126 1010 1271 1079; x_wconf 79' lang='lat' dir='ltr'><strong>libr&#39;e&#39;&#39;0rr</strong></span> <span class='ocrx_word' id='word_1_75' title='bbox 1308 1056 1316 1093; x_wconf 58' lang='grc' dir='ltr'><strong>ἶι</strong></span> 
     </span>
     <span class='ocr_line' id='line_1_9' title="bbox 146 1095 1316 1187; baseline -0.003 -20"><span class='ocrx_word' id='word_1_76' title='bbox 146 1098 184 1167; x_wconf 81' lang='lat' dir='ltr'><strong>eti</strong></span> <span class='ocrx_word' id='word_1_77' title='bbox 199 1105 310 1184; x_wconf 69' lang='grc' dir='ltr'><strong><em>χεῑοον</em></strong></span> <span class='ocrx_word' id='word_1_78' title='bbox 325 1112 382 1163; x_wconf 92' lang='lat' dir='ltr'><strong>etc.</strong></span> <span class='ocrx_word' id='word_1_79' title='bbox 397 1100 439 1187; x_wconf 89' lang='lat' dir='ltr'><strong>[p.</strong></span> <span class='ocrx_word' id='word_1_80' title='bbox 452 1106 513 1168; x_wconf 81' lang='lat'><strong>172</strong></span> <span class='ocrx_word' id='word_1_81' title='bbox 526 1101 599 1182; x_wconf 89' lang='lat' dir='ltr'><strong>D.]:</strong></span> <span class='ocrx_word' id='word_1_82' title='bbox 621 1097 762 1185; x_wconf 79' lang='grc' dir='ltr'><strong><em>χαλεπὸν</em></strong></span> <span class='ocrx_word' id='word_1_83' title='bbox 777 1101 968 1183; x_wconf 70' lang='grc' dir='ltr'><strong><em>διωχθῆναι</em></strong></span> <span class='ocrx_word' id='word_1_84' title='bbox 981 1122 1015 1165; x_wconf 82' lang='grc' dir='ltr'><strong>τι</strong></span> <span class='ocrx_word' id='word_1_85' title='bbox 1032 1095 1075 1165; x_wconf 73' lang='grc' dir='ltr'><strong>τοὶ</strong></span> <span class='ocrx_word' id='word_1_86' title='bbox 1090 1101 1161 1164; x_wconf 72' lang='grc' dir='ltr'><strong>τῶν</strong></span> <span class='ocrx_word' id='word_1_87' title='bbox 1179 1096 1272 1183; x_wconf 69' lang='lat' dir='ltr'><strong>cloti-</strong></span> <span class='ocrx_word' id='word_1_88' title='bbox 1310 1142 1316 1179; x_wconf 79' lang='lat'><strong>,</strong></span> 
     </span>
     <span class='ocr_line' id='line_1_10' title="bbox 147 1178 1316 1270; baseline -0.005 -16"><span class='ocrx_word' id='word_1_89' title='bbox 147 1202 233 1255; x_wconf 85' lang='grc' dir='ltr'><strong><em>σεων</em></strong></span> <span class='ocrx_word' id='word_1_90' title='bbox 255 1180 390 1267; x_wconf 80' lang='grc' dir='ltr'><em>στόμια,</em></span> <span class='ocrx_word' id='word_1_91' title='bbox 420 1178 465 1260; x_wconf 71' lang='grc' dir='ltr'><strong>οἱς</strong></span> <span class='ocrx_word' id='word_1_92' title='bbox 486 1181 642 1270; x_wconf 76' lang='grc' dir='ltr'><strong><em>ἅχανέσιν</em></strong></span> <span class='ocrx_word' id='word_1_93' title='bbox 665 1181 779 1263; x_wconf 82' lang='grc' dir='ltr'><strong><em>αὐτοῖς</em></strong></span> <span class='ocrx_word' id='word_1_94' title='bbox 801 1182 864 1268; x_wconf 70' lang='grc' dir='ltr'><strong>τήν</strong></span> <span class='ocrx_word' id='word_1_95' title='bbox 883 1188 951 1251; x_wconf 77' lang='grc' dir='ltr'><strong>τῶν</strong></span> <span class='ocrx_word' id='word_1_96' title='bbox 972 1185 1146 1270; x_wconf 72' lang='grc' dir='ltr'><strong>αἰσθητῶν</strong></span> <span class='ocrx_word' id='word_1_97' title='bbox 1178 1184 1272 1268; x_wconf 70' lang='lat' dir='ltr'><strong>(popio</strong></span> <span class='ocrx_word' id='word_1_98' title='bbox 1309 1208 1316 1267; x_wconf 70' lang='grc' dir='ltr'><strong>ι,</strong></span> 
     </span>
     <span class='ocr_line' id='line_1_11' title="bbox 147 1265 1272 1357; baseline 0 -20"><span class='ocrx_word' id='word_1_99' title='bbox 147 1273 300 1354; x_wconf 76' lang='grc' dir='ltr'><strong><em>ποταμοῦ</em></strong></span> <span class='ocrx_word' id='word_1_100' title='bbox 320 1265 573 1355; x_wconf 75' lang='grc' dir='ltr'><strong><em>πλημμύροντος</em></strong></span> <span class='ocrx_word' id='word_1_101' title='bbox 592 1273 688 1357; x_wconf 78' lang='grc' dir='ltr'><strong><em>δίκην</em></strong></span> <span class='ocrx_word' id='word_1_102' title='bbox 708 1271 909 1356; x_wconf 80' lang='grc' dir='ltr'><strong><em>ἐπιχεῖσθαι,</em></strong></span> <span class='ocrx_word' id='word_1_103' title='bbox 934 1265 1158 1356; x_wconf 62' lang='lat' dir='ltr'><strong>primiceria</strong></span> <span class='ocrx_word' id='word_1_104' title='bbox 1179 1271 1272 1354; x_wconf 78' lang='grc' dir='ltr'><strong><em>βίαιον</em></strong></span> 
     </span>
     <span class='ocr_line' id='line_1_12' title="bbox 148 1350 1271 1443; baseline 0.001 -23"><span class='ocrx_word' id='word_1_105' title='bbox 148 1353 259 1440; x_wconf 78' lang='grc' dir='ltr'><strong><em>ὁρμὴν</em></strong></span> <span class='ocrx_word' id='word_1_106' title='bbox 277 1350 509 1435; x_wconf 75' lang='grc' dir='ltr'><strong><em>οἶνοιθοῠντος·</em></strong></span> <span class='ocrx_word' id='word_1_107' title='bbox 537 1354 609 1423; x_wconf 78' lang='grc' dir='ltr'><strong><em>τότε</em></strong></span> <span class='ocrx_word' id='word_1_108' title='bbox 628 1358 692 1443; x_wconf 76' lang='grc' dir='ltr'><strong>γὰρ</strong></span> <span class='ocrx_word' id='word_1_109' title='bbox 726 1353 951 1442; x_wconf 73' lang='grc' dir='ltr'><strong>ἐγκαοπωθεὶς</strong></span> <span class='ocrx_word' id='word_1_110' title='bbox 982 1351 1000 1423; x_wconf 84' lang='grc' dir='ltr'>ὁ</span> <span class='ocrx_word' id='word_1_111' title='bbox 1025 1358 1111 1433; x_wconf 77' lang='grc' dir='ltr'><strong><em>νοῦς</em></strong></span> <span class='ocrx_word' id='word_1_112' title='bbox 1137 1352 1271 1442; x_wconf 60' lang='grc' dir='ltr'><strong><em>τοσούτῳ</em></strong></span> 
     </span>
     <span class='ocr_line' id='line_1_13' title="bbox 148 1436 1272 1527; baseline -0.002 -18"><span class='ocrx_word' id='word_1_113' title='bbox 148 1440 294 1510; x_wconf 72' lang='grc' dir='ltr'><strong><em>κλύδωνι</em></strong></span> <span class='ocrx_word' id='word_1_114' title='bbox 304 1437 423 1526; x_wconf 80' lang='grc' dir='ltr'><strong><em>βύθιος</em></strong></span> <span class='ocrx_word' id='word_1_115' title='bbox 439 1439 639 1524; x_wconf 77' lang='grc' dir='ltr'><strong><em>εὑρίσκεται,</em></strong></span> <span class='ocrx_word' id='word_1_116' title='bbox 661 1438 740 1527; x_wconf 81' lang='grc' dir='ltr'><em>μήδ’</em></span> <span class='ocrx_word' id='word_1_117' title='bbox 764 1439 846 1508; x_wconf 86' lang='grc' dir='ltr'><strong><em>ὅσον</em></strong></span> <span class='ocrx_word' id='word_1_118' title='bbox 861 1436 1095 1527; x_wconf 77' lang='grc' dir='ltr'><strong><em>ἅνανὴξασθαι</em></strong></span> <span class='ocrx_word' id='word_1_119' title='bbox 1113 1439 1171 1525; x_wconf 71' lang='grc' dir='ltr'><strong>καὶ</strong></span> <span class='ocrx_word' id='word_1_120' title='bbox 1191 1436 1272 1523; x_wconf 66' lang='lat' dir='ltr'><strong>aisse</strong></span> 
     </span>
     <span class='ocr_line' id='line_1_14' title="bbox 148 1523 1272 1615; baseline -0.003 -20"><span class='ocrx_word' id='word_1_121' title='bbox 148 1523 255 1602; x_wconf 73' lang='grc' dir='ltr'><strong><em>κόψαι</em></strong></span> <span class='ocrx_word' id='word_1_122' title='bbox 283 1524 489 1611; x_wconf 66' lang='grc' dir='ltr'><strong><em>δυνάμενοςν</em></strong></span> <span class='ocrx_word' id='word_1_123' title='bbox 519 1553 576 1593; x_wconf 90' lang='lat' dir='ltr'><strong>nec</strong></span> <span class='ocrx_word' id='word_1_124' title='bbox 595 1533 692 1597; x_wconf 89' lang='lat' dir='ltr'><strong>semet</strong></span> <span class='ocrx_word' id='word_1_125' title='bbox 713 1531 785 1593; x_wconf 90' lang='lat' dir='ltr'><strong>alibi</strong></span> <span class='ocrx_word' id='word_1_126' title='bbox 814 1527 896 1615; x_wconf 88' lang='lat' dir='ltr'><strong>apud</strong></span> <span class='ocrx_word' id='word_1_127' title='bbox 916 1530 1182 1610; x_wconf 86' lang='lat' dir='ltr'><strong>elegantissimum</strong></span> <span class='ocrx_word' id='word_1_128' title='bbox 1203 1529 1272 1592; x_wconf 85' lang='lat' dir='ltr'><strong>illm</strong></span> 
     </span>
     <span class='ocr_line' id='line_1_15' title="bbox 148 1609 973 1700; baseline -0.001 -21"><span class='ocrx_word' id='word_1_129' title='bbox 148 1616 327 1700; x_wconf 72' lang='lat' dir='ltr'><strong>scriptorem</strong></span> <span class='ocrx_word' id='word_1_130' title='bbox 342 1617 426 1694; x_wconf 83' lang='lat' dir='ltr'><strong>tegas</strong></span> <span class='ocrx_word' id='word_1_131' title='bbox 446 1610 507 1679; x_wconf 85' lang='grc' dir='ltr'><strong>τὸν</strong></span> <span class='ocrx_word' id='word_1_132' title='bbox 524 1619 591 1679; x_wconf 81' lang='grc' dir='ltr'><strong>τῶν</strong></span> <span class='ocrx_word' id='word_1_133' title='bbox 604 1616 774 1698; x_wconf 77' lang='grc' dir='ltr'><strong><em>αἰσθητῶν</em></strong></span> <span class='ocrx_word' id='word_1_134' title='bbox 789 1609 950 1698; x_wconf 84' lang='grc' dir='ltr'><strong><em>ποταμόν.</em></strong></span> <span class='ocrx_word' id='word_1_135' title='bbox 970 1632 973 1637; x_wconf 74' lang='grc'><em>’</em></span> 
     </span>
     <span class='ocr_line' id='line_1_16' title="bbox 140 1695 1271 1787; baseline -0.002 -25"><span class='ocrx_word' id='word_1_136' title='bbox 140 1774 144 1783; x_wconf 27' lang='grc'><strong><em>1</em></strong></span> <span class='ocrx_word' id='word_1_137' title='bbox 234 1695 457 1778; x_wconf 72' lang='lat' dir='ltr'><strong>Demersus]</strong></span> <span class='ocrx_word' id='word_1_138' title='bbox 482 1696 765 1782; x_wconf 62' lang='lat' dir='ltr'><strong>scearamton:</strong></span> <span class='ocrx_word' id='word_1_139' title='bbox 796 1701 839 1763; x_wconf 88' lang='lat' dir='ltr'><strong>sic</strong></span> <span class='ocrx_word' id='word_1_140' title='bbox 854 1700 986 1787; x_wconf 89' lang='lat' dir='ltr'><strong>loquitur</strong></span> <span class='ocrx_word' id='word_1_141' title='bbox 999 1695 1170 1781; x_wconf 80' lang='lat' dir='ltr'><strong>Gregorius</strong></span> <span class='ocrx_word' id='word_1_142' title='bbox 1182 1698 1271 1763; x_wconf 78' lang='grc' dir='ltr'><strong><em>Ἠιον-</em></strong></span> 
     </span>
     <span class='ocr_line' id='line_1_17' title="bbox 112 1780 1271 1873; baseline -0.002 -24"><span class='ocrx_word' id='word_1_143' title='bbox 112 1820 114 1825; x_wconf 37' lang='lat' dir='ltr'>v</span> <span class='ocrx_word' id='word_1_144' title='bbox 148 1785 348 1865; x_wconf 88' lang='lat' dir='ltr'><strong>maturgusin</strong></span> <span class='ocrx_word' id='word_1_145' title='bbox 364 1780 535 1846; x_wconf 79' lang='lat' dir='ltr'><strong>Gratiarum</strong></span> <span class='ocrx_word' id='word_1_146' title='bbox 555 1785 675 1846; x_wconf 89' lang='lat' dir='ltr'><strong>actione</strong></span> <span class='ocrx_word' id='word_1_147' title='bbox 695 1783 734 1846; x_wconf 87' lang='lat' dir='ltr'><strong>ad</strong></span> <span class='ocrx_word' id='word_1_148' title='bbox 749 1780 933 1862; x_wconf 89' lang='lat' dir='ltr'><strong>Origenem,</strong></span> <span class='ocrx_word' id='word_1_149' title='bbox 962 1807 1032 1847; x_wconf 92' lang='lat' dir='ltr'><strong>cum</strong></span> <span class='ocrx_word' id='word_1_150' title='bbox 1046 1796 1271 1873; x_wconf 79' lang='lat' dir='ltr'><strong>praeceptorem,</strong></span> 
     </span>
     <span class='ocr_line' id='line_1_18' title="bbox 171 1862 1271 1953; baseline 0.001 -21"><span class='ocrx_word' id='word_1_151' title='bbox 171 1872 202 1932; x_wconf 93' lang='lat' dir='ltr'><strong>ui</strong></span> <span class='ocrx_word' id='word_1_152' title='bbox 225 1873 263 1933; x_wconf 88' lang='lat' dir='ltr'><strong>ab</strong></span> <span class='ocrx_word' id='word_1_153' title='bbox 282 1877 381 1931; x_wconf 86' lang='lat' dir='ltr'><strong>errore</strong></span> <span class='ocrx_word' id='word_1_154' title='bbox 400 1891 472 1932; x_wconf 89' lang='lat' dir='ltr'><strong>suos</strong></span> <span class='ocrx_word' id='word_1_155' title='bbox 494 1867 626 1949; x_wconf 82' lang='lat' dir='ltr'><strong>reducit,</strong></span> <span class='ocrx_word' id='word_1_156' title='bbox 648 1869 690 1931; x_wconf 88' lang='lat' dir='ltr'><strong>ait</strong></span> <span class='ocrx_word' id='word_1_157' title='bbox 707 1864 785 1944; x_wconf 81' lang='grc' dir='ltr'><strong>τούς</strong></span> <span class='ocrx_word' id='word_1_158' title='bbox 808 1865 1068 1951; x_wconf 79' lang='grc' dir='ltr'><strong><em>βαπτιζομένους</em></strong></span> <span class='ocrx_word' id='word_1_159' title='bbox 1093 1862 1271 1953; x_wconf 61' lang='lat' dir='ltr'><strong>despectas</strong></span> 
     </span>
     <span class='ocr_line' id='line_1_19' title="bbox 149 1894 1273 2040; baseline 0 -19"><span class='ocrx_word' id='word_1_160' title='bbox 149 1894 258 2021; x_wconf 68' lang='lat' dir='ltr'><strong>iimitc</strong></span> <span class='ocrx_word' id='word_1_161' title='bbox 280 1966 325 2017; x_wconf 86' lang='lat' dir='ltr'><strong>est</strong></span> <span class='ocrx_word' id='word_1_162' title='bbox 348 1953 431 2040; x_wconf 86' lang='lat' dir='ltr'><strong>apud</strong></span> <span class='ocrx_word' id='word_1_163' title='bbox 451 1954 606 2019; x_wconf 88' lang='lat' dir='ltr'><strong>Joannem</strong></span> <span class='ocrx_word' id='word_1_164' title='bbox 627 1954 897 2037; x_wconf 84' lang='lat' dir='ltr'><strong>Chrysostornum=</strong></span> <span class='ocrx_word' id='word_1_165' title='bbox 928 1952 975 2030; x_wconf 78' lang='grc' dir='ltr'><strong>εἰς</strong></span> <span class='ocrx_word' id='word_1_166' title='bbox 1002 1950 1111 2018; x_wconf 78' lang='grc' dir='ltr'><strong><em>αὐτόν</em></strong></span> <span class='ocrx_word' id='word_1_167' title='bbox 1136 1952 1199 2020; x_wconf 77' lang='grc' dir='ltr'><strong>τόν</strong></span> <span class='ocrx_word' id='word_1_168' title='bbox 1221 1976 1273 2021; x_wconf 69' lang='grc' dir='ltr'><strong>σν·</strong></span> 
     </span>
     <span class='ocr_line' id='line_1_20' title="bbox 66 2038 1273 2126; baseline -0.001 -20"><span class='ocrx_word' id='word_1_169' title='bbox 66 2038 69 2044; x_wconf 70' lang='grc'><em>’</em></span> <span class='ocrx_word' id='word_1_170' title='bbox 150 2040 257 2124; x_wconf 78' lang='grc' dir='ltr'><strong><em>θμένα</em></strong></span> <span class='ocrx_word' id='word_1_171' title='bbox 274 2041 331 2123; x_wconf 76' lang='grc' dir='ltr'><strong>τῆς</strong></span> <span class='ocrx_word' id='word_1_172' title='bbox 344 2038 461 2114; x_wconf 77' lang='grc' dir='ltr'><strong><em>κακίας</em></strong></span> <span class='ocrx_word' id='word_1_173' title='bbox 475 2039 706 2117; x_wconf 80' lang='grc' dir='ltr'><strong><em>καταπίπτειν,</em></strong></span> <span class='ocrx_word' id='word_1_174' title='bbox 728 2040 760 2102; x_wconf 90' lang='lat' dir='ltr'><strong>in</strong></span> <span class='ocrx_word' id='word_1_175' title='bbox 785 2039 986 2126; x_wconf 87' lang='lat' dir='ltr'><strong>posteriorem</strong></span> <span class='ocrx_word' id='word_1_176' title='bbox 1010 2038 1052 2101; x_wconf 89' lang='lat' dir='ltr'><strong>ad</strong></span> <span class='ocrx_word' id='word_1_177' title='bbox 1077 2038 1273 2105; x_wconf 80' lang='lat' dir='ltr'><strong>Timotheum</strong></span> 
     </span>
     <span class='ocr_line' id='line_1_21' title="bbox 101 2121 1274 2207; baseline 0.003 -21"><span class='ocrx_word' id='word_1_178' title='bbox 101 2129 154 2187; x_wconf 79' lang='lat'><strong>25³</strong></span> <span class='ocrx_word' id='word_1_179' title='bbox 238 2126 383 2203; x_wconf 81' lang='lat' dir='ltr'><strong>Summa</strong></span> <span class='ocrx_word' id='word_1_180' title='bbox 400 2146 518 2188; x_wconf 81' lang='lat' dir='ltr'><strong>rursus</strong></span> <span class='ocrx_word' id='word_1_181' title='bbox 534 2146 602 2189; x_wconf 83' lang='grc' dir='ltr'><strong>οοπ</strong></span> <span class='ocrx_word' id='word_1_182' title='bbox 621 2122 735 2188; x_wconf 79' lang='lat' dir='ltr'><strong>botttr</strong></span> <span class='ocrx_word' id='word_1_183' title='bbox 747 2122 783 2187; x_wconf 82' lang='lat' dir='ltr'><strong>in</strong></span> <span class='ocrx_word' id='word_1_184' title='bbox 798 2121 919 2205; x_wconf 73' lang='lat' dir='ltr'><strong>unde]</strong></span> <span class='ocrx_word' id='word_1_185' title='bbox 941 2124 1012 2188; x_wconf 91' lang='lat' dir='ltr'><strong>Non</strong></span> <span class='ocrx_word' id='word_1_186' title='bbox 1034 2127 1183 2207; x_wconf 74' lang='lat' dir='ltr'><strong>emergit3</strong></span> <span class='ocrx_word' id='word_1_187' title='bbox 1202 2126 1274 2191; x_wconf 87' lang='lat' dir='ltr'><strong>Philo</strong></span> 
     </span>
     <span class='ocr_line' id='line_1_22' title="bbox 150 2204 1277 2293; baseline 0.002 -18"><span class='ocrx_word' id='word_1_188' title='bbox 150 2210 246 2275; x_wconf 90' lang='lat' dir='ltr'><strong>modo</strong></span> <span class='ocrx_word' id='word_1_189' title='bbox 255 2205 484 2293; x_wconf 77' lang='grc' dir='ltr'><strong><em>ὀἷνανήξασθνι</em></strong></span> <span class='ocrx_word' id='word_1_190' title='bbox 495 2223 526 2275; x_wconf 89' lang='lat' dir='ltr'><strong>et</strong></span> <span class='ocrx_word' id='word_1_191' title='bbox 535 2204 727 2292; x_wconf 78' lang='grc' dir='ltr'><strong><em>ὑπορκύψαι</em></strong></span> <span class='ocrx_word' id='word_1_192' title='bbox 740 2210 869 2274; x_wconf 85' lang='lat' dir='ltr'><strong>dicebat.</strong></span> <span class='ocrx_word' id='word_1_193' title='bbox 886 2209 949 2273; x_wconf 90' lang='lat' dir='ltr'><strong>Dio</strong></span> <span class='ocrx_word' id='word_1_194' title='bbox 958 2209 1202 2291; x_wconf 83' lang='lat' dir='ltr'><strong>Chrysostomus</strong></span> <span class='ocrx_word' id='word_1_195' title='bbox 1215 2206 1277 2277; x_wconf 76' lang='lat' dir='ltr'><strong>sirt-</strong></span> 
     </span>
     <span class='ocr_line' id='line_1_23' title="bbox 150 2290 1278 2381; baseline 0.001 -19"><span class='ocrx_word' id='word_1_196' title='bbox 150 2300 268 2362; x_wconf 80' lang='grc' dir='ltr'><strong><em>νεῦσαι</em></strong></span> <span class='ocrx_word' id='word_1_197' title='bbox 284 2295 397 2359; x_wconf 87' lang='lat' dir='ltr'><strong>eoder&#39;n</strong></span> <span class='ocrx_word' id='word_1_198' title='bbox 414 2319 524 2377; x_wconf 89' lang='lat' dir='ltr'><strong>sensu,</strong></span> <span class='ocrx_word' id='word_1_199' title='bbox 546 2298 579 2359; x_wconf 88' lang='lat' dir='ltr'><strong>in</strong></span> <span class='ocrx_word' id='word_1_200' title='bbox 592 2296 650 2361; x_wconf 93' lang='lat' dir='ltr'><strong>lV.</strong></span> <span class='ocrx_word' id='word_1_201' title='bbox 665 2296 704 2359; x_wconf 87' lang='lat' dir='ltr'><strong>de</strong></span> <span class='ocrx_word' id='word_1_202' title='bbox 725 2318 820 2377; x_wconf 88' lang='lat' dir='ltr'><strong>regno</strong></span> <span class='ocrx_word' id='word_1_203' title='bbox 842 2296 883 2381; x_wconf 87' lang='lat' dir='ltr'><strong>[p.</strong></span> <span class='ocrx_word' id='word_1_204' title='bbox 901 2304 953 2375; x_wconf 82' lang='lat'><strong>71,</strong></span> <span class='ocrx_word' id='word_1_205' title='bbox 966 2298 1042 2375; x_wconf 75' lang='lat' dir='ltr'><strong>25J:</strong></span> <span class='ocrx_word' id='word_1_206' title='bbox 1067 2294 1170 2374; x_wconf 69' lang='lat' dir='ltr'><strong>rixose</strong></span> <span class='ocrx_word' id='word_1_207' title='bbox 1184 2290 1278 2363; x_wconf 74' lang='lat' dir='ltr'><strong>tivo</strong></span> 
     </span>
     <span class='ocr_line' id='line_1_24' title="bbox 151 2375 1278 2465; baseline -0.004 -18"><span class='ocrx_word' id='word_1_208' title='bbox 151 2405 190 2447; x_wconf 94' lang='grc' dir='ltr'><strong>το</strong></span> <span class='ocrx_word' id='word_1_209' title='bbox 211 2378 358 2465; x_wconf 79' lang='grc' dir='ltr'><strong><em>κινηθεὶς</em></strong></span> <span class='ocrx_word' id='word_1_210' title='bbox 372 2375 437 2445; x_wconf 72' lang='grc' dir='ltr'><strong>’ἀπὸ</strong></span> <span class='ocrx_word' id='word_1_211' title='bbox 450 2384 511 2447; x_wconf 82' lang='grc' dir='ltr'><strong>τοῦ</strong></span> <span class='ocrx_word' id='word_1_212' title='bbox 526 2377 638 2465; x_wconf 82' lang='grc' dir='ltr'><strong><em>τύφου</em></strong></span> <span class='ocrx_word' id='word_1_213' title='bbox 653 2379 781 2465; x_wconf 81' lang='grc' dir='ltr'><strong><em>καὶτῆς</em></strong></span> <span class='ocrx_word' id='word_1_214' title='bbox 797 2377 893 2463; x_wconf 79' lang='grc' dir='ltr'><strong><em>δόξης</em></strong></span> <span class='ocrx_word' id='word_1_215' title='bbox 909 2377 1062 2464; x_wconf 68' lang='lat' dir='ltr'><strong>prendre</strong></span> <span class='ocrx_word' id='word_1_216' title='bbox 1087 2377 1278 2447; x_wconf 75' lang='grc' dir='ltr'><strong><em>ἀνανεῦσαι</em></strong></span> 
     </span>
     <span class='ocr_line' id='line_1_25' title="bbox 152 2464 1280 2572; baseline 0.002 -41"><span class='ocrx_word' id='word_1_217' title='bbox 152 2468 206 2531; x_wconf 86' lang='lat' dir='ltr'><strong>¹uhi</strong></span> <span class='ocrx_word' id='word_1_218' title='bbox 225 2466 314 2541; x_wconf 87' lang='lat' dir='ltr'><strong>scribi</strong></span> <span class='ocrx_word' id='word_1_219' title='bbox 336 2468 443 2529; x_wconf 90' lang='lat' dir='ltr'><strong>malim</strong></span> <span class='ocrx_word' id='word_1_220' title='bbox 463 2467 638 2544; x_wconf 69' lang='lat' dir='ltr'><strong>xsvoectg:</strong></span> <span class='ocrx_word' id='word_1_221' title='bbox 660 2466 691 2530; x_wconf 82' lang='lat' dir='ltr'><strong>si</strong></span> <span class='ocrx_word' id='word_1_222' title='bbox 705 2466 806 2552; x_wconf 86' lang='lat' dir='ltr'><strong>forte</strong></span> <span class='ocrx_word' id='word_1_223' title='bbox 831 2465 968 2568; x_wconf 71' lang='lat' dir='ltr'><strong>levatus</strong></span> <span class='ocrx_word' id='word_1_224' title='bbox 989 2465 1104 2572; x_wconf 64' lang='lat' dir='ltr'><strong>typho</strong></span> <span class='ocrx_word' id='word_1_225' title='bbox 1119 2476 1156 2530; x_wconf 82' lang='lat' dir='ltr'><strong>et</strong></span> <span class='ocrx_word' id='word_1_226' title='bbox 1174 2464 1280 2555; x_wconf 74' lang='lat' dir='ltr'><strong>gloria</strong></span> 
     </span>
    </p>
   </div>
   <div class='ocr_carea' id='block_1_3' title="bbox 150 2549 1316 2738">
    <p class='ocr_par' dir='ltr' id='par_1_3' title="bbox 150 2549 1316 2738">
     <span class='ocr_line' id='line_1_26' title="bbox 177 2549 1278 2641; baseline 0.004 -27"><span class='ocrx_word' id='word_1_227' title='bbox 177 2550 260 2616; x_wconf 81' lang='lat' dir='ltr'><strong>ussit</strong></span> <span class='ocrx_word' id='word_1_228' title='bbox 270 2549 471 2638; x_wconf 78' lang='lat' dir='ltr'><strong>pauxillum</strong></span> <span class='ocrx_word' id='word_1_229' title='bbox 484 2573 681 2641; x_wconf 81' lang='lat' dir='ltr'><strong>emergere:</strong></span> <span class='ocrx_word' id='word_1_230' title='bbox 703 2566 749 2616; x_wconf 90' lang='lat' dir='ltr'><strong>est</strong></span> <span class='ocrx_word' id='word_1_231' title='bbox 763 2554 846 2616; x_wconf 91' lang='lat' dir='ltr'><strong>enim</strong></span> <span class='ocrx_word' id='word_1_232' title='bbox 864 2551 961 2615; x_wconf 88' lang='lat' dir='ltr'><strong>Diom</strong></span> <span class='ocrx_word' id='word_1_233' title='bbox 982 2554 1190 2633; x_wconf 78' lang='grc' dir='ltr'><strong><em>ανανεῦσαι,</em></strong></span> <span class='ocrx_word' id='word_1_234' title='bbox 1210 2550 1278 2641; x_wconf 81' lang='lat' dir='ltr'><strong>quoti</strong></span> 
     </span>
     <span class='ocr_line' id='line_1_27' title="bbox 150 2574 1316 2738; baseline 0 -34"><span class='ocrx_word' id='word_1_235' title='bbox 150 2574 257 2704; x_wconf 77' lang='lat' dir='ltr'><strong>Persio</strong></span> <span class='ocrx_word' id='word_1_236' title='bbox 275 2657 413 2700; x_wconf 81' lang='lat' dir='ltr'><strong>summa</strong></span> <span class='ocrx_word' id='word_1_237' title='bbox 427 2635 553 2702; x_wconf 82' lang='lat' dir='ltr'><strong>bullire</strong></span> <span class='ocrx_word' id='word_1_238' title='bbox 571 2643 606 2701; x_wconf 84' lang='lat' dir='ltr'><strong>in</strong></span> <span class='ocrx_word' id='word_1_239' title='bbox 623 2635 734 2719; x_wconf 81' lang='lat' dir='ltr'><strong>unda,</strong></span> <span class='ocrx_word' id='word_1_240' title='bbox 756 2641 817 2700; x_wconf 89' lang='lat' dir='ltr'><strong>hoe</strong></span> <span class='ocrx_word' id='word_1_241' title='bbox 842 2642 889 2702; x_wconf 78' lang='lat' dir='ltr'><strong>es&#39;t</strong></span> <span class='ocrx_word' id='word_1_242' title='bbox 910 2651 1011 2701; x_wconf 83' lang='lat' dir='ltr'><strong>extare</strong></span> <span class='ocrx_word' id='word_1_243' title='bbox 1033 2650 1065 2700; x_wconf 88' lang='lat' dir='ltr'><strong>et</strong></span> <span class='ocrx_word' id='word_1_244' title='bbox 1087 2641 1280 2738; x_wconf 61' lang='lat' dir='ltr'><strong>respirarem</strong></span> <span class='ocrx_word' id='word_1_245' title='bbox 1313 2674 1316 2723; x_wconf 59' lang='grc' dir='ltr'><strong><em>ι</em></strong></span> 
     </span>
    </p>
   </div>
   <div class='ocr_carea' id='block_1_4' title="bbox 105 2723 1316 4523">
    <p class='ocr_par' dir='ltr' id='par_1_4' title="bbox 152 2723 1316 3298">
     <span class='ocr_line' id='line_1_28' title="bbox 153 2723 1316 2833; baseline 0 -46"><span class='ocrx_word' id='word_1_246' title='bbox 153 2724 255 2810; x_wconf 81' lang='lat' dir='ltr'><strong>aquis3</strong></span> <span class='ocrx_word' id='word_1_247' title='bbox 284 2724 344 2786; x_wconf 90' lang='lat' dir='ltr'><strong>hoc</strong></span> <span class='ocrx_word' id='word_1_248' title='bbox 367 2723 504 2799; x_wconf 78' lang='lat' dir='ltr'><strong>similes</strong></span> <span class='ocrx_word' id='word_1_249' title='bbox 525 2724 636 2788; x_wconf 82' lang='lat' dir='ltr'><strong>Stoicis</strong></span> <span class='ocrx_word' id='word_1_250' title='bbox 659 2727 721 2788; x_wconf 90' lang='lat' dir='ltr'><strong>suis</strong></span> <span class='ocrx_word' id='word_1_251' title='bbox 741 2735 895 2787; x_wconf 91' lang='lat' dir='ltr'><strong>mutuatus</strong></span> <span class='ocrx_word' id='word_1_252' title='bbox 917 2736 963 2787; x_wconf 90' lang='lat' dir='ltr'><strong>est</strong></span> <span class='ocrx_word' id='word_1_253' title='bbox 982 2723 1123 2791; x_wconf 79' lang='lat' dir='ltr'><strong>Persius:</strong></span> <span class='ocrx_word' id='word_1_254' title='bbox 1151 2748 1226 2788; x_wconf 90' lang='lat' dir='ltr'><strong>nam</strong></span> <span class='ocrx_word' id='word_1_255' title='bbox 1246 2726 1280 2787; x_wconf 90' lang='lat' dir='ltr'><strong>ith</strong></span> <span class='ocrx_word' id='word_1_256' title='bbox 1312 2742 1316 2833; x_wconf 61' lang='lat' dir='ltr'><strong>p</strong></span> 
     </span>
     <span class='ocr_line' id='line_1_29' title="bbox 152 2808 1316 2897; baseline 0 -25"><span class='ocrx_word' id='word_1_257' title='bbox 152 2811 318 2897; x_wconf 79' lang='lat' dir='ltr'><strong>plurImum</strong></span> <span class='ocrx_word' id='word_1_258' title='bbox 334 2831 372 2871; x_wconf 92' lang='lat' dir='ltr'><strong>eo</strong></span> <span class='ocrx_word' id='word_1_259' title='bbox 389 2811 445 2871; x_wconf 92' lang='lat' dir='ltr'><strong>usi.</strong></span> <span class='ocrx_word' id='word_1_260' title='bbox 478 2809 522 2874; x_wconf 83' lang='lat' dir='ltr'><strong>M.</strong></span> <span class='ocrx_word' id='word_1_261' title='bbox 532 2809 651 2874; x_wconf 89' lang='lat' dir='ltr'><strong>Tullius</strong></span> <span class='ocrx_word' id='word_1_262' title='bbox 664 2809 761 2874; x_wconf 82' lang='lat' dir='ltr'><strong>inlll.</strong></span> <span class='ocrx_word' id='word_1_263' title='bbox 775 2810 815 2873; x_wconf 88' lang='lat' dir='ltr'><strong>de</strong></span> <span class='ocrx_word' id='word_1_264' title='bbox 828 2810 1018 2890; x_wconf 63' lang='lat' dir='ltr'><strong>finbmtta,</strong></span> <span class='ocrx_word' id='word_1_265' title='bbox 1034 2808 1062 2893; x_wconf 60' lang='grc' dir='ltr'><strong>ᾗ.</strong></span> <span class='ocrx_word' id='word_1_266' title='bbox 1075 2808 1131 2890; x_wconf 83' lang='grc'><strong>48]</strong></span> <span class='ocrx_word' id='word_1_267' title='bbox 1145 2833 1187 2875; x_wconf 84' lang='lat' dir='ltr'><strong>ex</strong></span> <span class='ocrx_word' id='word_1_268' title='bbox 1199 2808 1281 2875; x_wconf 85' lang='lat' dir='ltr'><strong>Grae-</strong></span> <span class='ocrx_word' id='word_1_269' title='bbox 1313 2840 1316 2891; x_wconf 63' lang='grc' dir='ltr'><strong><em>ι</em></strong></span> 
     </span>
     <span class='ocr_line' id='line_1_30' title="bbox 155 2891 1316 2983; baseline -0.008 -25"><span class='ocrx_word' id='word_1_270' title='bbox 155 2897 198 2958; x_wconf 88' lang='lat' dir='ltr'><strong>cis</strong></span> <span class='ocrx_word' id='word_1_271' title='bbox 214 2894 341 2958; x_wconf 80' lang='lat' dir='ltr'><strong>Stoicis:</strong></span> <span class='ocrx_word' id='word_1_272' title='bbox 364 2902 403 2956; x_wconf 82' lang='lat' dir='ltr'><strong>ut</strong></span> <span class='ocrx_word' id='word_1_273' title='bbox 415 2892 475 2975; x_wconf 78' lang='lat' dir='ltr'><strong>qui</strong></span> <span class='ocrx_word' id='word_1_274' title='bbox 489 2892 641 2959; x_wconf 83' lang='lat' dir='ltr'><strong>demersi</strong></span> <span class='ocrx_word' id='word_1_275' title='bbox 652 2905 731 2958; x_wconf 79' lang='lat' dir='ltr'><strong>sunt</strong></span> <span class='ocrx_word' id='word_1_276' title='bbox 744 2893 779 2958; x_wconf 87' lang='lat' dir='ltr'><strong>irr</strong></span> <span class='ocrx_word' id='word_1_277' title='bbox 796 2915 906 2981; x_wconf 81' lang='lat' dir='ltr'><strong>aquo,</strong></span> <span class='ocrx_word' id='word_1_278' title='bbox 926 2891 1038 2957; x_wconf 74' lang='lat' dir='ltr'><strong>nitito</strong></span> <span class='ocrx_word' id='word_1_279' title='bbox 1052 2894 1171 2981; x_wconf 76' lang='lat' dir='ltr'><strong>usagio</strong></span> <span class='ocrx_word' id='word_1_280' title='bbox 1187 2892 1281 2983; x_wconf 83' lang='lat' dir='ltr'><strong>respi·</strong></span> <span class='ocrx_word' id='word_1_281' title='bbox 1314 2894 1316 2949; x_wconf 76' lang='lat' dir='ltr'><strong>i</strong></span> 
     </span>
     <span class='ocr_line' id='line_1_31' title="bbox 154 2977 1279 3069; baseline 0 -24"><span class='ocrx_word' id='word_1_282' title='bbox 154 3001 235 3045; x_wconf 88' lang='lat' dir='ltr'><strong>rare</strong></span> <span class='ocrx_word' id='word_1_283' title='bbox 244 2987 407 3066; x_wconf 81' lang='lat' dir='ltr'><strong>possunt,</strong></span> <span class='ocrx_word' id='word_1_284' title='bbox 430 2980 461 3043; x_wconf 79' lang='lat' dir='ltr'><strong>ci</strong></span> <span class='ocrx_word' id='word_1_285' title='bbox 474 2980 576 3069; x_wconf 81' lang='lat' dir='ltr'><strong>longe</strong></span> <span class='ocrx_word' id='word_1_286' title='bbox 589 3004 657 3045; x_wconf 84' lang='grc' dir='ltr'><strong>αοπ</strong></span> <span class='ocrx_word' id='word_1_287' title='bbox 670 2983 744 3059; x_wconf 90' lang='lat' dir='ltr'><strong>[imo</strong></span> <span class='ocrx_word' id='word_1_288' title='bbox 758 3003 826 3044; x_wconf 83' lang='lat' dir='ltr'><strong>noa</strong></span> <span class='ocrx_word' id='word_1_289' title='bbox 840 2977 953 3067; x_wconf 83' lang='lat' dir='ltr'><strong>longe]</strong></span> <span class='ocrx_word' id='word_1_290' title='bbox 969 2977 1095 3042; x_wconf 82' lang='lat' dir='ltr'><strong>absunt</strong></span> <span class='ocrx_word' id='word_1_291' title='bbox 1107 3002 1132 3042; x_wconf 86' lang='lat' dir='ltr'><strong>o</strong></span> <span class='ocrx_word' id='word_1_292' title='bbox 1146 3003 1279 3057; x_wconf 81' lang='lat' dir='ltr'><strong>summo,</strong></span> 
     </span>
     <span class='ocr_line' id='line_1_32' title="bbox 154 3065 1278 3155; baseline -0.001 -25"><span class='ocrx_word' id='word_1_293' title='bbox 154 3076 193 3130; x_wconf 82' lang='lat' dir='ltr'><strong>ut</strong></span> <span class='ocrx_word' id='word_1_294' title='bbox 201 3065 372 3153; x_wconf 83' lang='lat' dir='ltr'><strong>jamjam</strong></span> <span class='ocrx_word' id='word_1_295' title='bbox 396 3087 437 3129; x_wconf 81' lang='lat' dir='ltr'><strong>ue</strong></span> <span class='ocrx_word' id='word_1_296' title='bbox 451 3069 586 3152; x_wconf 78' lang='lat' dir='ltr'><strong>possint</strong></span> <span class='ocrx_word' id='word_1_297' title='bbox 601 3087 796 3155; x_wconf 85' lang='lat' dir='ltr'><strong>emergere,</strong></span> <span class='ocrx_word' id='word_1_298' title='bbox 828 3087 931 3152; x_wconf 86' lang='lat' dir='ltr'><strong>quom</strong></span> <span class='ocrx_word' id='word_1_299' title='bbox 950 3065 982 3128; x_wconf 82' lang='lat' dir='ltr'><strong>ci</strong></span> <span class='ocrx_word' id='word_1_300' title='bbox 1002 3065 1109 3130; x_wconf 84' lang='lat' dir='ltr'><strong>etiarn</strong></span> <span class='ocrx_word' id='word_1_301' title='bbox 1133 3075 1216 3131; x_wconf 82' lang='lat' dir='ltr'><strong>tune</strong></span> <span class='ocrx_word' id='word_1_302' title='bbox 1232 3088 1278 3130; x_wconf 81' lang='lat' dir='ltr'><strong>es·</strong></span> 
     </span>
     <span class='ocr_line' id='line_1_33' title="bbox 154 3087 1188 3298; baseline 0.002 -83"><span class='ocrx_word' id='word_1_303' title='bbox 154 3163 227 3218; x_wconf 84' lang='lat' dir='ltr'><strong>sent</strong></span> <span class='ocrx_word' id='word_1_304' title='bbox 243 3151 279 3215; x_wconf 76' lang='lat' dir='ltr'><strong>irc</strong></span> <span class='ocrx_word' id='word_1_305' title='bbox 293 3087 470 3298; x_wconf 53' lang='lat' dir='ltr'><strong>pryimdo</strong></span> <span class='ocrx_word' id='word_1_306' title='bbox 485 3167 559 3234; x_wconf 85' lang='lat' dir='ltr'><strong>etc.;</strong></span> <span class='ocrx_word' id='word_1_307' title='bbox 582 3151 708 3217; x_wconf 82' lang='lat' dir='ltr'><strong>bullire</strong></span> <span class='ocrx_word' id='word_1_308' title='bbox 724 3152 844 3216; x_wconf 90' lang='lat' dir='ltr'><strong>Persius</strong></span> <span class='ocrx_word' id='word_1_309' title='bbox 859 3153 963 3238; x_wconf 89' lang='lat' dir='ltr'><strong>posuit</strong></span> <span class='ocrx_word' id='word_1_310' title='bbox 976 3174 1032 3248; x_wconf 92' lang='lat' dir='ltr'><strong>pro</strong></span> <span class='ocrx_word' id='word_1_311' title='bbox 1049 3153 1188 3219; x_wconf 89' lang='lat' dir='ltr'><strong>ebullire.</strong></span> 
     </span>
    </p>

    <p class='ocr_par' dir='ltr' id='par_1_5' title="bbox 153 3237 1281 4352">
     <span class='ocr_line' id='line_1_34' title="bbox 241 3237 1278 3326; baseline -0.001 -24"><span class='ocrx_word' id='word_1_312' title='bbox 241 3238 292 3302; x_wconf 81' lang='lat'><strong>35.</strong></span> <span class='ocrx_word' id='word_1_313' title='bbox 315 3238 444 3319; x_wconf 81' lang='lat' dir='ltr'><strong>ll‘ogne</strong></span> <span class='ocrx_word' id='word_1_314' title='bbox 466 3246 574 3325; x_wconf 81' lang='lat' dir='ltr'><strong>pater</strong></span> <span class='ocrx_word' id='word_1_315' title='bbox 595 3237 730 3316; x_wconf 38' lang='lat' dir='ltr'><strong>divvum,</strong></span> <span class='ocrx_word' id='word_1_316' title='bbox 763 3259 881 3301; x_wconf 80' lang='lat' dir='ltr'><strong>saevos</strong></span> <span class='ocrx_word' id='word_1_317' title='bbox 898 3258 1026 3321; x_wconf 78' lang='lat' dir='ltr'><strong>punire</strong></span> <span class='ocrx_word' id='word_1_318' title='bbox 1047 3242 1134 3322; x_wconf 60' lang='lat' dir='ltr'><strong>tyn]</strong></span> <span class='ocrx_word' id='word_1_319' title='bbox 1166 3238 1278 3326; x_wconf 88' lang='lat' dir='ltr'><strong>Stupori</strong></span> 
     </span>
     <span class='ocr_line' id='line_1_35' title="bbox 154 3318 1278 3412; baseline 0.004 -27"><span class='ocrx_word' id='word_1_320' title='bbox 154 3335 184 3386; x_wconf 91' lang='lat' dir='ltr'><strong>et</strong></span> <span class='ocrx_word' id='word_1_321' title='bbox 197 3318 398 3409; x_wconf 76' lang='grc' dir='ltr'><strong><em>ἀναισθησίᾳ</em></strong></span> <span class='ocrx_word' id='word_1_322' title='bbox 412 3337 514 3388; x_wconf 89' lang='lat' dir='ltr'><strong>nattae</strong></span> <span class='ocrx_word' id='word_1_323' title='bbox 528 3326 656 3412; x_wconf 86' lang='lat' dir='ltr'><strong>opponit</strong></span> <span class='ocrx_word' id='word_1_324' title='bbox 668 3325 830 3388; x_wconf 90' lang='lat' dir='ltr'><strong>acerrimos</strong></span> <span class='ocrx_word' id='word_1_325' title='bbox 846 3324 1007 3402; x_wconf 87' lang='lat' dir='ltr'><strong>cruciatus,</strong></span> <span class='ocrx_word' id='word_1_326' title='bbox 1029 3345 1090 3408; x_wconf 89' lang='lat' dir='ltr'><strong>quo</strong></span> <span class='ocrx_word' id='word_1_327' title='bbox 1107 3325 1278 3401; x_wconf 84' lang='lat' dir='ltr'><strong>tolerantii,</strong></span> 
     </span>
     <span class='ocr_line' id='line_1_36' title="bbox 154 3410 1278 3494; baseline 0.005 -25"><span class='ocrx_word' id='word_1_328' title='bbox 154 3411 207 3494; x_wconf 88' lang='lat' dir='ltr'><strong>qui</strong></span> <span class='ocrx_word' id='word_1_329' title='bbox 225 3410 369 3472; x_wconf 86' lang='lat' dir='ltr'><strong>virtutem</strong></span> <span class='ocrx_word' id='word_1_330' title='bbox 395 3413 546 3490; x_wconf 84' lang='lat' dir='ltr'><strong>cognitam</strong></span> <span class='ocrx_word' id='word_1_331' title='bbox 566 3415 736 3474; x_wconf 90' lang='lat' dir='ltr'><strong>habuerunt</strong></span> <span class='ocrx_word' id='word_1_332' title='bbox 755 3432 811 3472; x_wconf 92' lang='lat' dir='ltr'><strong>nec</strong></span> <span class='ocrx_word' id='word_1_333' title='bbox 833 3410 879 3472; x_wconf 89' lang='lat' dir='ltr'><strong>usi</strong></span> <span class='ocrx_word' id='word_1_334' title='bbox 904 3420 974 3471; x_wconf 87' lang='lat' dir='ltr'><strong>sunt</strong></span> <span class='ocrx_word' id='word_1_335' title='bbox 990 3421 1113 3473; x_wconf 83' lang='lat' dir='ltr'><strong>tamen:</strong></span> <span class='ocrx_word' id='word_1_336' title='bbox 1135 3412 1198 3477; x_wconf 85' lang='lat' dir='ltr'><strong>hos</strong></span> <span class='ocrx_word' id='word_1_337' title='bbox 1215 3432 1278 3477; x_wconf 85' lang='lat' dir='ltr'><strong>vero</strong></span> 
     </span>
     <span class='ocr_line' id='line_1_37' title="bbox 153 3494 1281 3585; baseline 0.005 -29"><span class='ocrx_word' id='word_1_338' title='bbox 153 3506 254 3556; x_wconf 86' lang='lat' dir='ltr'><strong>tantos</strong></span> <span class='ocrx_word' id='word_1_339' title='bbox 277 3516 344 3557; x_wconf 88' lang='lat' dir='ltr'><strong>esse</strong></span> <span class='ocrx_word' id='word_1_340' title='bbox 368 3495 423 3573; x_wconf 90' lang='lat' dir='ltr'><strong>ait,</strong></span> <span class='ocrx_word' id='word_1_341' title='bbox 445 3507 478 3556; x_wconf 92' lang='lat' dir='ltr'><strong>ut</strong></span> <span class='ocrx_word' id='word_1_342' title='bbox 499 3497 791 3560; x_wconf 88' lang='lat' dir='ltr'><strong>immanissimorum</strong></span> <span class='ocrx_word' id='word_1_343' title='bbox 812 3497 962 3556; x_wconf 90' lang='lat' dir='ltr'><strong>scelerum</strong></span> <span class='ocrx_word' id='word_1_344' title='bbox 978 3494 1039 3558; x_wconf 88' lang='lat' dir='ltr'><strong>reis</strong></span> <span class='ocrx_word' id='word_1_345' title='bbox 1055 3498 1180 3561; x_wconf 88' lang='lat' dir='ltr'><strong>nullum</strong></span> <span class='ocrx_word' id='word_1_346' title='bbox 1196 3496 1281 3585; x_wconf 77' lang='lat' dir='ltr'><strong>possit</strong></span> 
     </span>
     <span class='ocr_line' id='line_1_38' title="bbox 155 3580 1281 3667; baseline 0.005 -25"><span class='ocrx_word' id='word_1_347' title='bbox 155 3580 252 3666; x_wconf 88' lang='lat' dir='ltr'><strong>optari</strong></span> <span class='ocrx_word' id='word_1_348' title='bbox 265 3583 363 3658; x_wconf 89' lang='lat' dir='ltr'><strong>majus</strong></span> <span class='ocrx_word' id='word_1_349' title='bbox 376 3593 562 3643; x_wconf 89' lang='lat' dir='ltr'><strong>tormentum</strong></span> <span class='ocrx_word' id='word_1_350' title='bbox 577 3605 633 3667; x_wconf 93' lang='lat' dir='ltr'><strong>pro</strong></span> <span class='ocrx_word' id='word_1_351' title='bbox 649 3603 767 3667; x_wconf 86' lang='lat' dir='ltr'><strong>poena,</strong></span> <span class='ocrx_word' id='word_1_352' title='bbox 789 3599 882 3666; x_wconf 88' lang='lat' dir='ltr'><strong>quam</strong></span> <span class='ocrx_word' id='word_1_353' title='bbox 898 3580 936 3641; x_wconf 86' lang='lat' dir='ltr'><strong>sit</strong></span> <span class='ocrx_word' id='word_1_354' title='bbox 954 3580 1006 3642; x_wconf 93' lang='lat' dir='ltr'><strong>ille</strong></span> <span class='ocrx_word' id='word_1_355' title='bbox 1027 3582 1189 3647; x_wconf 86' lang='lat' dir='ltr'><strong>cruciatus.</strong></span> <span class='ocrx_word' id='word_1_356' title='bbox 1228 3584 1281 3647; x_wconf 86' lang='lat' dir='ltr'><strong>hr-</strong></span> 
     </span>
     <span class='ocr_line' id='line_1_39' title="bbox 155 3662 1280 3753; baseline 0 -26"><span class='ocrx_word' id='word_1_357' title='bbox 155 3667 292 3746; x_wconf 89' lang='lat' dir='ltr'><strong>gustinus</strong></span> <span class='ocrx_word' id='word_1_358' title='bbox 305 3667 381 3729; x_wconf 91' lang='lat' dir='ltr'><strong>libro</strong></span> <span class='ocrx_word' id='word_1_359' title='bbox 390 3665 441 3729; x_wconf 94' lang='lat' dir='ltr'><strong>De</strong></span> <span class='ocrx_word' id='word_1_360' title='bbox 454 3668 608 3747; x_wconf 87' lang='lat' dir='ltr'><strong>magistro,</strong></span> <span class='ocrx_word' id='word_1_361' title='bbox 618 3668 714 3751; x_wconf 88' lang='lat' dir='ltr'><strong>capite</strong></span> <span class='ocrx_word' id='word_1_362' title='bbox 726 3688 823 3728; x_wconf 88' lang='lat' dir='ltr'><strong>nono:</strong></span> <span class='ocrx_word' id='word_1_363' title='bbox 841 3662 980 3728; x_wconf 80' lang='lat' dir='ltr'><strong>Persius</strong></span> <span class='ocrx_word' id='word_1_364' title='bbox 989 3663 1149 3729; x_wconf 81' lang='lat' dir='ltr'><strong>omnihus</strong></span> <span class='ocrx_word' id='word_1_365' title='bbox 1161 3665 1280 3753; x_wconf 81' lang='lat' dir='ltr'><strong>poenis,</strong></span> 
     </span>
     <span class='ocr_line' id='line_1_40' title="bbox 157 3748 1281 3838; baseline 0.004 -25"><span class='ocrx_word' id='word_1_366' title='bbox 157 3771 239 3836; x_wconf 80' lang='lat' dir='ltr'><strong>quaa</strong></span> <span class='ocrx_word' id='word_1_367' title='bbox 264 3759 488 3836; x_wconf 82' lang='lat' dir='ltr'><strong>tyrannorum</strong></span> <span class='ocrx_word' id='word_1_368' title='bbox 513 3751 571 3817; x_wconf 80' lang='lat' dir='ltr'><strong>vel</strong></span> <span class='ocrx_word' id='word_1_369' title='bbox 591 3748 779 3815; x_wconf 83' lang='lat' dir='ltr'><strong>crudelitas</strong></span> <span class='ocrx_word' id='word_1_370' title='bbox 802 3749 1016 3838; x_wconf 78' lang='lat' dir='ltr'><strong>excogitavit</strong></span> <span class='ocrx_word' id='word_1_371' title='bbox 1035 3751 1093 3815; x_wconf 80' lang='lat' dir='ltr'><strong>vel</strong></span> <span class='ocrx_word' id='word_1_372' title='bbox 1113 3750 1281 3838; x_wconf 81' lang='lat' dir='ltr'><strong>cupiditas</strong></span> 
     </span>
     <span class='ocr_line' id='line_1_41' title="bbox 154 3832 1278 3923; baseline 0.006 -26"><span class='ocrx_word' id='word_1_373' title='bbox 154 3832 291 3922; x_wconf 81' lang='lat' dir='ltr'><strong>pendit,</strong></span> <span class='ocrx_word' id='word_1_374' title='bbox 329 3835 420 3901; x_wconf 81' lang='lat' dir='ltr'><strong>hanc</strong></span> <span class='ocrx_word' id='word_1_375' title='bbox 444 3860 553 3902; x_wconf 82' lang='lat' dir='ltr'><strong>unam</strong></span> <span class='ocrx_word' id='word_1_376' title='bbox 578 3836 771 3922; x_wconf 83' lang='lat' dir='ltr'><strong>anteponit,</strong></span> <span class='ocrx_word' id='word_1_377' title='bbox 803 3857 871 3923; x_wconf 84' lang='lat' dir='ltr'><strong>qua</strong></span> <span class='ocrx_word' id='word_1_378' title='bbox 900 3842 1105 3899; x_wconf 81' lang='lat' dir='ltr'><strong>cruciantur</strong></span> <span class='ocrx_word' id='word_1_379' title='bbox 1122 3837 1278 3915; x_wconf 74' lang='lat' dir='ltr'><strong>homines,</strong></span> 
     </span>
     <span class='ocr_line' id='line_1_42' title="bbox 156 3920 1279 4011; baseline 0.005 -29"><span class='ocrx_word' id='word_1_380' title='bbox 156 3920 215 4008; x_wconf 82' lang='lat' dir='ltr'><strong>qui</strong></span> <span class='ocrx_word' id='word_1_381' title='bbox 236 3920 342 3998; x_wconf 84' lang='lat' dir='ltr'><strong>vitio,</strong></span> <span class='ocrx_word' id='word_1_382' title='bbox 372 3924 593 4008; x_wconf 70' lang='lat' dir='ltr'><strong>quaeritare</strong></span> <span class='ocrx_word' id='word_1_383' title='bbox 616 3946 683 3987; x_wconf 85' lang='lat' dir='ltr'><strong>non</strong></span> <span class='ocrx_word' id='word_1_384' title='bbox 701 3931 863 4008; x_wconf 79' lang='lat' dir='ltr'><strong>possunt,</strong></span> <span class='ocrx_word' id='word_1_385' title='bbox 893 3932 1065 4008; x_wconf 79' lang='lat' dir='ltr'><strong>coguntur·</strong></span> <span class='ocrx_word' id='word_1_386' title='bbox 1090 3944 1279 4011; x_wconf 79' lang='lat' dir='ltr'><strong>agnoscere.</strong></span> 
     </span>
     <span class='ocr_line' id='line_1_43' title="bbox 155 4004 1279 4094; baseline -0.001 -23"><span class='ocrx_word' id='word_1_387' title='bbox 155 4007 284 4071; x_wconf 88' lang='lat' dir='ltr'><strong>Videtur</strong></span> <span class='ocrx_word' id='word_1_388' title='bbox 301 4007 420 4072; x_wconf 86' lang='lat' dir='ltr'><strong>Persius</strong></span> <span class='ocrx_word' id='word_1_389' title='bbox 435 4009 475 4071; x_wconf 89' lang='lat' dir='ltr'><strong>ad</strong></span> <span class='ocrx_word' id='word_1_390' title='bbox 500 4014 602 4072; x_wconf 89' lang='lat' dir='ltr'><strong>locum</strong></span> <span class='ocrx_word' id='word_1_391' title='bbox 624 4011 758 4073; x_wconf 86' lang='lat' dir='ltr'><strong>Platonis</strong></span> <span class='ocrx_word' id='word_1_392' title='bbox 779 4009 948 4094; x_wconf 84' lang='lat' dir='ltr'><strong>respexisse</strong></span> <span class='ocrx_word' id='word_1_393' title='bbox 969 4008 1002 4069; x_wconf 89' lang='lat' dir='ltr'><strong>in</strong></span> <span class='ocrx_word' id='word_1_394' title='bbox 1024 4004 1158 4090; x_wconf 81' lang='lat' dir='ltr'><strong>Gorgia,</strong></span> <span class='ocrx_word' id='word_1_395' title='bbox 1181 4014 1233 4077; x_wconf 89' lang='lat' dir='ltr'><strong>uhi</strong></span> <span class='ocrx_word' id='word_1_396' title='bbox 1247 4011 1279 4073; x_wconf 87' lang='lat' dir='ltr'><strong>ait</strong></span> 
     </span>
     <span class='ocr_line' id='line_1_44' title="bbox 157 4093 1280 4179; baseline -0.001 -21"><span class='ocrx_word' id='word_1_397' title='bbox 157 4093 198 4179; x_wconf 84' lang='lat' dir='ltr'><strong>[p.</strong></span> <span class='ocrx_word' id='word_1_398' title='bbox 217 4093 289 4158; x_wconf 76' lang='lat'><strong>524.</strong></span> <span class='ocrx_word' id='word_1_399' title='bbox 312 4093 345 4158; x_wconf 86' lang='lat' dir='ltr'><strong>G.</strong></span> <span class='ocrx_word' id='word_1_400' title='bbox 361 4106 391 4156; x_wconf 91' lang='lat' dir='ltr'><strong>et</strong></span> <span class='ocrx_word' id='word_1_401' title='bbox 407 4098 480 4160; x_wconf 78' lang='lat'><strong>526.</strong></span> <span class='ocrx_word' id='word_1_402' title='bbox 501 4095 550 4176; x_wconf 89' lang='grc' dir='ltr'><strong>Β.]</strong></span> <span class='ocrx_word' id='word_1_403' title='bbox 571 4098 606 4158; x_wconf 90' lang='lat' dir='ltr'><strong>in</strong></span> <span class='ocrx_word' id='word_1_404' title='bbox 627 4098 736 4158; x_wconf 87' lang='lat' dir='ltr'><strong>animis</strong></span> <span class='ocrx_word' id='word_1_405' title='bbox 761 4094 973 4156; x_wconf 83' lang='lat' dir='ltr'><strong>det&#39;unctormn</strong></span> <span class='ocrx_word' id='word_1_406' title='bbox 992 4106 1195 4175; x_wconf 86' lang='lat' dir='ltr'><strong>tyrannorum</strong></span> <span class='ocrx_word' id='word_1_407' title='bbox 1212 4096 1280 4160; x_wconf 83' lang='lat' dir='ltr'><strong>vihi-</strong></span> 
     </span>
     <span class='ocr_line' id='line_1_45' title="bbox 158 4178 1279 4263; baseline 0.004 -23"><span class='ocrx_word' id='word_1_408' title='bbox 158 4201 208 4241; x_wconf 90' lang='lat' dir='ltr'><strong>ces</strong></span> <span class='ocrx_word' id='word_1_409' title='bbox 223 4189 325 4240; x_wconf 85' lang='lat' dir='ltr'><strong>extare</strong></span> <span class='ocrx_word' id='word_1_410' title='bbox 344 4190 435 4242; x_wconf 85' lang='lat' dir='ltr'><strong>testes</strong></span> <span class='ocrx_word' id='word_1_411' title='bbox 450 4202 557 4243; x_wconf 90' lang='lat' dir='ltr'><strong>eorum</strong></span> <span class='ocrx_word' id='word_1_412' title='bbox 570 4185 735 4245; x_wconf 88' lang='lat' dir='ltr'><strong>scelerum:</strong></span> <span class='ocrx_word' id='word_1_413' title='bbox 756 4182 857 4263; x_wconf 87' lang='lat' dir='ltr'><strong>itaque</strong></span> <span class='ocrx_word' id='word_1_414' title='bbox 870 4178 1146 4245; x_wconf 81' lang='lat' dir='ltr'><strong>Rhadamanthum</strong></span> <span class='ocrx_word' id='word_1_415' title='bbox 1162 4186 1197 4246; x_wconf 91' lang='lat' dir='ltr'><strong>in</strong></span> <span class='ocrx_word' id='word_1_416' title='bbox 1210 4184 1279 4247; x_wconf 84' lang='lat' dir='ltr'><strong>Orco</strong></span> 
     </span>
     <span class='ocr_line' id='line_1_46' title="bbox 159 4259 1281 4352; baseline 0.008 -25"><span class='ocrx_word' id='word_1_417' title='bbox 159 4264 365 4327; x_wconf 83' lang='lat' dir='ltr'><strong>camillorum</strong></span> <span class='ocrx_word' id='word_1_418' title='bbox 386 4264 471 4328; x_wconf 87' lang='lat' dir='ltr'><strong>videt</strong></span> <span class='ocrx_word' id='word_1_419' title='bbox 492 4262 548 4342; x_wconf 79' lang='grc' dir='ltr'><strong>τὰς</strong></span> <span class='ocrx_word' id='word_1_420' title='bbox 564 4260 907 4348; x_wconf 77' lang='grc' dir='ltr'><strong><em>διαμεμαστιγωμένας</em></strong></span> <span class='ocrx_word' id='word_1_421' title='bbox 921 4259 1029 4347; x_wconf 60' lang='lat' dir='ltr'><strong>arripis</strong></span> <span class='ocrx_word' id='word_1_422' title='bbox 1048 4277 1081 4328; x_wconf 88' lang='lat' dir='ltr'><strong>et</strong></span> <span class='ocrx_word' id='word_1_423' title='bbox 1099 4263 1214 4335; x_wconf 71' lang='grc' dir='ltr'><strong><em>ούλιὸν</em></strong></span> <span class='ocrx_word' id='word_1_424' title='bbox 1230 4286 1281 4352; x_wconf 67' lang='grc' dir='ltr'><strong>με·</strong></span> 
     </span>
    </p>

    <p class='ocr_par' dir='ltr' id='par_1_6' title="bbox 105 4345 1282 4523">
     <span class='ocr_line' id='line_1_47' title="bbox 105 4345 1282 4437; baseline 0.004 -22"><span class='ocrx_word' id='word_1_425' title='bbox 105 4345 262 4425; x_wconf 63' lang='lat' dir='ltr'><strong>macic,</strong></span> <span class='ocrx_word' id='word_1_426' title='bbox 283 4348 356 4413; x_wconf 91' lang='lat' dir='ltr'><strong>inde</strong></span> <span class='ocrx_word' id='word_1_427' title='bbox 377 4354 580 4430; x_wconf 88' lang='lat' dir='ltr'><strong>conjecturam</strong></span> <span class='ocrx_word' id='word_1_428' title='bbox 599 4357 699 4415; x_wconf 86' lang='lat' dir='ltr'><strong>facere</strong></span> <span class='ocrx_word' id='word_1_429' title='bbox 714 4351 753 4414; x_wconf 89' lang='lat' dir='ltr'><strong>de</strong></span> <span class='ocrx_word' id='word_1_430' title='bbox 768 4353 904 4437; x_wconf 90' lang='lat' dir='ltr'><strong>ipsorum</strong></span> <span class='ocrx_word' id='word_1_431' title='bbox 922 4351 1107 4433; x_wconf 77' lang='lat' dir='ltr'><strong>sceleribus3</strong></span> <span class='ocrx_word' id='word_1_432' title='bbox 1127 4354 1282 4419; x_wconf 72' lang='lat' dir='ltr'><strong>modito-</strong></span> 
     </span>
     <span class='ocr_line' id='line_1_48' title="bbox 158 4434 1227 4523; baseline 0.001 -25"><span class='ocrx_word' id='word_1_433' title='bbox 158 4436 231 4500; x_wconf 89' lang='lat' dir='ltr'><strong>dem</strong></span> <span class='ocrx_word' id='word_1_434' title='bbox 247 4434 401 4522; x_wconf 87' lang='lat' dir='ltr'><strong>Epictetus</strong></span> <span class='ocrx_word' id='word_1_435' title='bbox 416 4437 495 4523; x_wconf 84' lang='lat' dir='ltr'><strong>apud</strong></span> <span class='ocrx_word' id='word_1_436' title='bbox 510 4438 669 4501; x_wconf 85' lang='lat' dir='ltr'><strong>Arrianum</strong></span> <span class='ocrx_word' id='word_1_437' title='bbox 683 4439 734 4501; x_wconf 89' lang='lat' dir='ltr'><strong>lib.</strong></span> <span class='ocrx_word' id='word_1_438' title='bbox 748 4436 788 4516; x_wconf 92' lang='lat' dir='ltr'><strong>ll,</strong></span> <span class='ocrx_word' id='word_1_439' title='bbox 804 4459 868 4522; x_wconf 88' lang='lat' dir='ltr'><strong>cap.</strong></span> <span class='ocrx_word' id='word_1_440' title='bbox 881 4434 1006 4499; x_wconf 85' lang='lat' dir='ltr'><strong>XVllI.</strong></span> <span class='ocrx_word' id='word_1_441' title='bbox 1094 4490 1098 4497; x_wconf 93' lang='lat'>.</span> <span class='ocrx_word' id='word_1_442' title='bbox 1224 4446 1227 4451; x_wconf 88' lang='lat'>&#39;</span> 
     </span>
    </p>
   </div>
   <div class='ocr_carea' id='block_1_5' title="bbox 0 0 1365 4972">
    <p class='ocr_par' dir='ltr' id='par_1_7' title="bbox 0 0 1365 4972">
     <span class='ocr_line' id='line_1_49' title="bbox 0 0 1365 4972; baseline 0 0"><span class='ocrx_word' id='word_1_443' title='bbox 0 0 1365 4972; x_wconf 95' lang='lat' dir='ltr'><strong> </strong></span> 
     </span>
    </p>
   </div>
  </div>
 </body>
</html>
