2700 4972
396 126 457 192 ιο
480 125 649 193 rursu
670 124 894 227 summu
921 123 985 191 vr.
1032 190 1036 203 ,
1184 131 1258 227 ,sss

119 290 205 378 apud
226 291 379 359 Galenum
401 308 432 359 et
445 295 612 359 Aristotelis
630 296 824 380 interpretes:
853 295 886 356 in
907 315 985 378 quae
1003 288 1105 357 autem
1126 296 1254 359 absurda
1318 340 1323 355 .

117 378 287 442 inciderent
308 381 360 465 qui
381 381 616 463 interrogantem
636 382 742 443 sistere
758 402 822 442 non
841 380 966 457 scirent,
991 379 1123 443 ostendit
1143 380 1253 446 Sextus

116 463 206 526 idern
226 466 484 549 contraPhysicos
497 488 561 552 cap.
576 466 627 529 De
643 476 737 528 motu.
780 456 913 528 Ait‘vero
925 464 1045 528 Persius
1061 464 1124 541 tui,
1144 463 1253 551 Chry·

116 547 229 634 sippe,
252 549 387 614 acervis
411 552 480 637 quia
494 554 624 614 multum
639 551 673 613 in
691 574 730 613 eo
747 548 933 637 Chrysippus
946 549 1116 624 sudaverat,
1137 563 1170 612 ut
1182 552 1253 614 fini-

111 645 221 697 torem
242 638 342 703 acervi
360 638 523 703 inveniret:
550 636 605 700 sed
626 639 748 699 frustra:
780 656 871 720 quare
890 657 945 719 spe
967 634 1148 699 inveniendi
1169 638 1261 722 quod.

114 723 284 805 quaerebat
303 720 435 801 dejectus
456 716 540 786 κατα
558 717 712 800 δεύτερόν
734 737 812 784 τινα
829 724 955 800 πλοῦν,
977 719 1061 807 quod
1076 724 1174 801 ajunt,
1197 745 1252 785 ex-

115 807 304 887 cogitaverat
319 830 411 893 quem
425 811 555 872 vocabat
571 803 630 871 τὸν
644 802 849 891 ἡσυχάζοντα
862 801 981 889 ibycus
1002 828 1071 868 cum
1085 807 1251 889 interroga-

101 880 167 955 'tus
192 893 362 957 sustinebat
387 915 438 970 se,
491 894 644 977 nusquam
671 892 711 955 ad
739 893 834 955 finem
859 892 1047 972 interrogans
1068 894 1250 977 perveniret.

113 975 230 1039 Sextus
253 976 313 1039 Em
335 978 423 1041 iricus
444 916 688 1064 prpotyposeon
707 978 784 1040 libro
806 976 853 1055 ll,
884 978 997 1063 capite,
1025 999 1085 1062 quo
1104 975 1250 1042 adversus

65 1075 71 1081 '
113 1059 291 1127 dialecticos
310 1001 443 1149 iisputat
463 1065 500 1144 [c.
513 1069 564 1127 22.
580 1088 611 1149 p.
628 1068 698 1128 106.
713 1062 779 1142 A.]:
812 1061 845 1127 oi
864 1060 941 1143 περὶ
964 1057 1024 1126 τὸν
1048 1058 1250 1142 Χρύσιππον
1333 1088 1339 1109 =

110 1145 311 1229 δογματικοὶ
339 1146 375 1213 ἐν
399 1150 441 1232 τῇ
466 1144 685 1233 συνερωτῆσαι
709 1149 772 1211 τοῦ
795 1146 956 1230 σωρείτον
984 1144 1164 1228 προϊόντος
1186 1150 1249 1214 τοῦ

112 1227 222 1313 λόχου
236 1230 340 1315 φασὶν
363 1233 432 1299 δεῖν
450 1232 606 1299 ἵστασθαι
626 1231 682 1298 καὶ
704 1230 843 1316 ἐπέχειν,
865 1232 921 1296 ἴνα
943 1227 988 1315 μή
1006 1227 1188 1297 ἐκπέσωσιν
1202 1234 1248 1311 εἰς

112 1310 277 1401 civorium
305 1322 365 1381 hoc
388 1331 552 1383 vero=erat
573 1342 638 1381 non
661 1341 806 1383 acervum
831 1320 935 1398 finire,
964 1317 1021 1382 sed
1046 1318 1247 1397 ignorantiam
1292 1334 1297 1343 “

110 1424 205 1465 suam
227 1405 382 1488 profiteri:
410 1427 503 1490 quare
528 1408 660 1468 multum
688 1416 718 1467 et
744 1403 917 1467 Carneades
943 1414 973 1467 ct
995 1403 1046 1464 alii
1070 1406 1247 1490 philosophi

111 1486 277 1574 Chrysippi
292 1488 366 1552 illud
381 1489 541 1555 inventum
550 1492 689 1553 riserunt.
733 1488 837 1552 Cicero
854 1488 971 1551 ibidem
988 1486 1028 1569 [ᾗ.
1038 1489 1108 1567 98]ε
1125 1487 1248 1574 placet
1339 1490 1342 1497 '

113 1570 325 1660 Chrysippo,
346 1595 425 1637 curu
441 1571 625 1664 gradatim
645 1570 894 1658 interrogetur,
916 1570 1011 1637 verbi
1029 1593 1155 1636 caussa
1175 1573 1246 1638 triu

103 1677 232 1742 pauca
258 1657 328 1723 sirit
352 1682 442 1723 aune
468 1658 601 1724 multo:
629 1657 807 1746 aliquanto
829 1656 1037 1756 priusquam
1060 1656 1109 1721 ud
1132 1658 1245 1723 multa

105 1742 308 1829 perveniat,
331 1746 522 1833 quiescere:
548 1743 587 1808 id
609 1755 658 1809 est
675 1742 766 1830 quod
783 1741 887 1807 abiis
906 1742 1035 1809 dicitur
1059 1739 1244 1827 ἡσυχάζειν.

78 1872 82 1881 ,
108 1832 186 1898 Per
198 1851 254 1893 me
268 1828 327 1894 vel
340 1839 467 1893 stertas
478 1830 572 1911 licet,
594 1829 630 1895 iu
655 1832 706 1893 uit
717 1824 925 1909 Carneades,
948 1850 1015 1893 non
1030 1826 1132 1890 modo
1148 1822 1245 1923 quies-

106 1922 209 1978 sca's:
231 1913 295 1979 sed
311 1914 396 2002 quid
434 1913 581 2003 reficis?
628 1851 793 2003 dequitur
812 1912 906 1979 enim
925 1913 1036 1999 quite
1062 1935 1106 1976 ex
1124 1932 1264 1979 somus·

106 2000 257 2078 excitet,
287 2013 320 2065 et
345 1938 465 2065 eandm
494 1999 595 2064 modo
624 2000 830 2088 interroget:
858 2003 963 2081 locum
988 2000 1141 2080 integrum
1161 2000 1244 2081 vids,

104 2088 163 2150 ubi
184 2088 277 2150 etiam
294 2100 418 2153 testatur
438 2087 544 2152 Cicero
566 2082 748 2171 διαρρήδην
769 2085 943 2149 istiusmodi
961 2087 1150 2169 sophismata
1169 2108 1243 2150 nea

106 2171 282 2259 Chrysippo
304 2173 429 2258 quidem
453 2175 549 2237 {uisse
573 2173 737 2236 dissoluta:
767 2182 851 2234 tants
876 2171 1027 2256 imperitia
1057 2172 1168 2234 acutuli
1191 2173 1294 2248 illi522

104 2257 206 2321 Stoici
219 2260 453 2340 veraeLogicae
471 2261 664 2337 laborabant3
687 2279 764 2343 quos
783 2269 887 2319 tamen
910 2278 946 2318 ea
968 2256 1061 2318 etiam
1077 2256 1168 2319 laude
1184 2278 1243 2321 vo-

101 2346 174 2407 lunt
191 2344 317 2490 puidam
333 2345 464 2408 censeris
494 2366 567 2408 sane
586 2365 677 2430 quarn
695 2341 839 2406 absurde:
869 2363 939 2404 cum
961 2341 1101 2404 universa
1120 2340 1243 2407 Stoico-

101 2451 177 2491 rum
224 2431 310 2511 ogica
330 2431 406 2492 nihil
430 2430 469 2493 sit
488 2431 628 2509 inertius,
656 2430 734 2491 nihil
752 2428 898 2515 ineptius,
925 2426 1002 2489 nihil
1022 2424 1241 2506 uucdupcudi-

60 2538 73 2553 *
101 2528 234 2594 στερον.
278 2513 483 2601 Chrysippum
501 2537 576 2579 vero
595 2518 691 2577 multa
706 2514 750 2577 'de
768 2514 861 2578 sorite
883 2512 1038 2598 scripsisse
1059 2524 1187 2592 arguunt
1203 2515 1240 2577 li-

101 2604 232 2664 brorum
246 2599 362 2664 indices
379 2599 461 2687 apud
480 2600 649 2679 Lairtium,
671 2600 758 2662 multi
773 2611 804 2662 et
819 2597 911 2663 varii:
933 2596 989 2660 sed
1011 2597 1062 2681 qui
1079 2600 1240 2684 praecipue
1263 2596 1268 2609 “

101 2685 146 2748 ad
172 2687 330 2772 sophisma
361 2686 462 2751 acervi
479 2682 680 2772 pertinerent,
710 2696 780 2748 sunt
804 2685 852 2746 hi:
881 2680 962 2764 Περὶ
989 2684 1057 2745 τῶν
1077 2680 1162 2761 πρὸς
1181 2681 1240 2759 τὰς

101 2766 223 2852 φοονάς
251 2772 420 2851 oupertus
442 2770 565 2855 (melius
587 2767 800 2851 σατραπικῶν)
828 2764 937 2852 λόγων
960 2788 990 2849 y.
1013 2778 1044 2829 et
1074 2765 1157 2847 Περὶ
1176 2771 1239 2833 τοῦ

99 2852 196 2936 παρα
209 2853 331 2939 μικρὸν
344 2851 458 2936 λόγον,
481 2851 565 2936 πρὸς
578 2850 809 2940 Στησαγόραν,
833 2855 878 2937 βα
900 2852 957 2916 etsi
969 2855 1063 2933 longo
1078 2853 1237 2916 intervallo

99 2944 280 3028 separantur
305 2943 339 3005 hi
360 2944 438 3005 tituli
460 2942 674 3006 in·La'e'rtiano
697 2941 814 3020 indice,
841 2950 910 3003 sunt
934 2949 1035 3001 tamen
1063 2934 1103 3000 de
1125 2937 1238 3002 eodem

99 3040 298 3108 argumento:
326 3022 437 3112 namsi
459 3023 633 3111 σωρειτικὴ
655 3023 817 3109 ἐρώτησις.
838 3024 994 3087 dicebatur
1012 3021 1124 3085 Stoicis
1144 3025 1237 3087 etiam

98 3108 123 3197 ἡ
145 3108 237 3195 παρὰ
251 3111 372 3196 μικρὸν
387 3107 553 3197 ἐρώτησις,
574 3112 657 3199 quod
674 3114 748 3176 alibi
762 3114 841 3174 clare
857 3109 1054 3172 docebimus:
1077 3108 1130 3170 ubi
1143 3110 1236 3172 etiam

98 3220 212 3262 eorum
225 3200 367 3285 supinum
382 3220 514 3262 errorem
528 3199 751 3281 castigabimus,
772 3195 1005 3282 quiSto'icorum
1018 3194 1144 3257 soritem
1157 3194 1236 3258 inter
1280 3224 1285 3243 ·
1317 3239 1320 3243 -

97 3285 397 3364 argumentationum
420 3284 570 3367 legitimas
592 3285 709 3373 specics
730 3286 879 3346 referunt:
908 3290 986 3366 quae
1004 3277 1135 3343 absurda
1155 3294 1303 3367 sen-(2⁰3)

99 3370 196 3433 tentia
209 3373 323 3434 multos
334 3369 430 3435 hodie
444 3382 606 3435 sectatores
619 3371 722 3448 habet,
745 3369 836 3432 etiam
848 3369 986 3444 illorum,
1007 3364 1060 3449 qui
1076 3365 1108 3427 in
1121 3386 1157 3427 es
1173 3377 1236 3428 arte

96 3457 317 3543 praecaeteris
335 3476 443 3605 sapere
462 3458 570 3520 volunt
583 3455 691 3520 videri.
733 3453 796 3518 Sed
817 3456 912 3529 haec,
936 3462 970 3512 ut
990 3448 1139 3529 diximus,
1163 3452 1236 3513 alibi
1284 3454 1287 3459 ’

94 3546 171 3605 fuse
200 3563 235 3603 ac
258 3544 338 3605 clare
385 3542 659 3606 emonstrabimus:
692 3545 796 3604 faveat
822 3535 919 3600 modo
943 3535 1101 3600 conatibus
1123 3537 1235 3600 nostris

93 3626 373 3797 meifinu'slzesus,
392 3630 547 3708 veralux,
566 3649 639 3692 vera
664 3624 782 3710 coptu,
805 3635 857 3685 aut
881 3622 983 3708 potius
1001 3614 1158 3703 αὐτόφος
1177 3619 1235 3686 καὶ

94 3733 225 3781 mot)
291 3755 299 3773 .
