2700 4972
298 374 302 381 .
386 307 449 376 nn
472 307 643 389 enisu
671 264 946 415 stimans
991 376 993 380 ,
1198 314 1246 379 rr

92 482 220 549 libram
232 480 381 547 mutem
402 483 544 550 molienti
559 483 700 550 videatur
713 483 816 571 potius
833 481 999 550 convenire
1024 504 1118 570 quam
1134 503 1245 550 rerum
1274 516 1278 534 «

105 568 283 656 quaerenti,
314 569 471 655 sirnillime
491 592 616 657 prorsus
633 581 668 633 ut
688 571 721 633 in
738 568 896 633 metiendo
923 569 1044 655 siquis
1066 591 1245 637 mensuram
1300 594 1308 607 ’

105 656 215 723 ferinta
239 652 325 740 quod
360 654 392 717 ui
411 658 563 736 iacerent,
584 655 763 720 notatimnt
777 653 965 721 Graeconrm
977 676 1056 719 vocs
1069 669 1243 738 apocatas-
1281 654 1283 661 '

104 745 209 823 epeia,
222 762 325 826 quem
338 677 516 807 deminutis
533 742 650 806 furibus
669 745 869 828 usurpabant:
890 753 1066 829 propterea,
1089 763 1159 803 cum
1171 763 1245 827 pre-¹

104 829 185 891 tiosa
205 825 439 912 appendebant,
465 849 613 909 magnam
633 849 738 891 curam
760 825 962 907 adhibebant,
989 849 1051 912 quo
1075 827 1135 890 sibi
1150 848 1243 892 cave

104 912 175 979 rent
185 915 227 976 ab
239 913 420 976 hominibus
434 914 545 978 libram
566 915 633 978 sive
650 935 779 999 scapum
798 925 955 999 percutere
978 912 1095 994 gnaris,
1116 911 1196 976 adeo
1208 924 1243 976 ut

103 1009 230 1085 propter
241 1018 313 1063 eam
327 1020 466 1063 caussam
485 999 599 1081 modus
616 1000 684 1085 ipse
699 1002 808 1063 libram
825 998 952 1062 tenendi
964 997 1076 1086 hnper.
1090 997 1242 1062 Constan-
1321 1009 1324 1013 '

104 1085 247 1165 tinilege
264 1095 348 1147 extet
369 1083 536 1171 descriptus
555 1086 590 1147 in
607 1085 721 1150 Codice
734 1084 975 1164 Theodosiana,
993 1087 1080 1147 titulo
1094 1083 1144 1146 De
1157 1084 1243 1150 Pon·

105 1169 298 1235 deratoribue
317 1182 349 1235 et
360 1172 428 1233 euri
444 1172 593 1247 inlatione
614 1171 677 1252 [lib.
690 1169 765 1251 XII,
779 1173 825 1233 tit
839 1175 869 1235 7.
888 1168 916 1253 §.
933 1175 983 1244 1.].
1025 1168 1171 1249 Aurum,
1191 1170 1241 1235 in-
1259 1198 1263 1217 ¹

102 1257 180 1342 quit,
201 1252 294 1342 quod
307 1250 466 1339 inferta-r,
489 1279 597 1343 aequa
611 1255 710 1333 lance
726 1266 758 1320 et
773 1254 986 1320 libramentis
1001 1254 1148 1342 poribus
1161 1266 1240 1320 'eue-
1312 1318 1317 1329 ,

103 1341 268 1428 capiatur:
288 1339 414 1405 scilicet
435 1353 473 1406 ut
485 1340 613 1407 driadas
625 1340 746 1429 digitis
761 1338 942 1405 summitas
957 1340 1022 1405 lini
1040 1341 1238 1420 retineatur,

101 1437 174 1495 trec
186 1423 313 1513 reliqui
327 1425 427 1500 liberi
443 1424 493 1491 ad
508 1451 600 1492 susce
625 1439 734 1493 torem
748 1428 921 1492 emineant
933 1450 995 1492 nec
1001 1425 1165 1513 pondera
1181 1425 1240 1491 cle·

95 1511 265 1599 primunt
283 1509 379 1576 nullo
399 1513 568 1577 examinis
588 1451 796 1579 ilromento
816 1522 953 1578 servato
972 1535 1034 1576 nec
1055 1513 1171 1600 aequis
1199 1535 1241 1576 uc

96 1595 247 1686 poribus
267 1619 428 1684 suspenso
444 1609 574 1665 cratere
592 1598 781 1663 momentis.
820 1599 928 1663 Simile
941 1598 1056 1663 fraudis
1075 1620 1170 1680 genus
1184 1597 1262 1667 ad„
1318 1624 1325 1631 ³

99 1684 233 1749 mittitur
244 1694 402 1747 commota
416 1687 514 1764 lance,
540 1685 625 1770 quod
638 1681 930 1765 παρασαλεύεσθαι
943 1684 1060 1747 dicitur.
1092 1683 1241 1766 B.Chry-
1297 1702 1302 1717 ¹

99 1781 261 1837 soetomus
275 1770 317 1839 in
323 1768 525 1856 posteriorem
539 1769 580 1832 ad
594 1770 814 1834 Timotheum:
837 1764 856 1834 ὁ
871 1765 967 1851 ζυγὸς
988 1764 1047 1834 ἐὰν
1063 1766 1118 1852 ἔχῃ
1132 1779 1240 1849 παρα·-

101 1849 328 1939 σολευομένην
344 1852 406 1940 τήν
424 1849 625 1939 πλάστιγγα,
656 1850 698 1922 οὐ
719 1855 825 1937 κρίνει
844 1854 981 1930 δικαίως
1003 1849 1043 1918 eoi
1066 1848 1239 1938 σταθμητοὶ
1333 1882 1336 1887 ·

100 1936 377 2023 :potamioenae
421 1940 569 2028 Suspicor
590 1943 679 2023 igitur
697 1943 853 2027 scripsisse
871 1953 1009 2004 veterem
1029 1940 1117 2003 illum
1137 1961 1239 2023 gram-
1297 1952 1300 1957 '

97 2027 248 2095 maticmn
257 2047 478 2112 pernarrare,
519 2026 584 2090 uod
595 2026 717 2113 proprie
733 2030 838 2090 locum
849 2028 943 2090 habet
962 2028 996 2090 in
1010 2037 1137 2106 statera,
1159 2048 1238 2112 quae

98 2114 229 2201 scopam
247 2113 342 2176 hahet
358 2113 478 2199 punctis
498 2050 689 2179 distinctum:
718 2114 777 2176 ha'c
799 2135 870 2175 erun
891 2113 1006 2198 aliquid
1026 2111 1238 2199 appendimus,

98 2202 193 2265 ittera
213 2218 312 2263 manu
329 2197 570 2284 aequipondium
590 2221 647 2285 per
669 2221 797 2285 scapum
817 2198 956 2262 ducimus
978 2220 1110 2284 eumque
1131 2197 1241 2273 tandiu,

76 2288 79 2293 “
98 2286 320 2373 percurrimus,
342 2283 442 2348 donec
460 2286 576 2349 steterit
595 2307 727 2348 examen
744 2279 891 2359 dulcata:
915 2283 998 2369 quod
1011 2285 1112 2346 Latini
1133 2282 1237 2347 dicunt
1253 2277 1289 2336 4⁵

98 2392 311 2459 corappeecerc
325 2390 469 2434 examen
481 2381 574 2436 certo
582 2380 732 2457 puncto:
752 2370 873 2433 Persius
890 2368 988 2432 Satira
1000 2369 1033 2432 V
1042 2368 1147 2451 [100]:
1171 2366 1238 2432 Di·

64 2516 67 2521 .
97 2454 169 2523 latr
184 2453 396 2523 helleborum
416 2465 506 2520 certo
534 2470 744 2544 conqrescere
759 2466 891 2542 pruneto
910 2451 1055 2518 Nescius
1074 2475 1238 2528 enumerat

96 2540 185 2630 qnod
204 2563 266 2607 nos
286 2538 415 2605 libram
430 2563 635 2627 percurrere
656 2545 695 2606 ab
717 2545 779 2605 hoc
799 2542 996 2622 grammatico
1018 2540 1134 2603 dictum
1148 2551 1238 2627 puta·
1268 2540 1271 2545 '
1312 2562 1317 2573 ’

96 2650 180 2707 mus,
198 2627 234 2691 id
249 2626 410 2715 Vitruvius
423 2629 468 2691 sic
486 2629 648 2713 expressit,
669 2626 905 2715 aequilibrium
929 2625 1031 2708 [edd.:
1057 2627 1239 2712 aequipara

81 2713 211 2796 ὀίω]
225 2713 264 2777 in
280 2711 427 2777 alterum
439 2724 580 2799 partem
595 2713 694 2801 scapi
704 2726 770 2799 per
781 2722 911 2799 puncta
924 2710 1058 2799 vagari
1066 2761 1074 2788 ,
1095 2714 1174 2774 libro
1190 2709 1236 2777 X.

99 2822 166 2902 cap.
178 2794 268 2873 vul.
283 2804 319 2875 [s.
330 2797 388 2879 Ill,
402 2797 429 2882 β.
444 2800 474 2863 4.
491 2797 649 2880 Schneid]
665 2798 769 2863 Etiam
782 2800 941 2885 sequentia
954 2801 1049 2862 verba
1066 2797 1239 2883 interpretis

97 2892 175 2951 mna
187 2896 276 2950 sunt:
300 2893 331 2948 et
341 2890 433 2971 prae
455 2884 647 2970 agitatione
691 2896 742 2949 ost
763 2907 907 2972 aequum
921 2883 1155 2971 conquiescat:
1176 2884 1238 2944 hoc

97 2974 180 3039 uult:
203 2993 269 3037 non
280 2972 364 3058 prius
377 2991 504 3055 scapum
522 2972 629 3052 agitari
651 2908 807 3049 (Ιέεἰηετε,
829 2992 922 3056 quam
936 2970 968 3031 in
983 2991 1039 3033 suo
1057 2980 1171 3054 puncto
1187 2986 1237 3031 sa·
1283 3040 1286 3045 Ι

96 3057 292 3141 obmutuerit
303 3059 503 3121 collocatum:
516 3057 559 3119 ita
572 3056 700 3120 demum
713 3078 731 3119 a
770 3068 841 3117 uato
856 3057 999 3120 examine
1012 3055 1138 3140 quiescit
1151 3055 1238 3119 libra.
1326 3124 1330 3141 ι

97 3141 416 3231 (iutigoprimaera
425 3143 553 3207 notione
564 3078 832 3224 lauriciufioro
846 3139 989 3205 caedere
1007 3152 1038 3202 et
1052 3143 1151 3204 cesto.
1187 3138 1238 3202 Si-

96 3228 283 3309 mliDores,
305 3227 387 3293 unde
400 3226 440 3289 ad
455 3226 550 3291 Italos
562 3249 627 3293 vox
639 3229 734 3306 venit,
749 3223 869 3302 nanctis
880 3225 1021 3289 dicebant
1032 3246 1089 3312 pro
1099 3218 1238 3302 ‚assidat
1255 3256 1272 3267 v·
1301 3285 1321 3292 .,

189 3336 285 3403 quem
294 3314 469 3396 Hesychius
481 3310 604 3379 uuordo
617 3315 827 3400 interpretatur
838 3334 903 3375 non
917 3314 1034 3390 lorum,
1055 3306 1113 3375 sed
1123 3314 1238 3375 fustem

109 3397 226 3485 ξύλον]
242 3411 274 3465 et
287 3401 443 3487 propriam
452 3400 786 3465 Athamanum'rocem
797 3399 847 3478 ait,
868 3420 1000 3484 quorum
1009 3394 1132 3460 dialecti
1144 3416 1239 3482 saepe

94 3488 265 3554 meminit..
276 3508 296 3551 a
309 3495 403 3553 casto
415 3485 560 3572 castigo,
578 3499 614 3549 ut
625 3489 664 3549 ab
682 3484 769 3549 iusto
783 3483 923 3572 instigo,
945 3496 976 3547 et
975 3479 1120 3631 panigo
1132 3493 1249 3568 poste-¹

95 3576 157 3641 rior
169 3586 261 3639 amas.
275 3594 294 3636 a
309 3566 423 3659 fustea
446 3583 572 3635 aestum
586 3594 642 3658 pro
655 3571 779 3647 uinculo
795 3573 893 3634 habes
913 3591 973 3658 apu
1014 3569 1189 3632 Varronem
1200 3568 1236 3641 ln
1261 3612 1267 3631 ,-

94 3661 180 3727 tibris
199 3658 241 3723 de
257 3658 425 3735 rerustica.
451 3654 489 3738 [L
506 3660 538 3737 8,
556 3655 584 3740 ᾗ.
596 3662 634 3724 6:
657 3667 718 3721 aut
732 3651 971 3745 funiculo-aut
986 3654 1105 3719 cincla
1115 3698 1125 3731 ,
1146 3650 1239 3804 (prod

95 3744 232 3834 antiqui
244 3743 420 3809 vocabant
435 3745 581 3824 oesiam]
626 3742 777 3827 [„Primus
791 3764 853 3829 que
866 3763 907 3805 ex
919 3739 1140 3828 antiquioribus
1166 3739 1240 3803 ‘bris

94 3830 181 3897 Pasa.
200 3828 323 3895 reduxit
338 3830 429 3914 atque
447 3850 517 3892 eam
528 3851 594 3895 uon
606 3829 744 3916 repeter‘e
754 3827 961 3908 negationem,
982 3825 1039 3890 sed
1049 3848 1106 3912 per
1118 3847 1153 3891 se
1168 3846 1238 3891 esse

96 3916 326 4005 percipiendam
343 3926 425 3990 recte
447 3915 613 3980 contendit.
664 3912 745 3977 Illud
767 3914 851 3978 enim
871 3912 898 3977 si
917 3923 1111 3990 statueretur,
1133 3909 1238 3976 custi-
1310 3996 1313 4001 Ι

93 4027 184 4092 gare
200 4004 266 4069 vim
281 4023 369 4065 suam
382 4001 553 4081 corrigendi
574 4002 725 4066 mnitteret
742 4011 774 4062 et
790 4001 872 4063 nulla
891 4011 1046 4084 praeterea
1061 3998 1148 4063 vocis
1171 3996 1238 4060 im-
1329 4062 1333 4075 ,

92 4089 242 4177 probum
260 4089 336 4167 ratio
356 4088 461 4149 habita
479 4100 568 4152 esset
611 4086 770 4150 Sententia
786 4087 863 4148 haec
878 4096 940 4160 est:
967 4082 1075 4164 Quum
1096 4090 1237 4168 corrupto

97 4179 231 4262 populus
240 4174 402 4239 Romanus
414 4171 528 4253 judicio
538 4175 590 4252 sit,
611 4173 638 4237 si
651 4172 787 4257 aliquem
800 4171 940 4235 extulerit
957 4182 989 4235 et
1005 4168 1150 4248 laudarit,
1172 4171 1237 4247 eim

96 4264 213 4343 judicio
232 4282 297 4325 non
317 4255 464 4338 accedas,
490 4256 618 4346 ipseque
637 4261 788 4338 lingrmm,
816 4256 947 4342 quaein
968 4255 1109 4343 populari
1126 4254 1236 4317 nunna

96 4353 192 4415 fallax
205 4359 264 4427 est,
284 4364 437 4424 coerceas,
457 4355 489 4408 et
503 4367 596 4432 quam
611 4345 644 4408 in
657 4356 777 4431 partem
788 4353 912 4431 vergat,
933 4340 1111 4407 observem
1135 4336 1189 4406 W
1185 4336 1237 4409 ab·
1336 4368 1339 4375 ·

97 4434 147 4505 Cb
159 4436 288 4503 Pnsov.
306 4455 338 4519 p·
354 4434 419 4500 249
430 4451 495 4517 sq..
514 4432 611 4498 etiarn
626 4429 669 4494 de
691 4429 823 4495 Caseub.
838 4424 1109 4515 interpretatione]
1213 4502 1219 4511 ἱ
1330 4464 1334 4481 ·
