2700 4972
576 224 612 277 ἱ
712 254 718 265 =
787 240 798 249 ·
867 274 869 279 .

153 372 291 418 xxxmo
404 349 438 412 A.
480 342 681 413 PER-stt
721 343 939 411 SATIRA
980 344 1041 411 VI.
1095 348 1098 353 ’

154 522 201 588 sir
220 522 326 611 patei-z
354 517 438 583 haud
458 528 615 604 prompte,
642 516 745 583 dicam
764 530 880 583 tamen.
922 516 1011 582 Adde
1030 518 1127 585 etiam
1143 542 1254 602 uuum,

154 631 257 694 Unum
278 630 387 693 etiam:
424 626 537 690 Terrae
559 627 688 706 estjam
709 626 804 690 fitius:
840 638 871 689 et
890 627 968 689 mihi
988 628 1048 690 ritu

154 738 276 802 Manius
296 737 347 798 hic
369 735 486 816 generis
509 755 608 819 prope
630 736 729 812 major
746 737 917 798 ammculus
938 735 1010 797 exit.
1254 743 1299 804 60

59 852 65 887 ³
98 870 119 881 ··
155 843 220 925 Qui
240 845 393 931 priores,
417 864 470 905 cur
489 863 542 905 me
563 841 597 903 in
614 839 746 933 deoursu
766 841 909 926 lampada
930 843 1060 928 poscis?

156 950 234 1016 Sum
254 926 309 1034 titii
330 949 517 1014 Mercurius:
546 948 640 1013 venio
659 946 737 1011 deus
757 950 820 1013 huc
843 966 918 1031 ego,
948 963 981 1013 tu
1002 953 1055 1015 ille

154 1059 308 1140 Pingitur:
338 1080 378 1120 an
399 1057 525 1121 renuis?
558 1057 621 1121 vin’
641 1067 677 1119 tu
695 1055 831 1137 gaudere
849 1058 1057 1122 relictis?-

156 1162 273 1232 Deesff
293 1162 430 1251 aliquid
451 1184 618 1228 summos.
634 1196 676 1213 «-
696 1162 798 1227 Minui
818 1166 918 1230 mihi:
945 1165 1003 1230 sed
1022 1166 1078 1231 titi
1096 1176 1199 1230 totum
1221 1140 1304 1241 est,P

157 1272 312 1360 Quicquid
331 1273 365 1336 td
386 1285 442 1339 est.
471 1272 539 1337 'Ubi
549 1273 603 1348 sit,
621 1272 697 1353 fuge
711 1292 872 1357 quaerere,
895 1272 1237 1361 quodmihiquondam
1255 1277 1302 1346 55

156 1382 286 1462 Legerat
305 1380 437 1461 Tadius,
467 1402 529 1443 neu
551 1379 630 1443 dieta
649 1400 768 1464 repone
787 1393 928 1466 paternas
954 1428 960 1437 .

157 1489 306 1553 Foenoris
328 1488 452 1552 accedat
472 1509 608 1552 merces:
637 1486 710 1549 hinc
730 1488 835 1551 exime
853 1499 984 1551 sumtus.
1008 1521 1047 1534 -

161 1590 256 1678 Quid
270 1593 443 1683 reliquum
454 1594 587 1658 eatP-
600 1593 789 1681 Reliquum?
811 1595 909 1675 Nunc,
928 1617 1011 1659 nune
1027 1595 1196 1683 impensius
1209 1619 1301 1685 unge,

157 1702 261 1785 Urge,
283 1726 375 1792 puer,
399 1704 509 1767 caules.
552 1700 633 1764 Mihi
653 1705 731 1766 festa
752 1707 820 1766 tuoe
842 1715 987 1789 coquatur
1255 1684 1258 1689 ⁵

158 1808 260 1874 Urtica
281 1823 312 1873 et
332 1812 403 1875 fissa
425 1814 584 1873 fumosum
604 1810 734 1896 sinciput
755 1832 828 1873 aure
837 1857 850 1888 ,
1259 1816 1303 1877 to

158 1918 200 1983 Ut
219 1929 290 1981 tuus
309 1917 368 1981 iste
388 1940 487 2003 nepos
509 1919 585 1980 olim
606 1929 689 1981 satur
709 1919 824 1982 anseris
846 1919 942 1994 extis,

161 2025 242 2091 cum
261 2046 385 2089 morosa
404 2047 485 2107 vago
507 2026 661 2106 singultiet
680 2025 805 2106 inguine
825 2046 921 2104 vena,

160 2126 306 2198 Patriciae
326 2135 464 2213 immejat
484 2133 619 2197 vulvae?
652 2132 732 2195 mihi
751 2144 848 2195 trama
867 2135 983 2214 figurae

161 2241 209 2305 Sit
228 2243 365 2328 reliqua:
395 2251 443 2304 ast
462 2240 507 2303 illi
530 2238 641 2302 tremat
662 2252 787 2304 omento
809 2262 893 2326 popa
911 2241 1046 2305 venter?

161 2347 271 2413 Vende
292 2350 428 2411 animam
447 2350 549 2430 lucro3
579 2368 715 2410 mercare
735 2340 826 2434 atque
848 2326 955 2411 excuie
975 2346 1083 2429 sollers
1105 2404 1108 2409 .

161 2454 267 2520 Omne
288 2460 366 2520 latus
387 2454 513 2519 mundi:
542 2477 583 2517 ne
603 2455 643 2518 sit
663 2455 863 2539 praestantior
883 2456 960 2519 alter

162 2561 361 2649 Cappadocas
382 2563 479 2644 rigida
499 2563 628 2649 pingues
649 2565 796 2648 plausisse
818 2575 948 2647 catasta3

162 2668 245 2734 Rem
266 2669 396 2758 duplica.
413 2704 456 2717 -
475 2668 583 2734 Fecit
608 2668 688 2754 jam
708 2668 855 2757 triplex,
873 2670 959 2761 jam
977 2666 1066 2735 mihi
1087 2678 1233 2756 quarto,
1294 2710 1300 2719 ·

164 2774 249 2841 Jom
267 2775 381 2843 decies
403 2775 497 2842 redit
517 2777 554 2842 io
572 2799 708 2866 rugam.
751 2776 947 2868 Depunge,
975 2775 1203 2844 atiniarum!

52 2948 55 2953 .
163 2884 327 2967 Inventus,
355 2882 540 2975 Chrysippe,
569 2887 614 2950 tui
638 2880 870 2953 finitor'ucerri.
1256 2894 1304 2957 80
