2700 4972
56 56 77 201 i
400 111 460 179 m
483 84 662 184 tran-r
679 90 951 187 senatur.
1203 127 1245 190 n
1322 70 1327 79 ’

56 258 77 345 .‘.'
110 272 182 381 etei
199 275 321 360 idione
331 268 503 370 ὖιόλῄψιῠ
523 279 664 373 dilue,
678 289 763 356 unde
777 283 913 357 oriuntur
926 293 1085 358 benefacta
1097 305 1128 359 et
1140 312 1246 379 secus,
1345 286 1347 297 Α

55 390 65 455 ,2
111 362 230 455 (bettro'¹
242 368 383 447 similiter
402 370 566 459 stirpem:
595 396 665 439 cum
682 377 772 458 igitur
789 379 984 479 philosophia
1013 401 1092 466 quae
1112 378 1153 443 ad
1173 392 1262 446 mo-'1
1294 388 1296 393 '

52 458 76 525 ξ·
113 472 159 516 res
172 464 309 541 spectat,
330 456 371 520 slt
391 456 520 546 duplex,
542 458 715 542 dogmatica
728 474 759 525 et
771 476 977 549 paraenetica,
998 467 1132 550 priorem
1150 468 1244 548 illam,
1265 510 1270 519 ι

52 534 60 585 ¹
110 554 183 624 quae
204 541 294 633 uelut
318 542 400 606 basis
423 555 469 607 est
487 546 536 607 cui
557 548 650 609 altera
675 549 837 629 incumbit,
859 549 1098 636 sapientissimus
1118 553 1245 639 quisque

52 646 63 659 ·
109 644 192 687 orsus
206 637 256 689 est
276 647 295 688 a
315 625 362 691 dis
384 631 519 695 utatione
540 629 578 694 de
600 633 679 715 fine3
701 633 785 719 quod
807 644 877 698 ante
895 657 1004 699 omnes
1026 639 1136 700 fecisse
1160 656 1245 701 sum.-

107 730 191 773 mum
212 650 438 801 philosqrdum
457 717 545 780 initio
571 717 847 799 Nicomacheorum
876 720 1028 786 videmus.
1080 722 1146 786 Nos
1169 742 1244 787 vero

106 806 249 882 putamus
270 791 335 863 οὐκ
350 795 441 866 ἀθεεὶ
455 806 570 865 factum
584 803 659 866 illud
672 808 711 870 ab
728 806 871 888 Hebraeo
889 807 1044 893 sapiente,
1069 809 1121 894 qui
1139 830 1244 890 regem

104 881 262 962 librorum,
285 883 425 950 Psalmos
440 888 520 969 regis
537 887 648 972 poeitae
664 902 695 953 et
706 913 875 977 paucorum
891 895 1033 972 aliorum,
1055 895 1087 955 in
1104 893 1243 957 ordinem

103 965 236 1049 redegit,
259 979 296 1041 ut
308 973 432 1035 caeteris
449 975 591 1037 omnibus
607 998 679 1038 eum
705 989 918 1063 anteponeret,
941 980 1002 1064 quo
1022 981 1099 1042 haec
1123 979 1162 1043 de
1180 981 1243 1042 fine

103 1053 242 1138 quaestio
272 1056 455 1138 luculenter,
484 1061 541 1122 etsi
571 1063 673 1124 verbis
701 1085 765 1125 non
794 1064 915 1143 multis,
950 1065 1123 1150 explicatur.
1178 1063 1243 1127 Sed

102 1138 246 1203 omnium
265 1144 402 1206 maxime
423 1145 535 1207 iubae
557 1149 735 1231 quaestione
754 1149 910 1211 immorati
931 1160 1003 1212 sunt
1025 1149 1136 1229 Stoici,
1159 1148 1243 1235 quod

101 1242 140 1287 ex
154 1222 322 1306 Cicerone,
345 1227 462 1293 Seneca
483 1243 513 1294 et
530 1227 716 1295 Graecorum
732 1235 910 1314 fragmentis
926 1236 999 1298 satis
1016 1248 1153 1301 constat:¹
1170 1237 1242 1297 hinc

100 1309 248 1396 estquod
262 1313 533 1391 toties-Persiusin
547 1328 611 1379 tam
624 1321 729 1406 paucis
743 1322 882 1384 versibus
894 1321 964 1383 finis
979 1322 1134 1385 meminit:
1158 1323 1243 1386 velut
1324 1378 1329 1389 .

97 1397 163 1458 1100·
174 1398 266 1476 loco,
289 1408 319 1461 et
333 1399 366 1460 in
383 1400 517 1464 secunda
535 1405 616 1481 [62]:
1332 1408 1335 1413 ’

187 1476 400 1568 Quidjuvctt
416 1483 497 1564 doc,
519 1495 653 1551 nostros
675 1487 815 1572 templis
834 1487 1023 1557 immittere
1037 1490 1179 1554 mores?

97 1566 160 1629 boc
181 1577 246 1648 est,
267 1590 329 1655 quo
342 1572 404 1634 fine
418 1574 478 1635 hoc
489 1573 643 1640 facimus?
665 1572 698 1635 in
710 1576 796 1636 tertia
813 1575 894 1656 [60]:

164 1648 409 1821 ,Rafigliqeid
424 1679 489 1746 quo
510 1655 624 1721 tendis
643 1665 678 1721 et
697 1657 734 1721 in
756 1658 847 1748 quod
865 1655 993 1749 dirigis
1014 1660 1165 1725 areum?

95 1736 211 1801 iterum
311 1763 320 1805 a
662 1776 666 1780 ⁴

182 1818 271 1889 dure
286 1743 415 1890 dtenim
435 1824 475 1890 id
487 1846 673 1906 summum,
699 1826 785 1917 quid
796 1826 920 1894 dexter
931 1827 1026 1917 senio
1041 1825 1158 1915 ferret
1200 1822 1204 1828 ’

118 1954 129 1985 ·.
185 1904 286 1975 Scire
309 1912 443 1978 eratin
468 1922 559 1979 voto,

95 1994 256 2083 mquinu
275 1997 361 2082 [64]=
866 2054 869 2061 .

91 2090 95 2101 “
136 2104 165 2129 ·=
187 2096 190 2103 '
471 2082 582 2170 petite
600 2083 681 2151 bine
691 2085 905 2171 juvenesque
929 2104 1094 2173 senesque

183 2163 312 2232 Finem
333 2166 451 2232 animo
475 2182 618 2235 certum.

95 2242 178 2317 licie
193 2275 270 2318 vero
285 2253 407 2319 Persius
426 2279 491 2319 non
513 2261 615 2321 solum
628 2256 698 2320 finis
714 2256 871 2337 meminit,
893 2277 1002 2320 verum
1016 2255 1110 2319 etiam
1121 2251 1244 2329 Stoico·
1292 2262 1294 2267 ’

95 2340 170 2403 riam
190 2337 416 2403 distinctionem
437 2341 579 2424 adhibet,
601 2355 634 2405 ut
647 2344 792 2405 monitori
810 2364 866 2405 suo
887 2356 922 2405 o's
943 2344 1104 2407 obturaret.
1147 2337 1243 2402 Dice-

95 2428 150 2490 b'at
170 2425 224 2489 ille
244 2446 342 2490 errare
364 2426 520 2509 Persium,
549 2430 601 2515 qui
624 2428 748 2490 laudem
773 2428 932 2514 praeclaris
952 2427 1082 2508 ingeniis
1111 2423 1254 2487 delatam¹

95 2510 189 2575 flocci
200 2513 330 2574 faceret:
352 2513 519 2599 respondet
533 2538 597 2578 non
613 2514 768 2601 aspernari
786 2534 820 2576 se
839 2513 965 2600 quidem
985 2511 1100 2593 ingenii
1117 2513 1244 2588 lamam,

94 2594 154 2661 sed
169 2619 236 2659 non
252 2597 347 2683 pluris
360 2621 453 2686 quam
475 2622 530 2688 par
546 2600 586 2664 sit
605 2622 676 2663 eam
693 2599 870 2663 aestimare:
892 2621 949 2687 pro
970 2599 1032 2660 fine
1058 2597 1149 2677 igitur
1174 2616 1245 2658 eam
1297 2664 1300 2673 ¹

95 2704 163 2746 non
180 2684 312 2763 babere,
340 2684 393 2770 qui
421 2688 523 2749 nullus
545 2687 584 2749 sit
605 2686 681 2748 alius
726 2697 823 2747 raeter
847 2705 1004 2746 summum
1022 2685 1155 2761 bonum,
1188 2679 1245 2743 sed

95 2770 178 2832 inter
192 2762 365 2855 ἀδιάφορα
380 2769 506 2850 ducere,
528 2780 659 2857 quorum
675 2708 733 2833 ade
754 2772 798 2832 tio
815 2771 935 2832 nullum
950 2767 990 2831 ad
1003 2770 1126 2832 beatam
1147 2767 1244 2855 vitam

96 2867 294 2917 momentum
324 2857 460 2939 afferret3
489 2859 569 2925 hanc
595 2879 698 2919 rerum
726 2794 929 2917 differentiam
960 2851 1118 2940 quomo'do
1148 2850 1244 2914 Stoici

95 2938 307 3027 explicarent,
314 2944 417 3028 paullo
431 2954 501 3013 ante
521 2943 692 3022 attigimus:
715 2953 761 3004 est
781 2942 852 3002 huie
875 2941 983 3003 adfinis
1006 2951 1037 3001 et
1057 2940 1115 3000 alia
1137 2936 1244 3000 distin-

95 3026 157 3089 ctio
178 3027 305 3090 s'cholae
325 3026 481 3109 ejusdem,
509 3029 589 3091 inter
607 3026 733 3093 οἰκεῖον
757 3027 891 3107 πρῶτον
911 3027 978 3088 sive
1006 3020 1099 3099 τέλος
1120 3034 1150 3084 et
1175 3016 1244 3085 im-

92 3106 267 3197 pfiiwp'pua
298 3112 450 3199 quaedam
474 3114 573 3193 enim,
601 3114 854 3198 ntvoluptatem,
882 3133 946 3173 non
971 3120 1095 3196 propter
1113 3109 1173 3172 sui¹
1186 3130 1244 3170 na-

94 3209 198 3277 turam
211 3200 326 3262 assumi
342 3199 502 3280 docebant,
525 3198 581 3262 sed
593 3210 739 3285 tanquam
752 3197 934 3260 accessionis
948 3199 1034 3260 rice:
1056 3197 1133 3257 baec
1148 3192 1243 3255 Lae'r-

94 3282 158 3349 dns
175 3284 211 3367 [l.
229 3284 289 3369 l.]·.-
315 3282 436 3348 'Seneca
460 3285 499 3348 de
522 3288 612 3350 beata
629 3287 693 3348 rita
709 3285 751 3346 ita
770 3283 918 3369 expressit
940 3304 972 3344 ca
995 3283 1037 3343 ite
1053 3279 1120 3344 IX:
1145 3276 1244 3341 Sicut

94 3364 365 3457 &arum-quod
379 3368 490 3460 segeti
508 3366 722 3454 proscissum
745 3376 813 3448 est,
837 3302 1070 3457 aliquidores
1085 3362 1243 3427 interrro-

94 3458 253 3533 ocurrer,
274 3478 344 3520 non
366 3465 486 3521 tamen
506 3454 588 3521 linio
609 3452 793 3534 herbulae,
840 3453 976 3518 uomvia
997 3450 1146 3513 delectet
1161 3464 1252 3517 ocur·

95 3538 327 3621 102,th
349 3541 464 3628 operis
487 3539 677 3605 insumtum
696 3548 769 3603 est:
793 3474 896 3603 adiuel
914 3536 991 3627 fuit
1011 3534 1141 3601 serenti
1150 3550 1294 3622 pro-(tta)

88 3624 268 3715 positum,
292 3626 358 3692 hoc
372 3627 593 3715 supervenit:
616 3625 666 3691 sic
688 3627 771 3692 volu
796 3635 852 3709 tas
872 3647 940 3690 non
961 3633 1014 3687 eat
1027 3640 1162 3686 merces
1180 3641 1243 3685 nec

95 3720 224 3777 cadesa
247 3711 405 3792 virtutis,
428 3710 492 3776 sed
509 3710 686 3779 accessio.-
707 3647 793 3800 quod
806 3709 930 3776 Graecis
944 3708 1056 3774 Stoicis
1076 3704 1244 3805 ἐρεψεννᾶ-

95 3794 233 3867 araia
257 3796 473 3885 ἐπιγέννημα,
504 3799 642 3864 Senecae
663 3794 886 3884 supervenire
909 3809 940 3861 et
962 3814 1132 3859 accesere:
1160 3795 1246 3857 aliter

93 3884 141 3951 Μ.
153 3884 292 3952 Tullius..
330 3886 494 3951 Caeterum
512 3900 578 3949 non
600 3883 775 3949 Stoicorum
790 3895 836 3947 est
857 3885 1017 3947 inventum
1035 3883 1113 3943 baec
1137 3880 1244 3953 distin·
1339 3944 1345 3959 ,

96 3958 171 4035 ctio¹
197 3983 232 4034 ut
246 3975 349 4037 multis
362 3976 472 4060 placet,
490 3964 550 4037 vsed
563 3983 600 4034 -et
612 3993 680 4034 rem
703 3982 734 4032 et
747 3970 842 4034 verba
863 3972 902 4034 ab
915 3968 1075 4032 Aristotele
1090 3978 1160 4029 sunt
1172 3984 1244 4026 mu-

95 4022 189 4141 tuati:
211 4080 296 4141 nam,
308 4058 392 4145 q'uod
414 4053 699 4143 illi'ir‘teye'tntppe,
716 4056 874 4141 'maximus
894 4054 1153 4147 philosophorum·
1175 4044 1241 4139 iett-
1258 4064 1293 4117 95

94 4136 410 4229 ybidptssebveiioc,
432 4148 471 4206 ¹ut
484 4138 973 4219 ‘inNicomacheor-um‘ultimo,
995 4139 1100 4227 capite·
1117 4144 1241 4283 (praetor
1303 4168 1307 4174 ·

96 4228 227 4310 vitem,
247 4218 354 4316 inqiiit',
376 4220 618 4316 rriu‘ivipysmv
632 4220 776 4311 η”ἡδονὴ
793 4218 1021 4311 οὐχ”ὦςὴἕξις
1039 4218 1122 4286 ivam
1146 4239 1242 4304 oxon·
1304 4234 1311 4245 “

1257 1746 1292 1804 94

1225 4430 1299 4527 ‘st
