2700 4972
372 1250 917 1331 MERICUS

161 1416 1127 1531 CASAUBONUQISR

410 1610 881 1678 uecroals.a

540 1852 751 1871 r-hb--nu—-u—

71 2054 211 2157 isaaci
234 2085 463 2151 casauboni
483 2086 516 2148 in
538 2086 678 2150 Persium
691 2082 797 2149 Libri
817 2082 1072 2149 Commentarii
1091 2086 1211 2151 dudmn

71 2185 134 2252 est,
156 2173 257 2235 amice
271 2170 396 2252 Lector,
418 2188 489 2234 cum
505 2193 573 2235 rara
586 2185 658 2236 sunt
673 2172 707 2234 in
727 2174 789 2236 hoe
801 2192 895 2253 reguo
916 2174 1116 2259 exemplaria,
1138 2197 1210 2261 per-
1233 2168 1247 2253 ’,

72 2260 157 2321 finax
176 2270 283 2321 autem
300 2261 385 2320 fama
402 2269 434 2321 et
453 2257 527 2321 inde
549 2257 649 2322 studia
666 2261 816 2321 lectorum
837 2279 994 2344 nunquam
1006 2259 1207 2340 flagrantiora.

72 2342 179 2425 Quare
200 2354 272 2407 ante
293 2344 408 2429 aliquot
424 2360 549 2407 menses
573 2349 612 2408 ab
633 2344 761 2407 homine
775 2344 944 2431 bibliopola
963 2344 1040 2407 mihi
1055 2358 1131 2408 noto
1151 2368 1205 2408 ro-
1235 2349 1242 2361 “

72 2444 178 2513 gaurs,
198 2426 312 2515 ecquid
329 2432 477 2493 haberem
496 2430 579 2516 quod
599 2429 639 2493 ad
662 2450 915 2578 novamffiam
935 2432 1037 2493 moliri
1054 2453 1089 2494 se
1108 2433 1204 2518 proti-

72 2520 192 2581 tebattrr
205 2515 384 2594 editionem,
399 2519 587 2579 conferrem:
609 2518 661 2602 qui
674 2518 791 2603 primae
848 2517 948 2579 'tionis
958 2516 1097 2579 codicem
1111 2539 1206 2581 manu

70 2606 101 2667 b.
117 2624 163 2666 m.
178 2602 311 2688 parentis
331 2603 436 2665 multis
450 2604 483 2664 in
501 2604 577 2666 locis
595 2614 734 2681 auctum,
762 2602 925 2687 aliquando
951 2604 1045 2666 etiarn
1059 2602 1209 2667 emenda-

71 2702 138 2753 tum
152 2691 321 2768 haberem,
349 2687 390 2751 de
403 2700 489 2774 patre
504 2698 535 2751 et
550 2691 764 2753 communibus
782 2690 888 2752 liberis
901 2690 982 2751 bene
998 2688 1138 2752 merendi
1152 2710 1207 2753 oc-

72 2776 231 2840 casionem
249 2776 379 2838 libenter
401 2777 562 2860 amplexus
579 2775 682 2838 statim
701 2786 731 2837 et
750 2773 890 2837 codicem
903 2786 935 2836 et
955 2796 1082 2861 operam
1102 2796 1207 2839 meam

72 2862 171 2926 obtuli
189 2872 237 2941 et,
274 2871 307 2922 nt
329 2860 491 2922 hominem
514 2872 598 2922 tanto
625 2861 724 2940 magis
748 2861 983 2941 obstrhugerem,
1018 2858 1206 2925 Graecorum

71 2962 211 3034 quoque,
232 2948 286 3009 ubi
301 2967 379 3031 opus
399 2958 495 3021 esset,
516 2948 796 3033 interpretationem
808 2949 887 3009 ultro
902 2946 1080 3033 promisi*).
1120 2948 1206 3013 ,Lae-

70 3046 120 3098 tus
140 3036 194 3096 ille
213 3052 271 3119 pro
294 3033 407 3095 ositum
423 3053 530 3113 urgere
548 3044 579 3095 et
598 3055 657 3096 me·
670 3031 802 3096 subinde
822 3034 993 3118 appellare3
1019 3033 1097 3095 nihil
1118 3034 1149 3095 in
1170 3054 1205 3097 se

72 3140 180 3183 morae
210 3052 356 3205 prodten'.
407 3118 486 3182 Cum
503 3117 543 3181 ad
570 3139 637 3181 rem
654 3130 782 3183 ventum
803 3128 866 3196 est,
899 3108 1072 3265 'quanpuam
1093 3118 1205 3182 eadem

70 3217 227 3293 supererat
246 3202 288 3267 ad
309 3202 525 3289 praestandum
546 3204 698 3283 alacritas,
735 3224 813 3289 quae
836 3206 935 3266 fuerat
961 3224 979 3265 a
1019 3206 1204 3289 promitten-

70 3290 167 3355 dum=
189 3302 255 3353 non
270 3301 374 3353 tamen
387 3301 452 3352 tam
475 3288 654 3374 expeditum
672 3310 752 3437 opJus
769 3290 937 3368 experienti
958 3290 1016 3352 fuit
1036 3312 1130 3376 quam
1155 3293 1205 3355 vi-

68 3398 140 3443 sum
165 3388 229 3441 erat
256 3376 403 3462 opinione
428 3376 644 3460 praesumenti

67 3466 138 3551 ipsa
158 3464 342 3540 ¹stultorum,
365 3483 444 3547 quae
463 3458 567 3524 addita
589 3463 744 3549 cupiebat,
772 3462 805 3522 in
822 3461 983 3546 capacibus
996 3463 1058 3526 oris
1073 3462 1142 3525 libri
1154 3464 1204 3525 in-

67 3548 192 3614 terdurn
214 3546 390 3628 adjecisset,
417 3547 451 3611 in
471 3549 623 3633 plerisque
643 3560 748 3611 tamen
768 3545 810 3609 ad
823 3547 950 3632 paginas
969 3558 1089 3612 tantum
1097 3550 1204 3611 remit-

66 3638 171 3715 tebat,
192 3654 257 3697 non
267 3634 434 3721 capitibus,
455 3656 519 3696 non
532 3635 625 3714 libris,
647 3645 681 3695 ut
696 3633 872 3720 plurimum,
893 3632 1042 3712 indicatis,
1057 3656 1106 3697 ne
1118 3646 1203 3720 parte

56 3721 196 3807 'quidem
213 3722 275 3783 loci
295 3738 390 3823 sptem
408 3720 533 3785 volebat
555 3720 603 3798 (ut
624 3738 717 3805 saepe
737 3719 784 3799 fit)
807 3719 956 3805 apposita.
1007 3717 1092 3799 Quid
1113 3721 1204 3803 igitur

67 3812 206 3871 iacerem
225 3806 286 3870 nisi
303 3826 404 3893 ipsas,
424 3808 535 3891 qulbus
545 3827 619 3869 usus
643 3816 723 3884 erat,
754 3803 906 3867 editiones
920 3806 1068 3879 librorum
1090 3826 1203 3870 consu-

68 3894 191 3959 lerem?
218 3890 266 3956 Ita
287 3890 427 3955 haerenti
440 3892 474 3955 in
493 3891 576 3955 vado
595 3901 824 3978 peropportuna
844 3891 973 3954 occrmit
986 3891 1052 3955 Viri
1072 3890 1151 3955 Glar.
1170 3902 1202 3967 'et

71 3978 257 4056 doctissimi,
280 3976 320 4041 de
340 3977 447 4040 litteris
462 3986 494 4040 et
509 3979 645 4042 litteralis
662 3978 807 4040 omnibus
825 3976 930 4041 mulds
943 3977 1120 4041 nominibus
1133 3998 1200 4040 me-

66 4066 220 4145 ritissimi,
242 4061 402 4129 Patricia·
413 4060 512 4127 lunii
526 4066 709 4127 humanitas.
741 4062 816 4141 Ejus
828 4084 889 4148 ope
901 4075 932 4127 et
945 4063 1099 4145 diligentia
1114 4078 1201 4150 prute-¹

67 4244 278 4259 w'··'

186 4340 263 4423 [liant
288 4362 339 4407 nos
359 4348 520 4418 delevlmus,
545 4350 702 4423 ubicunque
734 4350 769 4407 'sb
793 4348 886 4406 lsuscb
910 4342 970 4406 llas.
998 4354 1119 4423 prolecta
1149 4369 1201 4407 stou

66 4353 165 4493 al

722 3386 854 3461 mutaque
876 3376 961 3439 emm
981 3396 1090 3462 parens
1109 3380 1204 3440 verba
1308 3408 1327 3453 ·.
