2700 4972
336 404 451 481 ’,ΙΝ
492 405 811 475 PERSIUM.
1107 433 1189 476 xiix

51 606 100 649 ves
111 581 245 645 Romani
259 578 484 657 efficiebantur,
510 578 543 641 in
556 599 685 655 numero
703 578 817 642 civium
830 582 1036 643 Romanorum
1054 584 1190 647 frumen·
1254 606 1257 619 ¹

50 684 116 735 tum
128 670 288 753 publicum
300 664 477 746 acciperent.

135 757 172 818 V.
185 756 239 820 75.
264 752 380 831 Quibus
396 772 460 811 unu
479 750 635 830 Quiritem]
660 750 746 826 Quos
759 751 1020 829 summittebant,
1040 772 1092 814 eos
1105 756 1191 837 alapa

51 860 208 927 perorasses
220 837 479 917 circumagebant,
501 845 531 897 et
546 835 656 896 liberos
669 837 898 903 confirmabunt.
921 838 1008 898 Unde
1023 844 1191 902 manumis-

14 947 20 966 ·
52 930 95 991 sio
121 927 220 1002 dicte,
251 925 335 1003 quod
357 943 451 982 manu
471 922 654 983 mitteretur.
705 922 856 997 Quiritem
878 933 981 984 antem
1001 926 1204 1006 singulariter

52 1014 175 1077 abusive
186 1011 285 1087 dixit,
310 1010 431 1071 licentis
447 1007 576 1089 poetica.
619 1009 695 1068 Nam
716 1011 795 1069 sicut
812 1018 898 1091 peter
918 1011 1108 1092 conscriptus
1129 1035 1191 1075 non

53 1100 184 1175 dicitnr,
203 1097 247 1157 ita
260 1115 319 1157 nec
331 1094 484 1170 Quiritem
499 1094 598 1154 dicere
606 1114 773 1174 possumus.

136 1184 174 1247 V.
186 1186 240 1249 88.
267 1184 425 1254 Vindicta]
454 1180 544 1259 Virga
563 1190 626 1256 est,
654 1201 714 1260 qna
726 1180 959 1245 manumittendi
973 1202 992 1241 e
1004 1183 1147 1245 Praetore
1158 1186 1192 1245 in

16 1316 28 1349 ,
54 1272 149 1355 capite
165 1269 344 1350 pulsantur:
365 1266 434 1326 ideo
457 1266 556 1341 dicte,
578 1266 662 1344 qnod
674 1286 743 1326 eum
757 1267 893 1327 vindicat
905 1267 1046 1330 libertati.
1088 1270 1193 1333 Mesu-

54 1360 116 1422 rins
129 1365 235 1417 sutem
247 1353 438 1425 hicSebinus
452 1352 524 1431 legis
538 1353 691 1413 consultus
706 1352 779 1415 luit:
811 1362 842 1413 et
856 1354 1003 1415 Rubrices
1024 1366 1115 1417 vocat
1132 1359 1193 1419 mi-

56 1447 156 1515 nium,
177 1462 240 1521 quo
254 1440 340 1501 tituli
350 1439 450 1519 legum
463 1438 698 1499 sonoubsntur.

21 1586 24 1595 Ι
128 1527 264 1593 .V.100.
294 1526 379 1585 Certo
394 1544 577 1602 compescere
591 1523 717 1604 puncto]
747 1524 815 1585 Non
833 1524 873 1585 ad
891 1529 1052 1605 trutinam,
1080 1530 1134 1589 sed
1153 1531 1193 1591 ad

21 1654 24 1665 ·
56 1623 198 1677 staterem
210 1610 332 1687 retulit,
351 1628 430 1689 ques
440 1609 578 1690 punctis,
601 1618 631 1670 et
643 1611 741 1671 unciis
755 1610 902 1691 signatur.

137 1696 267 1844 Ἕω.
295 1698 438 1757 Frmtsm
449 1696 488 1755 de
503 1694 600 1776 rebus]
625 1696 784 1757 Pndorcm.
827 1696 985 1778 Templum
999 1699 1079 1760 enim
1091 1701 1194 1782 pudo-

57 1787 98 1849 ris
110 1794 157 1845 est
203 1804 268 1845 ona

137 1870 176 1933 V·
190 1874 263 1937 112.
286 1863 517 1946 Mercurialem]
540 1864 611 1925 ldeo
626 1864 722 1943 dixit,
748 1865 929 1947 qniaipsum
945 1867 1039 1928 lleum
1052 1868 1130 1929 lucri
1145 1870 1195 1931 di-

58 1964 137 2019 cunt.
169 1954 262 2017 Unde
275 1962 307 2013 et
320 1970 390 2012 curn
405 1952 514 2011 sacello
528 1952 681 2031 pingitur,
703 1960 734 2011 et
749 1952 1017 2033 anegotiatoribua
1029 1954 1194 2036 plurimum

58 2043 173 2105 eobtnr.

14 2150 17 2155 ·
136 2126 177 2191 V.
196 2128 269 2191 119.
290 2124 437 2201 Digitum
450 2119 545 2200 exere]
567 2120 667 2201 Digito
680 2122 801 2183 sublato
814 2124 950 2201 ostende,
963 2126 1080 2187 vietum
1095 2136 1125 2187 te
1134 2148 1196 2189 esse

59 2212 180 2277 avitiis.
224 2212 368 2271 Tractum
381 2227 398 2266 a
412 2206 643 2287 gladiatoribus,
667 2208 721 2288 qui
734 2208 826 2287 vieti,
851 2210 1022 2272 ostensione
1037 2212 1122 2292 digiti
1140 2234 1194 2276 ve·

59 2301 133 2361 niam
148 2318 166 2358 ι
181 2297 297 2378 populo
313 2293 515 2374 postrdabant.

136 2384 175 2446 V.
191 2386 264 2449 198.
284 2383 433 2441 Moveare
447 2377 602 2460 Bathylli]
621 2376 781 2459 Bathyllus
791 2381 996 2461 pentemimus
1007 2383 1081 2462 tuit,
1110 2384 1196 2449 Mae·

60 2470 169 2533 emetis
186 2468 325 2529 libertus.
528 2506 531 2511 «
871 2514 874 2519 .

138 2557 177 2617 V.
192 2558 265 2621 tet.
289 2553 381 2615 Verte
390 2548 526 2631 aliqut'd]
548 2549 723 2631 ngefins,
742 2550 915 2633 etspedarn
930 2574 988 2635 pro
1001 2557 1097 2636 specie
1110 2578 1197 2620 com-

59 2652 150 2705 unta.

142 2726 179 2791 V.
195 2726 267 2791 138.
299 2722 376 2783 Varo
385 2763 394 2797 ,
424 2720 628 2803 regnatricem]
655 2720 770 2803 Lingua
795 2722 953 2784 Cellerum
972 2725 1117 2808 Mones,
1148 2732 1198 2792 vel

61 2814 186 2877 sacries
198 2810 345 2873 dicuntur
357 2805 439 2867 servi
452 2806 596 2868 militum:
624 2807 678 2886 qni
693 2808 801 2888 utique
813 2810 980 2871 stultissimi
994 2824 1085 2892 eunt,
1115 2818 1198 2880 servi

60 2900 200 2979 sideh'crt
210 2896 386 2957 stultorum.

140 2984 179 3049 V.
195 2985 268 3047 140.
289 2982 332 3041 Et
349 2976 550 3057 oerropborum
569 2980 672 3058 aptae]
707 2978 925 3062 oenophorum
949 3004 1002 3046 ves
1025 2985 1132 3048 vinum
1150 2989 1198 3048 se-

60 3093 145 3151 rens,
164 3064 251 3143 οἶνος
265 3068 346 3127 enim
357 3064 464 3127 vintnn
478 3071 541 3139 est,
563 3063 601 3123 de
616 3078 676 3142 quo
690 3074 737 3125 est
749 3064 840 3127 illude

229 3154 367 3215 Verts’tur
384 3148 562 3229 oenophoris
572 3149 714 3227 fundus,
744 3156 889 3212 cernentia
906 3153 1002 3213 nobis.

104 3298 108 3303 ,
144 3240 179 3302 V.
196 3238 268 3306 145.
295 3237 382 3297 Urna
394 3233 523 3314 eburae]
551 3234 657 3295 Cicuta
672 3236 802 3296 calorem
819 3238 852 3297 in
868 3238 955 3299 nobis
967 3241 1087 3321 frigoris
1103 3244 1150 3304 sui
1166 3248 1200 3307 vi
1237 3270 1240 3279 ·

59 3326 225 3409 extinguit:
252 3323 339 3383 Unde
351 3321 521 3382 sacerdotes
534 3321 649 3383 Cereris
657 3322 827 3383 Eleusiniae
836 3324 954 3403 liquore
965 3327 1031 3409 ejus
1044 3331 1200 3410 ungeban-

60 3425 126 3492 tur,
147 3422 184 3474 ut
203 3432 221 3469 a
237 3409 400 3470 concubitu
414 3406 610 3468 abstinerent.

144 3499 182 3561 V.
200 3501 270 3563 158.
292 3498 366 3555 Hoc
380 3494 464 3575 quod
476 3494 583 3575 legem
592 3492 662 3553 inde
672 3495 725 3574 eet]
748 3493 909 3557 Horatius:

227 3584 317 3644 Dum
336 3582 488 3661 loquimur
495 3580 591 3659 sugit
606 3580 714 3640 meida
735 3593 832 3641 uetur.

146 3669 183 3731 V.
200 3672 273 3735 161.
296 3669 390 3729 Dave
402 3668 462 3725 cito
474 3665 532 3725 hec
543 3665 660 3746 credes]
682 3666 774 3727 Hunc
793 3666 894 3727 locum
909 3685 949 3726 ex
962 3665 1122 3729 Menandri
1136 3671 1199 3731 Eu-

62 3756 162 3819 nucho
174 3754 293 3830 traxit,
311 3752 345 3813 in
359 3772 421 3833 qno
430 3750 547 3812 Davum
561 3771 683 3813 servum
697 3752 923 3812 Chaerestratus
937 3753 1107 3813 adolescens
1122 3757 1200 3817 allo-

62 3845 183 3923 quitur,
215 3851 360 3918 tanqunm
379 3856 480 3898 amore
502 3836 656 3918 Chrysidis
676 3839 841 3898 meretricis
861 3838 1036 3900 derelictus:
1061 3841 1202 3921 idemque

62 3939 162 3989 umen
184 3926 222 3987 ab
240 3947 276 3985 ea
293 3933 454 3987 revocatus
472 3923 513 3983 ad
525 3923 609 3985 illem
625 3925 716 3986 redit.
759 3925 850 4005 Apud
867 3925 1041 3986 Terentium
1056 3947 1201 4007 personae

62 4015 239 4077 immutatae
259 4021 341 4073 sunt

148 4100 184 4163 V.
203 4099 274 4165 165.
294 4100 338 4157 Et
353 4097 432 4156 udae
445 4092 613 4177 Chrysidis]
639 4096 722 4163 Udas
744 4098 825 4157 iores
845 4098 936 4169 dixit,
966 4118 1040 4177 quae
1054 4107 1203 4161 amatores

65 4188 161 4271 selem
173 4193 331 4265 mignento
343 4181 542 4261 pertundere,
569 4190 602 4243 et
620 4190 691 4243 ante
710 4182 834 4265 jannem
852 4185 973 4245 illarum
987 4194 1109 4245 noctem
1124 4187 1203 4266 vigi-

66 4272 124 4351 liis,
146 4282 179 4333 et
194 4280 289 4333 cantu
301 4268 472 4347 transigere.

148 4360 187 4421 V.
202 4362 274 4425 177.
297 4357 424 4435 Vs‘gila,
440 4364 470 4413 et
481 4350 571 4433 cicer]
590 4352 684 4413 Ludis
694 4353 861 4415 Flcrelibus
874 4356 975 4416 omnia
991 4356 1104 4416 semina
1117 4378 1204 4438 spar-

70 4446 213 4525 gebantur
227 4444 261 4503 in
275 4440 441 4525 populum,
462 4448 500 4513 ut
511 4438 612 4501 Tellus
624 4440 709 4501 velat
720 4442 897 4501 muneribus
910 4443 971 4503 suis
982 4441 1161 4521 placeretur.

8 4550 10 4555 ·
150 4530 189 4595 V.
204 4533 277 4599 180.
297 4528 431 4589 Herodis
444 4545 551 4587 venen
562 4522 641 4611 dies]
668 4526 804 4589 Herodes
823 4528 906 4610 apud
919 4526 1047 4589 ludaeos
1067 4530 1205 4610 regnavit

22 4604 36 4662 ²
125 4630 240 4689 cmi.
271 4628 371 4685 nm.
401 4624 510 4682 asro
1034 4625 1066 4703 d
