2700 4972
80 1084 85 1093 .
215 938 507 1113 rs'oac'r
566 1010 1041 1105 cnsaunom

509 1246 512 1255 =
585 1215 666 1282 ΙΝ

56 1386 108 1499 P
242 1364 480 1498 nn
609 1381 654 1495 s
787 1385 845 1511 1,
940 1323 1195 1501 ufta

174 1565 944 1691 ',ruonaaounua

57 1939 204 2045 satiram
214 1969 390 2036 Romanam
404 1969 467 2037 duo
479 1973 538 2039 ista
550 1970 719 2061 praecipue
738 1973 936 2039 constituunt:
959 1971 1243 2051 doctrinaffmo-(ttlt

55 2058 143 2139 ralis,
164 2058 364 2122 urbanitas-et
375 2060 470 2138 sales:
493 2073 610 2124 caetera
634 2061 810 2122 communia
834 2072 905 2123 sunt
924 2063 989 2140 ejus
1006 2060 1105 2147 poa'tis
1120 2084 1192 2153 curn

55 2147 122 2210 aliis
137 2145 263 2209 multis:
292 2165 421 2208 acumen
443 2144 626 2227 disserendi,
648 2145 812 2232 eloquendi
831 2148 971 2225 facultas,
993 2168 1193 2211 numerorum
1245 2210 1249 2215 .

56 2231 262 2312 mnonnitas3
285 2230 387 2292 anima
405 2253 496 2311 vero,
518 2244 552 2294 ut
569 2233 613 2296 sic
629 2230 744 2311 dicam,
766 2242 798 2295 et
812 2226 892 2313 ὅρος
910 2233 969 2315 τῆς
987 2226 1105 2309 οὐσίας
1125 2236 1191 2312 ejus

56 2316 200 2381 carminis
223 2327 269 2378 est
290 2316 436 2379 vitiorum
463 2318 622 2382 insectatio
648 2328 678 2380 et
700 2316 740 2379 ad
765 2318 909 2382 virtutem
929 2319 1122 2382 cohortatio:
1151 2317 1192 2380 ad

54 2425 136 2553 quae
148 2400 334 2489 perficienda
353 2404 468 2466 salibus
486 2416 517 2466 ct
534 2405 610 2484 jocis
625 2414 771 2487 tanquam
788 2404 850 2465 telo
869 2402 971 2467 utitur.
1014 2404 1117 2467 Habet
1128 2405 1191 2466 hoc

79 2490 155 2552 atira
170 2484 314 2550 Romana
335 2509 406 2550 cum
425 2489 524 2551 ethico
545 2490 733 2576 philosopho
760 2511 942 2568 commune,
962 2488 1047 2574 quod
1065 2489 1104 2553 de
1118 2511 1191 2552 mo-

54 2576 140 2638 ribus
151 2585 274 2654 tractat:
294 2572 351 2636 sed
371 2575 555 2638 tractationis
576 2577 714 2661 proprius
731 2585 777 2637 est
789 2573 917 2638 modus:
939 2573 1029 2638 docet
1047 2576 1116 2640 hic:
1137 2577 1191 2638 illa

54 2662 224 2748 plurimum
239 2659 379 2740 castigat:
400 2672 540 2723 naturam
556 2673 588 2723 ct
602 2681 723 2724 caussas
743 2660 889 2725 virtutum
903 2681 938 2722 ac
951 2661 1097 2724 vitiorum
1110 2662 1190 2723 ethi-

57 2769 110 2810 cus
129 2746 272 2833 inquirit:
294 2743 438 2808 Satiricus
452 2746 545 2834 polita
557 2747 687 2811 vitiosos
700 2748 765 2808 fere
782 2748 933 2827 objurgat,
955 2748 1057 2810 bonos
1070 2746 1189 2833 parcius

55 2830 161 2896 laudat
181 2842 212 2893 ct
226 2831 339 2912 rarius3
358 2844 515 2917 praeterea
532 2853 676 2896 censurae
689 2852 764 2895 suae
780 2843 966 2910 scommata,
987 2833 1083 2895 risum
1099 2844 1189 2918 atque

53 2916 211 2981 interdum
226 2916 320 2979 etiant
335 2918 488 2981 uomicam
506 2931 538 2982 et
552 2912 733 3001 οἷγυοτικὴο
747 2915 958 3000 βωμολοχίαν
971 2916 1115 2983 Satiricus
1133 2917 1189 2981 ad-

54 3006 184 3067 miscet:
206 3023 267 3088 quo
290 3001 368 3064 nihil
389 3003 517 3068 alienius
537 3026 555 3067 a
574 3003 737 3068 severitate
755 3003 987 3090 philosophica3
1009 3025 1083 3066 nam
1104 3005 1191 3085 cyni-

57 3112 111 3153 cos
134 3100 166 3152 et
186 3085 296 3151 similis
312 3090 497 3173 petulantiae
516 3090 678 3170 magistros
708 3101 828 3175 praeter
850 3090 990 3150 habitum
1010 3090 1087 3151 nihil
1104 3090 1191 3174 quic-

54 3196 148 3263 quam
169 3173 301 3259 philoso‘
316 3175 428 3237 horum
445 3176 590 3238 habuisse
617 3185 750 3237 certum:
777 3171 960 3237 ἰδιαίτατον
979 3195 1054 3239 vero
1074 3174 1190 3238 Satirae
1294 3170 1307 3225 ἶ

54 3261 145 3324 metri
164 3261 226 3324 lex.
306 3258 314 3274 '
336 3280 373 3323 us
391 3271 473 3323 recte
489 3261 600 3325 sentire
617 3281 686 3338 eos,
709 3259 761 3345 qui
773 3258 949 3321 Romanam
969 3258 1099 3322 Satiram
1120 3281 1191 3323 cum

56 3343 248 3411 Graecorum
260 3343 387 3433 Satirica
403 3346 492 3431 poesi
507 3354 684 3432 comparant
702 3354 737 3406 ut
756 3346 794 3407 ab
814 3344 867 3407 illa
882 3355 1004 3424 ortam,
1026 3346 1098 3410 satis
1116 3368 1190 3432 pro-

53 3433 199 3497 bavimus
214 3451 253 3493 eo
268 3430 366 3507 libro,
388 3453 482 3517 quem
504 3432 543 3495 de
565 3443 692 3518 unaque
713 3430 766 3492 illa
786 3428 876 3515 polisi
896 3430 930 3492 in
951 3430 1079 3511 gratiam
1099 3433 1191 3494 nobi·
1272 3494 1275 3499 ,

53 3518 165 3582 lissimi
177 3516 406 3602 doctissimique
426 3518 500 3597 viri,
521 3516 672 3581 Johannis
691 3515 731 3579 de
746 3514 845 3594 Rieu,
865 3514 1057 3579 Rutenorum
1075 3517 1192 3603 praesi-

56 3602 112 3683 dis,
135 3625 154 3666 a
172 3602 264 3679 nobis
277 3603 424 3688 scriptum
437 3603 543 3667 Persio
563 3604 710 3665 comitem
731 3599 899 3681 adjecimus
912 3600 950 3684 *).
995 3601 1192 3666 comantem

53 3690 146 3753 trium
166 3687 329 3751 Romanae
351 3687 468 3751 Satirae
486 3689 664 3776 poetarum,
693 3687 828 3765 Horatii,
859 3685 956 3750 Persii
975 3698 1006 3750 et'
1023 3687 1191 3767 luvenalis,

55 3774 140 3839 idem
161 3775 201 3838 sit
221 3773 430 3860 propositum,
451 3774 537 3838 idem
555 3796 681 3861 scopus,
703 3776 796 3859 quem
816 3783 886 3834 ante
907 3771 1057 3836 diximus:
1078 3796 1192 3854 magna

56 3872 160 3925 tamen
183 3860 264 3922 inter
282 3860 368 3945 ipsos
388 3872 435 3924 cst
454 3859 641 3924 differentia:
671 3856 754 3945 quod
780 3858 913 3921 breviter
935 3859 1006 3921 heic
1029 3859 1192 3923 ostendere

57 3946 284 4025 constituimus,
305 3968 370 4009 non
385 3945 562 4034 ecquidem
573 3946 695 4026 animo,
715 3954 750 4007 ut
761 3942 856 4007 alium
869 3944 921 4007 alii
931 3945 1094 4009 ambitiose
1105 3958 1193 4009 ante

90 4210 118 4277 s)
135 4200 251 4273 [Eodem
268 4200 337 4256 coin
353 4218 422 4263 anuo
452 4200 542 4264 rediit,
559 4194 708 4272 qucPcrsii
726 4166 810 4272 prima
825 4198 916 4265 editio,
935 4201 1019 4258 1605:
1037 4200 1194 4266 desotirr'co
1250 4256 1257 4268 ,

125 4276 288 4329 aram
298 4273 373 4343 potat
390 4280 418 4327 at
457 4288 608 4327 ammarum
625 4270 718 4322 antire.
748 4270 838 4343 Hodie
855 4269 972 4324 manibus
989 4271 1194 4338 taritut'aoc'tqt

89 4400 92 4407 ,
126 4346 247 4401 ssew
268 4342 357 4397 Grandi
376 4344 544 4414 sada-atho.
561 4336 823 4393 Ramtactitcutsz
849 4342 951 4397 accedit
972 4343 1017 4395 aa
1042 4337 1195 4409 spumant

27 4424 30 4429 '
99 4412 521 4543 wwdw‚
536 4428 584 4467 ιω
595 4426 648 4465 aaa
661 4412 720 4466 otta
734 4408 937 4499 Isqcmoloaa'.
955 4411 1050 4546 Iliadae,
1069 4410 1188 4481 limis}

491 4564 506 4573 a.

1233 2218 1251 2275 -i
