2700 4972
355 349 416 415 AD
439 348 610 417 PERSII
631 346 848 417 sillaim
876 349 946 417 111.
1163 358 1229 423 2⁰⁰

90 522 286 609 Sequebatur
300 514 322 607 ἦ
337 514 507 603 πρόθεσις,
529 522 688 585 collocatio
700 520 830 602 mortui,
848 542 927 607 qnae
942 520 1150 603 etiamhodie,
1173 525 1229 590 etsi

89 611 153 673 alio
167 610 248 687 line,
269 610 422 695 plerisque
438 619 484 671 est
503 609 536 670 in
557 630 635 674 usu:
666 607 745 671 adeo
766 606 906 673 diversus
931 630 950 671 a
972 610 1128 695 superiore
1147 632 1227 692 mos,
1244 628 1298 686 ρος

90 708 127 757 nt
145 696 266 757 nullum
286 696 326 757 sit
354 693 481 757 dubium
502 690 618 758 multos
636 694 732 757 fuisse
753 695 959 780 compositos,
1002 694 1034 755 ui
1051 717 1116 757 non
1133 699 1230 759 collo·
1255 756 1260 767 ,

90 792 233 843 curentur
243 778 283 842 ad
296 782 452 865 planctum
464 780 497 841 in
511 781 586 842 atrio
600 779 730 859 domus,
751 790 785 841 ut
804 778 845 842 de
865 780 961 843 Acilio
979 716 1130 846 icaevola
1152 782 1229 863 [imo

90 867 213 944 Aviola]
232 865 353 930 ridetur
372 886 466 951 posse
490 866 635 928 affirmari
658 887 698 927 ex
722 864 839 927 Valerii
858 864 989 927 Maximi
1014 865 1091 929 libro
1117 862 1230 954 primo,

92 952 193 1038 capite
207 973 293 1013 nono
310 951 386 1027 [imo
407 962 533 1030 octavo,
555 950 583 1034 ᾗ.
606 952 674 1030 12],
695 951 831 1035 itemque
850 949 890 1014 (Ie
909 950 1077 1015 infantibus
1100 964 1130 1015 et
1152 953 1229 1033 aliis,
1260 998 1263 1005 .

81 1034 1130 1200 ltllslsi‘ll{bilibitalliiiillilhlitlllll
1146 1040 1229 1210 iiii

91 1208 239 1273 Tacitum
252 1209 330 1271 libro
346 1205 429 1269 XIII
442 1208 525 1287 [17]:
546 1230 610 1269 non
625 1208 716 1287 igitur
731 1206 875 1270 ferendus
895 1229 992 1287 error,
1009 1204 1085 1269 ¹curn
1104 1210 1137 1271 in
1156 1211 1228 1273 loco

91 1294 207 1377 Lysiae
226 1291 446 1375 προτίθεσθαι
468 1304 589 1355 vertunt
610 1312 823 1377 componere.
867 1294 967 1355 Latini
976 1293 1090 1379 poetae
1096 1314 1227 1379 ponere

92 1392 124 1443 et
136 1376 310 1465 deponere
327 1399 372 1459 -ee
393 1378 520 1461 notione
540 1383 713 1464 frequenter
727 1389 888 1464 usurpant,
912 1399 1116 1466 conmanere
1135 1401 1249 1443 nemo.

91 1486 248 1615 ppqtpam
277 1463 514 1627 apppdnreteff
531 1465 728 1611 interpretpm
748 1462 1231 1630 placppnitvaletppporitieebm

91 1572 152 1615 rso
177 1571 247 1614 oco.
285 1584 288 1589 ·
337 1571 356 1612 o
384 1571 442 1612 uos
505 1570 589 1611 mam
631 1570 727 1611 eoos
782 1571 816 1613 ce
839 1571 907 1630 an3
936 1571 967 1614 v.
1024 1597 1031 1611 .

173 1632 263 1701 ,Alto
278 1632 392 1711 lecto]
415 1633 463 1698 Ad
482 1636 594 1697 librum
613 1634 652 1697 lt.
676 1634 815 1698 Suetonii
838 1637 1077 1698 observabamus
1099 1636 1232 1700 humiles

92 1724 191 1787 lectos
201 1722 299 1785 fuisse
310 1720 502 1800 tenuiorum,
518 1742 595 1782 -cum
612 1720 757 1783 ditiorum
778 1721 848 1784 lecti
863 1722 1011 1783 sublimes
1029 1733 1130 1784 essent
1153 1735 1184 1785 et
1199 1724 1232 1784 in

93 1810 192 1871 alttnn
206 1806 388 1887 exaggerati
431 1804 691 1890 ldempservatum
711 1808 743 1868 in
758 1810 875 1869 sonere.
918 1804 1037 1885 [Altus
1058 1805 1167 1869 dicitur
1186 1808 1233 1870 le-

96 1905 172 1974 ctus,
194 1888 437 1979 quod-gradibus
453 1892 616 1955 instructus
634 1903 705 1955 erat.
728 1890 804 1955 Stat.
816 1890 916 1953 Theb.
928 1890 986 1970 Vl,
1001 1891 1052 1959 55·
1074 1889 1145 1973 Pl]
1231 1902 1235 1912 “

138 2014 141 2019 -
180 1977 254 2047 104.
272 1974 477 2063 'crassisque
494 1974 625 2040 lutatus
640 1975 810 2057 amomis]
833 1974 879 2039 Ita
895 1973 1004 2039 Graeci
1020 1969 1130 2058 μόρον
1143 1974 1232 2061 saxu
1258 2019 1261 2025 -

91 2066 195 2129 solent
216 2061 452 2144 commendare3
478 2061 610 2150 pingue
634 2084 812 2126 amomum
830 2060 945 2127 Statius
967 2062 1054 2145 [silv.
1075 2062 1146 2145 1,2,
1162 2070 1232 2130 111.

96 2149 143 2215 Cf.
167 2151 215 2215 Pl.
237 2146 277 2212 de
302 2143 466 2229 amoma]

180 2236 254 2301 105.
274 2231 318 2297 In
325 2243 471 2318 portam
486 2229 622 2319 rigidos
645 2231 755 2299 enices
774 2228 951 2314 extendit]
986 2232 1098 2314 Tangit
1110 2255 1231 2296 morem

94 2317 287 2402 προθδσεως
309 2322 377 2383 sive
401 2321 616 2384 collocationis.
666 2320 822 2385 Notabunt
843 2318 971 2382 studiosi
997 2313 1231 2403 όκυρολομίαν,

96 2412 180 2488 cujus
192 2405 275 2469 atiud
291 2409 467 2492 exemplum
479 2427 543 2467 non
556 2407 685 2467 memini
698 2406 808 2492 [neque
819 2405 961 2467 meminit
971 2404 1034 2485 Pt3
1058 2427 1132 2467 nam
1145 2404 1301 2491 quodum)

95 2492 240 2558 Servium
261 2491 381 2570 laudat,
403 2492 478 2553 Aen.
494 2490 519 2569 I,
536 2494 593 2570 83,
617 2493 694 2555 nihil
707 2504 768 2572 est,
789 2503 824 2555 ut
845 2502 969 2577 apparet
986 2511 1005 2553 e
1022 2490 1096 2555 Cod.
1114 2490 1233 2570 uulda:

95 2601 166 2641 nam
177 2585 285 2664 porta
292 2578 406 2640 Latinis
419 2589 465 2640 est
476 2578 574 2656 urbis3
596 2579 665 2640 heic
680 2600 754 2642 vero
767 2591 813 2642 est
823 2579 914 2656 janua
928 2576 1053 2641 domus:
1069 2576 1109 2639 ad
1121 2579 1239 2653 ostium¹

95 2667 179 2727 enim
193 2663 306 2727 domus
320 2662 542 2726 admovebatur
555 2663 685 2726 cadaver
699 2665 796 2728 versis
810 2665 843 2724 in
859 2672 980 2747 portam
991 2661 1132 2748 pedibus.
1162 2663 1234 2725 illos

94 2761 141 2815 est
151 2750 398 2835 antiquissimus,
420 2769 512 2849 puem
529 2770 546 2810 e
562 2750 693 2811 tenebris
713 2751 854 2835 princeps
873 2749 949 2810 eruit
968 2747 1123 2833 Iosephus
1137 2747 1235 2811 Scali-

94 2858 161 2917 ger,
182 2837 217 2897 in
237 2835 323 2897 omni
341 2833 495 2897 doctrinae
519 2855 631 2914 genere
650 2835 698 2898 vir
718 2832 992 2913 eminentissimus,
1013 2832 1102 2896 Notis
1116 2834 1179 2897 suis
1193 2832 1234 2895 ad

93 2921 238 3001 Festum,
264 2921 364 2983 multa.
379 2920 472 2982 etiarn
492 2921 662 3004 superbae
685 2941 772 2982 more
800 2919 904 2983 Iustus
923 2919 1045 3004 Lipsius
1069 2919 1102 2980 in
1121 2916 1233 2982 Electis

93 3009 156 3073 suis
178 3006 215 3085 11,
230 3029 254 3067 c.
271 3006 303 3086 6]
316 3004 433 3068 erudite
451 3005 635 3069 observavit.
678 3006 808 3068 Homeri
828 3006 914 3067 locus
937 3002 977 3066 de
990 3004 1147 3083 Patroclo,
1233 3028 1285 3083 307

180 3092 296 3156 Keirm
319 3084 384 3154 ἆνδ
404 3084 584 3168 πρόθυρον
604 3086 835 3173 τετραμμένος,
930 3128 933 3133 ·

93 3190 140 3243 est
153 3173 264 3250 Ἰλιαδ.
279 3172 315 3255 τ’,
336 3179 402 3241 sive
422 3178 500 3239 libro
516 3174 602 3238 XIX
619 3177 706 3257 [212]
712 3225 722 3279 ξ
737 3198 800 3239 nnn
817 3177 850 3237 in
864 3172 948 3253 VH,
968 3184 1003 3235 ut
1019 3172 1143 3259 quidam
1159 3173 1235 3236 scri-

92 3268 170 3328 bunt
182 3286 248 3327 non
262 3264 369 3327 semel.
407 3260 466 3342 [lbi
480 3263 594 3324 schol:
619 3260 664 3337 εἰς
682 3283 721 3326 το
737 3258 915 3342 πρόθυρον
930 3255 1076 3342 βλέπων·
1098 3261 1235 3325 τοιοῦτο

93 3348 159 3434 peip
171 3344 212 3415 τό
228 3350 336 3431 σχῆμα
352 3349 412 3432 τῆς
428 3349 497 3411 τῶν
513 3348 644 3429 νεαρόν
660 3345 873 3430 προθέσεως]
915 3342 1055 3432 Explicat
1067 3346 1149 3408 hunc
1163 3366 1235 3408 mo-

93 3458 160 3499 rem
176 3436 270 3499 etiam
283 3434 456 3515 Hesychius
468 3435 598 3496 afferens
615 3454 654 3495 ex
674 3434 767 3520 polita
781 3433 960 3518 nescioquo
975 3435 1069 3495 verba
1086 3432 1162 3495 ista:
1186 3421 1232 3497 δι’

94 3518 130 3587 ἔα
142 3522 281 3601 manv:
303 3521 461 3583 sinautem
473 3520 540 3581 ille:
564 3513 645 3594 τούς
657 3514 798 3603 νεαροὺς
813 3513 902 3584 οὕτω
920 3514 1024 3623 ρασδν
1038 3512 1233 3599 §tergerem

95 3604 155 3686 ἔξω
167 3602 252 3681 τούς
269 3600 375 3680 πόδας
393 3601 527 3688 ἔχοντας
546 3600 634 3684 πρός
655 3600 714 3682 τὰς
735 3599 872 3681 αὐλίους
885 3608 1016 3687 θνραςτ
1036 3603 1118 3690 apud
1129 3601 1233 3666 Plato-

94 3716 168 3757 nem
189 3692 224 3755 in
244 3690 320 3755 xli
341 3692 461 3772 Legum
481 3687 676 3772 προθέσεων
696 3692 823 3755 istarum
842 3692 938 3753 multa
956 3690 1091 3769 mentio,
1113 3689 1167 3751 ubi
1183 3690 1233 3750 in-

94 3791 240 3866 terpretes
252 3799 324 3841 earn
341 3798 453 3840 vocem
470 3799 535 3838 nnn
554 3778 783 3842 intellexerunt:
805 3779 910 3839 locum
927 3774 1050 3837 unicum
1062 3773 1233 3837 adscribam
1265 3772 1267 3776 ’

95 3864 134 3929 cie
147 3865 285 3945 legitimo
298 3864 397 3948 spatio
411 3861 586 3949 exponendi
603 3875 757 3943 mortuos,
780 3864 832 3949 qui
853 3865 940 3925 locus
960 3861 1094 3945 pessime
1109 3863 1147 3924 ab
1163 3882 1234 3922 eru-

95 3950 165 4014 ditis
188 3950 368 4012 hominibus
392 3960 438 4012 est
457 3961 614 4034 acceptus,
643 3947 728 4033 quod
751 3960 781 4011 et
805 3948 997 4011 doctissimus
1014 3947 1062 4010 vir
1082 3947 1233 4009 Henricus

95 4036 270 4123 Stephanus
292 4056 332 4097 ex
345 4046 431 4120 parte
449 4034 544 4098 vidit:
567 4035 610 4097 sic
622 4035 675 4095 ille
691 4032 779 4114 [XII.
792 4056 822 4119 p.
844 4038 915 4098 959.
929 4032 992 4110 A.]:
1014 4023 1074 4109 τοὶς
1096 4026 1132 4096 δὲ
1147 4052 1232 4110 προ-

94 4118 202 4197 θέσεις
222 4115 386 4201 πρότερον
404 4116 465 4201 μὲν
487 4115 532 4203 μή
555 4114 765 4201 μακρότερον
784 4115 910 4201 χρόνον
937 4113 1036 4181 ἔνδον
1059 4114 1233 4201 γίγνεσθαι

94 4211 156 4273 τοῦ
176 4208 359 4290 δηλοῦντος
377 4202 439 4270 τόν
458 4226 493 4269 τε
512 4203 713 4270 ἐντεθνεοίτα
741 4205 843 4287 (scrib.
869 4197 910 4268 οό
938 4205 1104 4268 τεθνεῶτα
1123 4201 1230 4279 [edd.:

96 4292 257 4373 ἐκτοθνδ)
273 4289 330 4359 καὶ
345 4287 405 4355 τόν
420 4286 526 4368 ὄντας
542 4286 739 4374 τεθνηκότα,
763 4282 858 4374 εἴηδ’
880 4286 923 4354 όν
936 4285 1070 4372 σχεδόν,
1096 4285 1140 4363 ὡς
1154 4282 1232 4349 τόν-

95 4376 269 4465 θρόπινα,
295 4374 417 4459 μέτρον
435 4372 556 4459 ἔχουσα
577 4375 706 4459 τριταία
723 4372 807 4458 πρὸς
824 4373 861 4441 τό
885 4379 998 4459 μνῆμα
1022 4369 1170 4459 ἐκφοράν
1198 4371 1230 4434 id

96 4480 157 4533 est:
168 4460 285 4549 ¹Quod
301 4460 577 4533 admonueram
591 4461 855 4538 collocationes,
872 4458 1032 4549 primum
1050 4456 1142 4533 iliud
1154 4468 1232 4527 sta.-

138 4548 412 4609 chambernoune!
424 4547 498 4604 Por.
546 4586 550 4594 ι
1012 4551 1061 4612 Ἃ
1121 4567 1127 4583 ¹
