2700 4972
59 424 65 437 „
159 337 224 401 res
295 300 301 313 ’
460 358 464 387 -.
527 310 933 453 consumimus

136 574 139 580 ,
160 502 399 572 honestissime
409 503 659 655 supplicamus,
682 505 785 573 tacite
798 505 975 589 malumus
992 515 1027 570 et
1048 482 1153 570 intio
1166 516 1285 572 κοιναί

161 594 253 680 ipsos
269 589 426 677 precari.
503 594 670 671 recatipnes
692 596 744 656 vel
768 596 891 680 publico
913 594 991 656 fiunt
1016 593 1217 679 vel'privato
1238 616 1287 657 no-

161 681 262 743 mine:
283 700 393 742 omnes
413 680 532 764 concipi
551 681 659 742 solitae
675 681 726 742 vel
747 701 826 742 voce
847 683 965 766 palam,
986 681 1038 743 vel
1059 700 1183 742 susurro
1202 680 1287 758 tacito

161 770 213 830 vel
235 766 357 850 scripto.
407 763 481 827 Vox
505 776 607 826 autem
632 764 767 827 adhibita
789 767 840 828 vel
864 766 1028 828 sacerdotis
1050 766 1104 829 vel
1134 762 1310 851 praeconis‚‘
1335 830 1340 835 ,

161 855 223 913 hoc
236 863 283 913 est
298 843 445 932 κήρυκος
457 851 523 913 sive
537 847 768 931 ἱεροκήρυκος,
791 853 843 914 vel
861 853 983 937 propria
1002 854 1085 930 ejus,
1109 851 1164 935 qui
1184 852 1295 927 orabstt-
1334 858 1340 866 '

162 959 235 999 nam
251 938 344 1000 etiam
360 936 470 1020 privati
480 924 644 1021 in'templis
659 957 738 999 voce
755 937 801 998 usi
817 936 987 1016 interdurn,
1011 959 1082 1011 cum
1094 947 1290 1021 precarentrrr3

162 1020 387 1170 guoddl’ersius
413 1020 566 1120 etiamad
595 1023 830 1084 ostentationem
857 1023 923 1085 fieri
950 1025 1077 1086 solitum
1104 1043 1123 1084 a
1151 1023 1290 1109 nonnullis

161 1120 249 1173 osten
282 1121 295 1170 t
327 1129 398 1168 cum
413 1118 472 1170 arte
563 1154 565 1159 ,
683 1140 686 1149 1
1004 1122 1010 1133 ¹

132 1216 134 1221 ·
194 1234 196 1239 ,
247 1157 347 1258 Μίαν
382 1190 489 1269 bono,
518 1187 641 1276 fermo,¹
660 1185 779 1274 fides:
811 1189 899 1257 hoec
928 1191 1088 1343 clarehet
1113 1200 1157 1271 ιιίΙ
1181 1188 1293 1256 audio

129 1316 131 1321 ·
461 1304 465 1311 ¹
1062 1299 1101 1341 os
1124 1296 1179 1339 es·
1246 1292 1249 1297 ’

64 1362 74 1423 f
161 1377 193 1430 at
206 1365 344 1430 Julianus
361 1365 398 1427 in
410 1340 616 1450 Misopogone
642 1363 684 1450 [p.
699 1362 771 1428 844.
786 1362 834 1427 ed.
849 1363 883 1426 Ρ.
906 1348 1016 1444 hilara]¹
1029 1297 1231 1451 hochuoipe
1244 1384 1294 1427 no-
1324 1412 1327 1419 .

63 1478 67 1501 ¹
139 1453 246 1521 ,mine
274 1452 494 1514 Antiochenses
519 1449 706 1514 Christianos
733 1448 944 1534 reprehendit,
984 1448 1068 1535 quod
1091 1470 1159 1511 non
1186 1456 1295 1513 orereut

162 1538 300 1616 silentiu,
324 1535 380 1599 sed
398 1530 561 1618 οίκοσμίας
580 1537 647 1596 loca
669 1555 753 1597 sacra
773 1537 938 1620 replerent:
961 1556 1053 1620 quare
1075 1536 1173 1598 etiem
1184 1533 1295 1605 Tertul-

161 1623 305 1700 lianusin
325 1619 387 1685 Dei
406 1623 542 1683 oratione
565 1619 656 1682 docet
677 1640 778 1681 sonos
800 1618 893 1683 vocis
913 1617 1081 1706 subjectos
1104 1641 1180 1686 esse
1200 1636 1295 1707 oporb

163 1718 255 1784 tere,
276 1710 338 1770 hoc
357 1718 404 1770 est
418 1708 588 1771 submissos
603 1717 635 1768 et
648 1727 786 1768 murmur
801 1707 904 1792 potius
924 1710 1166 1792 quamtocem3
1188 1706 1294 1771 etele-

161 1815 251 1857 mens
264 1792 484 1857 Alexandrinus
505 1795 572 1857 sola
594 1792 716 1878 spiritus
733 1792 928 1855 contentione
947 1793 1014 1856 sine
1029 1793 1116 1856 vocis
1130 1792 1293 1865 ministerio

161 1901 268 1967 preces
296 1880 413 1965 optime
431 1879 535 1965 peragi
552 1877 692 1965 'disputat
710 1879 742 1938 in
761 1875 831 1941 Vll.
848 1877 992 1942 Stromat.
1014 1877 1055 1983 [p.
1072 1882 1147 1945 807.
1170 1877 1257 1961 sylb.
1271 1900 1293 1943 a·

163 1966 290 2045 856,22
304 1986 368 2050 sqq.
381 1964 491 2044 Potite
512 1961 642 2041 ἔξεστιν,
663 1962 696 2024 in
718 1964 769 2042 uit,
792 1959 873 2067 papii
889 1967 987 2049 φωνῇ
1003 1984 1063 2046 την
1078 1957 1184 2049 εὐχὴν
1196 1982 1293 2045 παρα·
1338 1994 1340 2003 ·

162 2044 303 2133 alphaeo
317 2048 531 2113 συντείνοντα
544 2045 651 2132 μόνον
665 1985 767 2129 [τίλλε
788 2070 897 2153 ρονον
910 2043 957 2130 tl']
982 2046 1123 2115 ἔνδοθεν
1143 2045 1182 2115 vo*
1199 2048 1294 2115 ὺνεν·

100 2152 102 2157 ’
164 2131 303 2221 μανικὸν
319 2136 388 2199 πᾶν
411 2135 457 2211 είς
479 2130 598 2218 φωνὴν
619 2129 680 2217 τὴν
700 2154 840 2220 υοητηυ,
861 2131 945 2200 uait
968 2131 1029 2221 τὴν
1051 2129 1294 2219 ineolumem

161 2219 246 2305 πρὸς
262 2217 342 2301 [τόν]
358 2218 442 2285 θεὸν
457 2214 672 2304 ἐπιστροφήν.
712 2255 715 2259 ·
1068 2269 1074 2282 ,
1196 2250 1199 2254 ·

106 2308 108 2312 ’
250 2304 415 2382 nitebit]
444 2307 515 2369 Hoc
537 2318 583 2370 est
604 2308 698 2369 libare
718 2306 797 2370 solet
821 2306 898 2385 [sive
919 2306 1022 2393 potius
1043 2307 1085 2369 ita
1104 2304 1298 2394 capientium:

163 2405 196 2456 tu
216 2392 342 2480 quidem
362 2392 440 2457 deos
458 2415 520 2456 non
538 2393 642 2478 poscis
661 2413 739 2476 quae
759 2394 862 2479 palam
883 2393 983 2474 rogari
1002 2380 1178 2479 nequeunt'3
1198 2391 1255 2459 sed
1276 2392 1300 2457 ti

163 2478 204 2541 ad
218 2500 379 2565 procerum
390 2481 540 2557 majorem
578 2489 674 2540 artem
692 2480 798 2541 oculos
817 2479 1017 2557 converteris,
1039 2481 1099 2542 hos
1118 2478 1243 2543 videbis
1258 2490 1300 2541 to·

120 2628 122 2633 ,
164 2565 223 2626 cita
237 2566 331 2627 libare
354 2584 471 2627 acerra:
494 2500 578 2648 quoii
599 2564 688 2625 unice
711 2575 818 2671 putem
836 2565 1053 2627 sententiarum
1073 2566 1170 2627 nexui
1192 2584 1302 2629 conve-

162 2651 242 2730 nire,
264 2670 449 2736 quamquam
463 2653 631 2734 perfectum
645 2643 817 2727 οίοριστως·
830 2670 1052 2735 nonnunquam
1073 2649 1133 2713 dici
1148 2650 1302 2716 Weberut

161 2736 213 2798 hic
226 2747 330 2798 contra
347 2735 476 2798 casaub.
495 2747 576 2797 recte
591 2733 832 2816 animadvertit]3
853 2757 1014 2822 perperam
1037 2728 1090 2798 alii
1108 2737 1193 2799 libri:
1216 2733 1303 2803 liha-¹
1336 2788 1340 2793 -

162 2818 214 2884 vit
236 2820 302 2900 [sed
323 2819 398 2883 illud
412 2822 504 2901 longe
525 2823 643 2906 plures,
664 2821 735 2883 licet
750 2821 804 2886 vix
824 2820 1003 2886 habendum
1023 2843 1080 2909 pro
1101 2822 1303 2886 varietatele-

163 2907 290 2987 οῒίοαίις
324 2928 354 2972 v.
380 2905 534 2970 Reuvens.
565 2904 723 2970 Colleott.
746 2905 813 2969 litt.
842 2928 872 2992 p.
897 2912 938 2973 95
957 2909 1025 2987 al]:
1058 2928 1123 2969 uon
1152 2908 1239 2975 enim
1263 2909 1302 2971 sic

162 2994 266 3071 Latini
290 2995 470 3077 loquuntur,
499 3014 608 3055 verum
630 2989 748 3056 Graeci.
808 2991 981 3073 Menander
1004 2991 1086 3079 apud
1110 2993 1300 3057 Athenaeum

87 3142 92 3157 ,
165 3080 206 3165 [ρ.
229 3084 291 3145 160
313 3077 479 3158 Meinek.]:
501 3073 542 3140 mi
563 3073 834 3160 κεκαρυκευμένα
857 3076 985 3160 μᾶλλον
1005 3076 1299 3161 κροσεᾶἑξατοείᾁ

113 3179 163 3234 179
171 3177 216 3228 est
226 3160 467 3248 προσδέχεσθαι
480 3166 570 3247 φιλεῖ
576 3187 586 3226 .·
608 3165 740 3250 loquitur
752 3165 835 3227 enim
855 3163 894 3227 de
909 3166 1066 3239 communi
1086 3186 1186 3231 more.
1230 3164 1297 3228 l‘lu-

161 3253 281 3313 tarchus
303 3252 335 3312 in
357 3252 524 3336 praeceptis
548 3251 733 3336 nuptialibus
762 3249 804 3336 [p.
832 3249 903 3314 141.
926 3248 1000 3330 E.]:·
1022 3249 1057 3314 οί
1083 3252 1125 3337 τῇ
1157 3248 1298 3334 γαμηλίᾳ

42 3365 50 3385 ¹
161 3334 304 3410 θύοντες
313 3331 403 3417 Ἥρᾳ
416 3331 478 3415 τήν
495 3331 596 3418 χολήν
614 3331 655 3399 οὐ
673 3333 954 3417 συγκαθαγίζουσι
968 3339 1038 3411 τοῖς
1049 3331 1298 3418 ἅλλοιςιίεροῖς,

162 3414 238 3484 ἄλλ’
252 3415 414 3498 ἐξελόντες
436 3416 577 3502 ίῤῥιυαν
603 3419 676 3501 περὶ
697 3415 758 3484 τόυ
773 3418 906 3502 βωμόν·
934 3424 995 3483 hoc
1015 3432 1060 3485 est
1081 3418 1212 3505 ῥίπτειν
1228 3418 1298 3487 elti-

160 3509 258 3570 θασιι
286 3508 330 3570 sic
352 3506 507 3568 Homerus
527 3504 623 3588 [cujus
641 3509 701 3569 loci
723 3506 763 3570 ad
780 3507 886 3587 Viget.
905 3529 934 3593 p·
950 3507 1038 3588 208]
1060 3519 1092 3570 et
1109 3510 1163 3571 alii
1180 3507 1299 3595 poiitoe,

160 3592 245 3678 quod
274 3592 346 3656 alibi
374 3594 572 3654 notabamus:
607 3603 637 3653 at
662 3594 796 3655 Hebraei
824 3604 855 3656 et
884 3592 983 3655 Latini
1002 3597 1106 3657 futuro
1134 3595 1300 3682 plurimum

159 3690 293 3742 utuntur.
321 3678 465 3741 Horatius
484 3676 558 3755 [Sat.
573 3675 598 3755 l,
616 3675 646 3756 4,
666 3681 733 3756 35]:
869 3742 872 3753 ¹

497 3784 564 3826 non
586 3759 643 3826 hio
665 3760 829 3850 cuiquam
848 3766 972 3850 parcet
1002 3761 1132 3837 αηιίοος

160 3861 190 3911 et
216 3854 255 3913 37
281 3871 290 3911 z
820 3892 826 3902 ·

51 3948 59 3964 ‘
204 3850 215 3927 [
246 3850 382 3996 (λεκτέοι
404 3952 426 3993 α
440 3927 552 4018 furno
576 3931 758 3997 redeuntes
785 3931 884 3996 scire.

157 4019 315 4084 luvenalis
334 4016 437 4098 mv,
459 4020 547 4099 1σ5];

246 4100 315 4168 Nil
329 4101 615 4189 uetitumsecisse
631 4104 740 4178 volet,
766 4127 867 4192 quem
889 4127 957 4169 non
970 4103 1079 4193 pudet
1096 4105 1172 4170 alto
1205 4127 1207 4131 ·

244 4188 315 4254 Per
331 4186 490 4277 glaciem
499 4211 629 4275 perone
647 4189 731 4279 tegi.

224 4273 393 4356 [Acerrm
417 4278 516 4338 arcula
540 4278 668 4357 turaria3
697 4275 822 4355 tacita,
845 4275 884 4338 ad
905 4299 997 4363 quam
1016 4287 1149 4356 tacetur,
1172 4288 1207 4339 ut
1226 4274 1300 4339 Lu·

160 4359 307 4426 minibus
336 4356 455 4425 tacitis
484 4382 532 4447 ap.
557 4362 641 4444 Virg.
664 4364 740 4426 Aen.
765 4361 821 4443 IV,
845 4363 924 4443 364,
958 4363 1011 4425 ubi
1027 4385 1105 4426 ¹num
1130 4362 1300 4427 audiendus

35 4474 38 4487 ·
157 4447 338 4529 Burmann]
