2700 4972
621 659 700 725 DE

193 809 1207 925 PER·SIO¹

416 984 922 1099 nonnosum

594 1206 874 1273 SIVE.

142 1362 199 1430 ro
219 1362 356 1429 russo
379 1318 519 1429 virm
543 1362 571 1427 a
597 1334 746 1459 arroso
772 1358 856 1427 sur
874 1361 974 1427 arro
988 1312 1198 1429 ¹rrrrusro

351 1464 547 1533 lucrose
573 1460 807 1547 sennam,
834 1462 987 1531 noras.

101 1556 242 1668 persiae
268 1603 366 1684 gentis
393 1623 540 1689 perquam
567 1622 632 1663 rara
657 1601 691 1663 in
717 1611 857 1666 veterum
884 1601 1094 1667 monumentis
1122 1600 1242 1665 mentio

102 1701 203 1762 extat:
216 1766 219 1775 Ι
231 1691 401 1775 plebejarn,
427 1710 491 1751 non
510 1688 663 1774 patritiam
686 1682 781 1751 fuisse
803 1687 886 1751 Fasti
905 1686 1049 1768 suadent,
1077 1688 1111 1751 in
1132 1688 1244 1772 quibus

102 1796 215 1855 nemo,
236 1774 319 1861 quod
331 1775 443 1853 sciam,
466 1776 531 1852 ejus
544 1772 677 1836 nominis
691 1775 874 1837 celebratur:
895 1772 928 1835 id
943 1795 1003 1836 nos
1017 1795 1056 1837 eo
1068 1774 1170 1854 magis
1183 1774 1245 1837 uai-

102 1882 224 1941 rnmur,
258 1861 329 1946 quia
351 1858 391 1923 de
412 1869 562 1923 vetustate
582 1859 663 1921 illius
689 1860 787 1939 gentis
812 1858 953 1921 dubitare
977 1882 1042 1921 non
1068 1880 1252 1944 possumus.-

104 1948 261 2032 Tempore
282 1947 355 2009 belli
371 1946 478 2008 Punici
499 1944 626 2008 secundi
648 1944 725 2006 circa
741 1966 855 2006 annum
865 1944 906 2008 V.
922 1942 955 2009 C.
973 1942 1136 2013 laXLtV.
1151 1945 1246 2009 flore-

105 2036 158 2098 bat
180 2032 303 2093 militari
324 2030 415 2093 laude
431 2032 465 2092 in
478 2028 690 2091 Romanorum
712 2031 814 2093 castris
834 2029 867 2094 G·
883 2028 1022 2108 Persius,
1044 2030 1093 2094 vir
1105 2030 1246 2115 impiger,

105 2140 169 2181 non
188 2118 222 2179 in
244 2118 415 2179 transcur‘su
434 2115 524 2178 Livio
539 2127 673 2178 narratus
690 2115 723 2177 in
736 2114 865 2179 XXVI.
877 2116 1013 2179 historia.
1056 2114 1161 2179 Annis
1198 2126 1249 2180 ost

105 2206 188 2267 hunc
205 2204 298 2288 paulo
310 2203 413 2265 minus
429 2211 560 2280 centum,
582 2201 660 2264 vixit
670 2200 791 2263 Romae
805 2200 981 2281 G-Persius,
1002 2198 1157 2265 omnium
1164 2138 1249 2287 fere

106 2297 302 2352 nostrornm
316 2286 511 2366 bominum,
533 2290 633 2375 'verba
653 2298 723 2350 sunt
736 2286 779 2349 M.
792 2284 901 2366 Tullii,
930 2283 1165 2351 doctissimus:
1193 2308 1251 2351 cu-

106 2379 155 2455 jus
167 2375 340 2438 miniatulas
354 2394 437 2436 ceras
452 2372 530 2435 adeo
552 2372 770 2435 reformidabat
787 2371 842 2436 'ille
858 2372 988 2435 aliorum
1008 2374 1128 2453 irrisor,
1154 2373 1251 2437 Luci-

107 2462 182 2540 lius,
203 2471 238 2520 ut
248 2480 304 2522 sua
321 2480 340 2521 a
354 2460 458 2522 Persio
474 2458 535 2538 legi
547 2461 658 2523 nollet:
680 2456 764 2544 quod
778 2460 925 2605 praeteri
947 2460 1010 2523 sius
1026 2459 1254 2539 testimonium.

110 2547 204 2609 etiam
216 2544 322 2609 Cicero
335 2557 365 2606 et
379 2545 494 2607 Plinius
509 2545 677 2606 memoriae
688 2544 777 2630 prodi
799 2557 894 2607 erunt.
916 2481 1017 2607 inex
1031 2544 1144 2609 eadem
1156 2546 1252 2632 stirpe

109 2632 160 2695 isti
175 2628 238 2692 duo
251 2632 309 2692 orti
329 2630 389 2693 sint
411 2641 443 2692 et
454 2641 557 2691 utrum
578 2642 742 2693 commune
760 2630 864 2693 Persio
883 2643 988 2693 nostro
1006 2651 1077 2693 curn
1093 2632 1250 2696 'ainbobus

110 2717 271 2780 antelmo
289 2736 396 2778 eorum
412 2736 508 2796 genus
529 2716 634 2795 fuerit,
663 2716 696 2777 in
716 2728 798 2779 tanta
816 2727 955 2780 veterum
976 2728 1253 2781 monumentorum

109 2802 215 2888 inopia
230 2802 298 2865 sciri
309 2801 404 2864 hodie
418 2822 481 2864 non
495 2812 604 2885 potest.
649 2800 786 2864 Primum
797 2802 916 2882 generis
927 2815 1085 2865 auctorem
1097 2800 1251 2867 Graecum

110 2889 208 2951 fuisse
226 2898 277 2949 aut
299 2910 317 2949 a
329 2884 454 2950 Graecis
471 2885 651 2965 oriundum,
680 2887 764 2949 lraud
776 2890 904 2951 fortasse
916 2900 1032 2952 temere
1049 2910 1090 2951 ex
1103 2888 1179 2975 ipso·
1192 2911 1252 2951 no-

110 2974 197 3036 mine
214 2975 431 3051 conjiciebam:
460 2994 534 3034 nam
544 2972 665 3036 Persius
682 2970 834 3036 Graecum
847 2986 893 3037 est
907 2996 1041 3049 nomen,
1068 2995 1132 3037 non
1148 2966 1272 3039 minur'

133 3081 205 3121 uam
222 3058 351 3122 Perseus
367 3070 397 3120 et
408 3058 570 3121 Persaeus:
600 3059 737 3121 nobilem
753 3081 828 3122 sane
841 3060 1066 3145 philosophum
1077 3060 1253 3140 Persarum,

112 3082 155 3207 ie
166 3166 228 3229 quo
242 3143 399 3225 Diogenes
412 3144 549 3207 Laertius
564 3144 674 3227 aliique
688 3146 800 3219 multa,
828 3146 919 3207 etiarn
934 3146 1073 3210 Persium
1084 3148 1254 3233 reperImus

112 3232 322 3305 nominatum,
344 3242 378 3291 ut
392 3230 423 3292 in
442 3231 563 3315 antiqua
579 3231 641 3294 vita
652 3230 733 3293 Arati
746 3230 866 3317 poe'tae.
900 3230 996 3295 Persii
1010 3231 1255 3319 quoquepo'eftao

115 3314 225 3380 Graeci
239 3314 424 3379 Plrocaensis
444 3316 640 3380 vetustissimi
660 3314 736 3395 [imo
754 3315 934 3398 Πορσίνου]
951 3339 990 3380 ex
1001 3316 1255 3403 Apophthegmu-

113 3401 153 3464 tis
167 3399 358 3463 Callisthenis
375 3400 472 3465 Julius
496 3400 606 3462 Pollux
626 3402 703 3464 libro
728 3424 812 3465 nono
834 3400 873 3485 [ξ.
896 3404 1134 3484 98.]me1uiuit,
1162 3406 1255 3473 urba-

116 3508 191 3549 num
213 3487 292 3549 illius
310 3485 343 3547 in
360 3485 517 3547 Eubulum
532 3486 704 3569 Atarnitam·
716 3486 831 3549 dictum
848 3510 885 3550 eo
905 3488 966 3549 loci
989 3508 1255 3557 commemorante

2 3597 4 3603 ¹
116 3594 179 3634 uon
198 3583 302 3634 autem
316 3570 429 3634 Eubuli
442 3572 474 3633 in
488 3572 591 3655 ipsum
605 3570 758 3651 Persium,
790 3586 825 3637 ut
844 3574 988 3660 scriptum
1002 3576 1116 3639 scimus
1129 3578 1170 3641 ab
1185 3598 1257 3639 errr-

3 3728 7 3735 ,
117 3656 268 3721 ditissimo
292 3658 358 3721 viro
378 3657 457 3719 Lilio
481 3654 630 3738 Gyraldo,
659 3656 792 3723 Pollucis
812 3660 915 3724 verbis
930 3682 1092 3763 perperam
1107 3662 1257 3749 acceptis:

117 3764 195 3828 quae
211 3743 243 3805 in
259 3744 390 3825 vulgatis
409 3742 594 3806 editionibus
617 3756 771 3829 corrupta,
792 3756 827 3807 ut
843 3744 883 3809 sit
899 3748 1000 3831 ahqua
1020 3748 1187 3827 sententia,
1214 3748 1256 3813 ita

117 3829 263 3907 legimus:
294 3818 336 3911 ἦν
359 3825 447 3893 δέτι
468 3825 524 3893 καὶ
546 3827 748 3911 νομίσματος
770 3822 985 3907 εἶλοςοῧνως
1005 3824 1258 3915 ὀνομαζόμενον

120 3914 364 3981 ΦΩΚΑΙΤΑΙ·
396 3911 585 4019 φῃολμοῦυ
607 3910 644 3977 ἐν
665 3920 736 3990 τοῖς
747 3908 1019 4001 Ἀποφθὲγμαοιυ
1039 3914 1258 3985 eueniret·

118 4014 203 4082 aar,
224 3995 290 4063 ὑπὸ
318 3993 502 4083 Εὔβουλον
534 4006 597 4064 τοῦ
621 3992 816 4084 Ἀροανίων
846 3998 907 4068 civ
940 3998 1083 4087 ποιητήν
1109 4002 1259 4087 Πέμοιου

121 4079 365 4166 ἀμελούμενον,
402 4084 449 4163 εἰς
476 4082 671 4170 Μιτυλήνην
703 4082 892 4155 ἀπελθόντα
915 4084 1146 4172 [θαυμάζοντι]
1173 4089 1262 4175 μμά-’

120 4178 198 4247 μοι,
242 4168 327 4236 διότι
345 4167 425 4247 τούς
448 4170 622 4249 Φωκοΐυος
650 4168 709 4251 οὓς
731 4166 835 4325 alpos,
863 4172 940 4259 ἔχου
969 4175 1075 4255 [ουλε
1101 4171 1162 4253 τὰς
1185 4180 1259 4243 Φυ-

120 4257 253 4333 salbas,
285 4253 325 4333 ἃς
354 4254 437 4340 ἔχων
464 4246 598 4341 bitrem]
629 4253 727 4342 ἣδιον
771 4282 792 4323 ν
815 4258 992 4347 Μουνλήυῃ
1022 4258 1197 4347 petrosa}
1222 4262 1260 4329 ἐν

120 4336 258 4428 Ἀτάρυῃ
280 4342 361 4422 [edd.
383 4343 471 4408 add-r
493 4339 739 4425 saculi-circesi.
777 4346 915 4411 Eubulus
934 4349 990 4412 iste
1003 4348 1187 4415 Atarnensii
1207 4350 1260 4413 ille

122 4440 184 4507 est,
204 4429 245 4493 de
259 4452 319 4515 quo
331 4428 469 4495 Lae'rtius
488 4430 520 4493 in
538 4430 601 4497 vita
615 4432 798 4497 Aristotelis:
824 4436 922 4498 homo
937 4433 1024 4501 dives
1039 4446 1085 4517 et,
1111 4448 1146 4498 ut
1159 4435 1261 4500 scribit
