<?xml version="1.0" encoding="UTF-8"?>
<!DOCTYPE html PUBLIC "-//W3C//DTD XHTML 1.0 Transitional//EN"
    "http://www.w3.org/TR/xhtml1/DTD/xhtml1-transitional.dtd">
<html xmlns="http://www.w3.org/1999/xhtml" xml:lang="en" lang="en">
 <head>
  <title>
</title>
<meta http-equiv="Content-Type" content="text/html;charset=utf-8" />
  <meta name='ocr-system' content='tesseract 3.04.00' />
  <meta name='ocr-capabilities' content='ocr_page ocr_carea ocr_par ocr_line ocrx_word'/>
</head>
<body>
  <div class='ocr_page' id='page_1' title='image "./satirarumliber00persgoog_0425.png"; bbox 0 0 2700 4972; ppageno 0'>
   <div class='ocr_carea' id='block_1_1' title="bbox 363 284 1234 407">
    <p class='ocr_par' dir='ltr' id='par_1_1' title="bbox 363 284 1234 407">
     <span class='ocr_line' id='line_1_1' title="bbox 363 284 1234 407; baseline 0.015 -13"><span class='ocrx_word' id='word_1_1' title='bbox 363 284 423 394; x_wconf 81' lang='lat' dir='ltr'><strong>ru</strong></span> <span class='ocrx_word' id='word_1_2' title='bbox 453 327 625 397; x_wconf 85' lang='lat' dir='ltr'><strong>rnusn</strong></span> <span class='ocrx_word' id='word_1_3' title='bbox 654 329 878 397; x_wconf 80' lang='lat' dir='ltr'><strong>srrrnrn</strong></span> <span class='ocrx_word' id='word_1_4' title='bbox 906 333 981 397; x_wconf 80' lang='lat' dir='ltr'><strong>v..</strong></span> <span class='ocrx_word' id='word_1_5' title='bbox 1168 342 1234 407; x_wconf 80' lang='lat' dir='ltr'><strong>su</strong></span> 
     </span>
    </p>
   </div>
   <div class='ocr_carea' id='block_1_2' title="bbox 76 476 1337 4521">
    <p class='ocr_par' dir='ltr' id='par_1_2' title="bbox 76 476 1337 4521">
     <span class='ocr_line' id='line_1_2' title="bbox 85 476 1309 592; baseline 0.007 -26"><span class='ocrx_word' id='word_1_6' title='bbox 85 495 176 585; x_wconf 66' lang='grc' dir='ltr'><strong>μεθ’</strong></span> <span class='ocrx_word' id='word_1_7' title='bbox 194 488 235 583; x_wconf 78' lang='grc' dir='ltr'><strong>ἧς</strong></span> <span class='ocrx_word' id='word_1_8' title='bbox 254 495 273 564; x_wconf 88' lang='grc' dir='ltr'>ὁ</span> <span class='ocrx_word' id='word_1_9' title='bbox 290 495 401 583; x_wconf 79' lang='grc' dir='ltr'><strong><em>ἄρχων</em></strong></span> <span class='ocrx_word' id='word_1_10' title='bbox 416 490 442 584; x_wconf 80' lang='grc' dir='ltr'><em>ἢ</em></span> <span class='ocrx_word' id='word_1_11' title='bbox 459 495 479 564; x_wconf 88' lang='grc' dir='ltr'>ὁ</span> <span class='ocrx_word' id='word_1_12' title='bbox 498 498 648 582; x_wconf 73' lang='lat' dir='ltr'><strong>noniano</strong></span> <span class='ocrx_word' id='word_1_13' title='bbox 666 497 728 584; x_wconf 75' lang='grc' dir='ltr'><strong>τήν</strong></span> <span class='ocrx_word' id='word_1_14' title='bbox 743 502 805 566; x_wconf 83' lang='grc' dir='ltr'><strong>τοῦ</strong></span> <span class='ocrx_word' id='word_1_15' title='bbox 824 476 1108 583; x_wconf 67' lang='grc' dir='ltr'><strong><em>ἐλὲοθερουμένοο</em></strong></span> <span class='ocrx_word' id='word_1_16' title='bbox 1128 527 1233 592; x_wconf 77' lang='lat' dir='ltr'><strong>nepa·</strong></span> <span class='ocrx_word' id='word_1_17' title='bbox 1306 520 1309 525; x_wconf 90' lang='lat'>&#39;</span> 
     </span>
     <span class='ocr_line' id='line_1_3' title="bbox 87 580 1232 672; baseline 0.003 -21"><span class='ocrx_word' id='word_1_18' title='bbox 87 584 133 651; x_wconf 73' lang='grc' dir='ltr'><strong>λ’</strong></span> <span class='ocrx_word' id='word_1_19' title='bbox 177 582 296 651; x_wconf 75' lang='grc' dir='ltr'><strong><em>ἔπαιον</em></strong></span> <span class='ocrx_word' id='word_1_20' title='bbox 312 580 514 668; x_wconf 80' lang='grc' dir='ltr'><strong><em>φάσκοντες·</em></strong></span> <span class='ocrx_word' id='word_1_21' title='bbox 540 582 692 669; x_wconf 79' lang='lat' dir='ltr'><strong>„papir</strong></span> <span class='ocrx_word' id='word_1_22' title='bbox 707 581 984 670; x_wconf 79' lang='grc' dir='ltr'><strong><em>τὸνποιρόντοι</em></strong></span> <span class='ocrx_word' id='word_1_23' title='bbox 1002 583 1232 672; x_wconf 74' lang='grc' dir='ltr'><strong><em>ἄνθρωπον</em></strong></span> 
     </span>
     <span class='ocr_line' id='line_1_4' title="bbox 92 606 1228 757; baseline 0.003 -19"><span class='ocrx_word' id='word_1_24' title='bbox 92 606 211 738; x_wconf 64' lang='lat' dir='ltr'><strong>siivas</strong></span> <span class='ocrx_word' id='word_1_25' title='bbox 240 666 473 751; x_wconf 74' lang='grc' dir='ltr'><strong><em>ἐλεύθερον</em></strong></span> <span class='ocrx_word' id='word_1_26' title='bbox 503 669 574 736; x_wconf 76' lang='lat' dir='ltr'><strong>nul</strong></span> <span class='ocrx_word' id='word_1_27' title='bbox 603 671 782 754; x_wconf 65' lang='lat' dir='ltr'><strong>notitae</strong></span> <span class='ocrx_word' id='word_1_28' title='bbox 815 669 1037 757; x_wconf 63' lang='lat' dir='ltr'><strong>popaiovf‘</strong></span> <span class='ocrx_word' id='word_1_29' title='bbox 1068 678 1127 755; x_wconf 89' lang='lat' dir='ltr'><strong>[V.</strong></span> <span class='ocrx_word' id='word_1_30' title='bbox 1152 680 1228 742; x_wconf 91' lang='lat' dir='ltr'><strong>locc.</strong></span> 
     </span>
     <span class='ocr_line' id='line_1_5' title="bbox 91 756 1229 845; baseline 0.006 -24"><span class='ocrx_word' id='word_1_31' title='bbox 91 778 145 845; x_wconf 84' lang='lat' dir='ltr'><strong>ap.</strong></span> <span class='ocrx_word' id='word_1_32' title='bbox 161 758 225 836; x_wconf 85' lang='lat' dir='ltr'><strong>PL,</strong></span> <span class='ocrx_word' id='word_1_33' title='bbox 246 759 423 842; x_wconf 88' lang='lat' dir='ltr'><strong>praesertim</strong></span> <span class='ocrx_word' id='word_1_34' title='bbox 437 756 631 819; x_wconf 89' lang='lat' dir='ltr'><strong>Unterholzn.</strong></span> <span class='ocrx_word' id='word_1_35' title='bbox 648 779 696 843; x_wconf 90' lang='lat' dir='ltr'><strong>ap.</strong></span> <span class='ocrx_word' id='word_1_36' title='bbox 710 756 822 820; x_wconf 89' lang='lat' dir='ltr'><strong>Heind.</strong></span> <span class='ocrx_word' id='word_1_37' title='bbox 841 758 881 820; x_wconf 87' lang='lat' dir='ltr'><strong>ad</strong></span> <span class='ocrx_word' id='word_1_38' title='bbox 895 757 958 821; x_wconf 87' lang='lat' dir='ltr'><strong>Sat.</strong></span> <span class='ocrx_word' id='word_1_39' title='bbox 974 760 1049 823; x_wconf 90' lang='lat' dir='ltr'><strong>Hor.</strong></span> <span class='ocrx_word' id='word_1_40' title='bbox 1063 761 1104 841; x_wconf 90' lang='lat' dir='ltr'><strong>ll,</strong></span> <span class='ocrx_word' id='word_1_41' title='bbox 1120 768 1148 840; x_wconf 84' lang='lat'><strong>7,</strong></span> <span class='ocrx_word' id='word_1_42' title='bbox 1167 765 1229 845; x_wconf 88' lang='grc'><strong>76.]</strong></span> 
     </span>
     <span class='ocr_line' id='line_1_6' title="bbox 181 841 1231 927; baseline 0.008 -22"><span class='ocrx_word' id='word_1_43' title='bbox 181 841 283 905; x_wconf 83' lang='lat' dir='ltr'><strong>Meus</strong></span> <span class='ocrx_word' id='word_1_44' title='bbox 298 863 322 903; x_wconf 88' lang='lat' dir='ltr'><strong>a</strong></span> <span class='ocrx_word' id='word_1_45' title='bbox 330 851 497 927; x_wconf 85' lang='lat' dir='ltr'><strong>praetore</strong></span> <span class='ocrx_word' id='word_1_46' title='bbox 515 841 666 922; x_wconf 78' lang='lat' dir='ltr'><strong>recessi]</strong></span> <span class='ocrx_word' id='word_1_47' title='bbox 689 841 805 918; x_wconf 83' lang='lat' dir='ltr'><strong>Meus,</strong></span> <span class='ocrx_word' id='word_1_48' title='bbox 822 842 856 905; x_wconf 92' lang='lat' dir='ltr'><strong>id</strong></span> <span class='ocrx_word' id='word_1_49' title='bbox 875 845 1018 908; x_wconf 90' lang='lat' dir='ltr'><strong>est&#39;liber.</strong></span> <span class='ocrx_word' id='word_1_50' title='bbox 1061 846 1231 913; x_wconf 79' lang='lat' dir='ltr'><strong>Priscianus</strong></span> 
     </span>
     <span class='ocr_line' id='line_1_7' title="bbox 94 927 1231 1015; baseline -0.001 -22"><span class='ocrx_word' id='word_1_51' title='bbox 94 928 106 1007; x_wconf 92' lang='lat'>[</span> <span class='ocrx_word' id='word_1_52' title='bbox 127 974 138 991; x_wconf 94' lang='lat'><strong>.</strong></span> <span class='ocrx_word' id='word_1_53' title='bbox 155 933 248 993; x_wconf 83' lang='lat'><strong>1113.</strong></span> <span class='ocrx_word' id='word_1_54' title='bbox 265 928 334 1006; x_wconf 80' lang='lat' dir='ltr'><strong>Pu]</strong></span> <span class='ocrx_word' id='word_1_55' title='bbox 354 929 449 991; x_wconf 89' lang='lat' dir='ltr'><strong>tribus</strong></span> <span class='ocrx_word' id='word_1_56' title='bbox 470 939 636 1012; x_wconf 80' lang='lat' dir='ltr'>quatuorve</span> <span class='ocrx_word' id='word_1_57' title='bbox 654 929 729 991; x_wconf 89' lang='lat' dir='ltr'><strong>locis</strong></span> <span class='ocrx_word' id='word_1_58' title='bbox 750 951 790 991; x_wconf 87' lang='lat' dir='ltr'><strong>ex</strong></span> <span class='ocrx_word' id='word_1_59' title='bbox 810 927 955 992; x_wconf 78' lang='lat' dir='ltr'><strong>Eurinide</strong></span> <span class='ocrx_word' id='word_1_60' title='bbox 977 931 1078 1011; x_wconf 89' lang='lat' dir='ltr'><strong>affert,</strong></span> <span class='ocrx_word' id='word_1_61' title='bbox 1108 928 1172 1015; x_wconf 56' lang='grc' dir='ltr'><strong>ἐγώ</strong></span> <span class='ocrx_word' id='word_1_62' title='bbox 1196 931 1231 998; x_wconf 77' lang='grc' dir='ltr'><strong>δ’</strong></span> 
     </span>
     <span class='ocr_line' id='line_1_8' title="bbox 92 952 1229 1098; baseline 0.005 -20"><span class='ocrx_word' id='word_1_63' title='bbox 92 952 175 1096; x_wconf 63' lang='lat' dir='ltr'><strong>iistis</strong></span> <span class='ocrx_word' id='word_1_64' title='bbox 196 1011 277 1095; x_wconf 77' lang='lat' dir='ltr'><strong>alpe:</strong></span> <span class='ocrx_word' id='word_1_65' title='bbox 305 1011 361 1076; x_wconf 89' lang='lat' dir='ltr'><strong>sed</strong></span> <span class='ocrx_word' id='word_1_66' title='bbox 385 1012 507 1077; x_wconf 82' lang='lat' dir='ltr'><strong>videtur</strong></span> <span class='ocrx_word' id='word_1_67' title='bbox 535 1012 574 1075; x_wconf 93' lang='lat' dir='ltr'><strong>de</strong></span> <span class='ocrx_word' id='word_1_68' title='bbox 595 1014 655 1075; x_wconf 93' lang='lat' dir='ltr'><strong>alio</strong></span> <span class='ocrx_word' id='word_1_69' title='bbox 680 1035 791 1093; x_wconf 82' lang='lat' dir='ltr'><strong>genere</strong></span> <span class='ocrx_word' id='word_1_70' title='bbox 814 1015 959 1077; x_wconf 79' lang='lat' dir='ltr'><strong>libertatis</strong></span> <span class='ocrx_word' id='word_1_71' title='bbox 981 1017 1229 1098; x_wconf 86' lang='lat' dir='ltr'><strong>intelligendum:</strong></span> 
     </span>
     <span class='ocr_line' id='line_1_9' title="bbox 88 1097 935 1185; baseline -0.005 -24"><span class='ocrx_word' id='word_1_72' title='bbox 88 1100 133 1162; x_wconf 88' lang='lat' dir='ltr'><strong>ita</strong></span> <span class='ocrx_word' id='word_1_73' title='bbox 156 1111 260 1162; x_wconf 91' lang='lat' dir='ltr'><strong>autem</strong></span> <span class='ocrx_word' id='word_1_74' title='bbox 272 1097 395 1161; x_wconf 90' lang='lat' dir='ltr'><strong>Plautus</strong></span> <span class='ocrx_word' id='word_1_75' title='bbox 414 1100 447 1160; x_wconf 91' lang='lat' dir='ltr'><strong>in</strong></span> <span class='ocrx_word' id='word_1_76' title='bbox 461 1098 672 1160; x_wconf 82' lang='lat' dir='ltr'><strong>Menaechmis</strong></span> <span class='ocrx_word' id='word_1_77' title='bbox 696 1098 747 1179; x_wconf 89' lang='lat' dir='ltr'><strong>[V,</strong></span> <span class='ocrx_word' id='word_1_78' title='bbox 761 1104 791 1178; x_wconf 85' lang='lat'><strong>7,</strong></span> <span class='ocrx_word' id='word_1_79' title='bbox 806 1099 848 1163; x_wconf 84' lang='lat'><strong>54</strong></span> <span class='ocrx_word' id='word_1_80' title='bbox 859 1102 935 1185; x_wconf 87' lang='lat' dir='ltr'><strong>sq.]:</strong></span> 
     </span>
     <span class='ocr_line' id='line_1_10' title="bbox 200 1178 1331 1272; baseline 0.004 -26"><span class='ocrx_word' id='word_1_81' title='bbox 200 1180 248 1246; x_wconf 90' lang='lat' dir='ltr'><strong>Id</strong></span> <span class='ocrx_word' id='word_1_82' title='bbox 261 1178 293 1244; x_wconf 82' lang='lat' dir='ltr'><strong>si</strong></span> <span class='ocrx_word' id='word_1_83' title='bbox 305 1179 483 1262; x_wconf 79' lang='lat' dir='ltr'><strong>adtulerit,</strong></span> <span class='ocrx_word' id='word_1_84' title='bbox 505 1179 622 1246; x_wconf 86' lang='lat' dir='ltr'><strong>dicam</strong></span> <span class='ocrx_word' id='word_1_85' title='bbox 638 1190 677 1245; x_wconf 84' lang='lat' dir='ltr'><strong>ut</strong></span> <span class='ocrx_word' id='word_1_86' title='bbox 690 1204 712 1245; x_wconf 88' lang='lat' dir='ltr'><strong>a</strong></span> <span class='ocrx_word' id='word_1_87' title='bbox 725 1204 779 1247; x_wconf 76' lang='lat' dir='ltr'><strong>nie</strong></span> <span class='ocrx_word' id='word_1_88' title='bbox 794 1180 899 1246; x_wconf 86' lang='lat' dir='ltr'><strong>abeat</strong></span> <span class='ocrx_word' id='word_1_89' title='bbox 911 1180 1078 1272; x_wconf 81' lang='lat' dir='ltr'><strong>liberque</strong></span> <span class='ocrx_word' id='word_1_90' title='bbox 1094 1185 1208 1267; x_wconf 72' lang='lat' dir='ltr'><strong>volet.-</strong></span> <span class='ocrx_word' id='word_1_91' title='bbox 1227 1191 1280 1253; x_wconf 82' lang='lat' dir='ltr'><strong>trs</strong></span> <span class='ocrx_word' id='word_1_92' title='bbox 1327 1220 1331 1227; x_wconf 91' lang='lat'><em>·</em></span> 
     </span>
     <span class='ocr_line' id='line_1_11' title="bbox 199 1264 1210 1359; baseline 0.005 -26"><span class='ocrx_word' id='word_1_93' title='bbox 199 1264 259 1333; x_wconf 87' lang='lat' dir='ltr'><strong>Ne</strong></span> <span class='ocrx_word' id='word_1_94' title='bbox 284 1277 380 1347; x_wconf 84' lang='lat' dir='ltr'><strong>tum,</strong></span> <span class='ocrx_word' id='word_1_95' title='bbox 402 1265 539 1357; x_wconf 83' lang='lat' dir='ltr'><strong>quando</strong></span> <span class='ocrx_word' id='word_1_96' title='bbox 561 1264 780 1356; x_wconf 77' lang='lat' dir='ltr'><strong>sacrefactas</strong></span> <span class='ocrx_word' id='word_1_97' title='bbox 806 1267 873 1347; x_wconf 84' lang='lat' dir='ltr'><strong>sit,</strong></span> <span class='ocrx_word' id='word_1_98' title='bbox 892 1290 917 1332; x_wconf 90' lang='lat' dir='ltr'><strong>a</strong></span> <span class='ocrx_word' id='word_1_99' title='bbox 940 1289 995 1333; x_wconf 88' lang='lat' dir='ltr'><strong>me</strong></span> <span class='ocrx_word' id='word_1_100' title='bbox 1023 1282 1210 1359; x_wconf 79' lang='lat' dir='ltr'><strong>argentum</strong></span> 
     </span>
     <span class='ocr_line' id='line_1_12' title="bbox 262 1363 1155 1422; baseline 0.004 -5"><span class='ocrx_word' id='word_1_101' title='bbox 262 1390 281 1405; x_wconf 80' lang='lat'>-</span> <span class='ocrx_word' id='word_1_102' title='bbox 951 1363 1041 1422; x_wconf 70' lang='lat' dir='ltr'><strong>etate</strong></span> <span class='ocrx_word' id='word_1_103' title='bbox 1151 1414 1155 1421; x_wconf 86' lang='lat'><strong>.</strong></span> 
     </span>
     <span class='ocr_line' id='line_1_13' title="bbox 91 1376 1229 1524; baseline 0.004 -21"><span class='ocrx_word' id='word_1_104' title='bbox 91 1438 135 1503; x_wconf 82' lang='lat' dir='ltr'><strong>its</strong></span> <span class='ocrx_word' id='word_1_105' title='bbox 149 1430 403 1520; x_wconf 77' lang='lat' dir='ltr'><strong>legimus&#39;litcum</strong></span> <span class='ocrx_word' id='word_1_106' title='bbox 420 1438 507 1501; x_wconf 90' lang='lat' dir='ltr'><strong>illum</strong></span> <span class='ocrx_word' id='word_1_107' title='bbox 528 1460 600 1501; x_wconf 92' lang='lat' dir='ltr'><strong>cum</strong></span> <span class='ocrx_word' id='word_1_108' title='bbox 621 1437 759 1524; x_wconf 85' lang='lat' dir='ltr'><strong>Josepho</strong></span> <span class='ocrx_word' id='word_1_109' title='bbox 778 1376 950 1521; x_wconf 66' lang='lat' dir='ltr'><strong>Scaligeropr</strong></span> <span class='ocrx_word' id='word_1_110' title='bbox 975 1463 1042 1505; x_wconf 90' lang='lat' dir='ltr'><strong>non</strong></span> <span class='ocrx_word' id='word_1_111' title='bbox 1056 1434 1094 1505; x_wconf 85' lang='lat' dir='ltr'><strong>¹ut</strong></span> <span class='ocrx_word' id='word_1_112' title='bbox 1111 1440 1229 1507; x_wconf 82' lang='lat' dir='ltr'><strong>editum</strong></span> 
     </span>
     <span class='ocr_line' id='line_1_14' title="bbox 91 1520 1228 1675; baseline 0.004 -86"><span class='ocrx_word' id='word_1_113' title='bbox 91 1536 288 1675; x_wconf 51' lang='lat' dir='ltr'><strong>numerantes</strong></span> <span class='ocrx_word' id='word_1_114' title='bbox 305 1520 434 1611; x_wconf 80' lang='lat' dir='ltr'><strong>sacius</strong></span> <span class='ocrx_word' id='word_1_115' title='bbox 460 1521 516 1587; x_wconf 80' lang='lat' dir='ltr'><strong>air.</strong></span> <span class='ocrx_word' id='word_1_116' title='bbox 568 1523 639 1606; x_wconf 91' lang='lat' dir='ltr'><strong>[Sic</strong></span> <span class='ocrx_word' id='word_1_117' title='bbox 664 1524 788 1588; x_wconf 86' lang='lat' dir='ltr'><strong>Terent.</strong></span> <span class='ocrx_word' id='word_1_118' title='bbox 814 1525 940 1589; x_wconf 91' lang='lat' dir='ltr'><strong>Phorm.</strong></span> <span class='ocrx_word' id='word_1_119' title='bbox 966 1524 1033 1607; x_wconf 88' lang='lat' dir='ltr'><strong>IV,</strong></span> <span class='ocrx_word' id='word_1_120' title='bbox 1055 1532 1084 1609; x_wconf 89' lang='lat' dir='ltr'><strong>t,</strong></span> <span class='ocrx_word' id='word_1_121' title='bbox 1104 1532 1162 1609; x_wconf 80' lang='lat'><strong>21,</strong></span> <span class='ocrx_word' id='word_1_122' title='bbox 1189 1532 1228 1593; x_wconf 79' lang='lat' dir='ltr'><strong>al</strong></span> 
     </span>
     <span class='ocr_line' id='line_1_15' title="bbox 91 1609 1229 1780; baseline 0.006 -26"><span class='ocrx_word' id='word_1_123' title='bbox 91 1632 131 1697; x_wconf 58' lang='lat' dir='ltr'><strong>ap</strong></span> <span class='ocrx_word' id='word_1_124' title='bbox 176 1609 228 1761; x_wconf 79' lang='lat'><strong>90].</strong></span> <span class='ocrx_word' id='word_1_125' title='bbox 248 1689 390 1759; x_wconf 80' lang='lat' dir='ltr'><strong>Masuri</strong></span> <span class='ocrx_word' id='word_1_126' title='bbox 403 1688 563 1774; x_wconf 77' lang='lat' dir='ltr'><strong>rubrica]</strong></span> <span class='ocrx_word' id='word_1_127' title='bbox 585 1692 656 1759; x_wconf 89' lang='lat' dir='ltr'><strong>Non</strong></span> <span class='ocrx_word' id='word_1_128' title='bbox 672 1696 775 1775; x_wconf 81' lang='lat' dir='ltr'><strong>legum</strong></span> <span class='ocrx_word' id='word_1_129' title='bbox 789 1705 908 1757; x_wconf 83' lang='lat' dir='ltr'><strong>tantum</strong></span> <span class='ocrx_word' id='word_1_130' title='bbox 922 1695 1066 1780; x_wconf 86' lang='lat' dir='ltr'><strong>principia</strong></span> <span class='ocrx_word' id='word_1_131' title='bbox 1081 1707 1112 1759; x_wconf 87' lang='lat' dir='ltr'><strong>ct</strong></span> <span class='ocrx_word' id='word_1_132' title='bbox 1124 1696 1229 1777; x_wconf 83' lang='lat' dir='ltr'><strong>titulos</strong></span> 
     </span>
     <span class='ocr_line' id='line_1_16' title="bbox 87 1778 1228 1866; baseline 0.002 -21"><span class='ocrx_word' id='word_1_133' title='bbox 87 1780 207 1845; x_wconf 85' lang='lat' dir='ltr'><strong>rubrica</strong></span> <span class='ocrx_word' id='word_1_134' title='bbox 225 1782 377 1843; x_wconf 85' lang='lat' dir='ltr'><strong>notabant</strong></span> <span class='ocrx_word' id='word_1_135' title='bbox 399 1778 450 1856; x_wconf 91' lang='lat' dir='ltr'><strong>[de</strong></span> <span class='ocrx_word' id='word_1_136' title='bbox 472 1780 581 1864; x_wconf 89' lang='lat' dir='ltr'><strong>quibus</strong></span> <span class='ocrx_word' id='word_1_137' title='bbox 608 1781 693 1842; x_wconf 92' lang='lat' dir='ltr'><strong>locos</strong></span> <span class='ocrx_word' id='word_1_138' title='bbox 713 1782 809 1844; x_wconf 89' lang='lat' dir='ltr'><strong>habes</strong></span> <span class='ocrx_word' id='word_1_139' title='bbox 830 1802 879 1866; x_wconf 89' lang='lat' dir='ltr'><strong>ap.</strong></span> <span class='ocrx_word' id='word_1_140' title='bbox 900 1781 996 1846; x_wconf 84' lang='lat' dir='ltr'><strong>Web·</strong></span> <span class='ocrx_word' id='word_1_141' title='bbox 1015 1792 1045 1843; x_wconf 91' lang='lat' dir='ltr'><strong>et</strong></span> <span class='ocrx_word' id='word_1_142' title='bbox 1063 1780 1139 1861; x_wconf 87' lang='lat' dir='ltr'><strong>Pl.],</strong></span> <span class='ocrx_word' id='word_1_143' title='bbox 1170 1782 1228 1846; x_wconf 84' lang='lat' dir='ltr'><strong>sed</strong></span> 
     </span>
     <span class='ocr_line' id='line_1_17' title="bbox 88 1859 1227 1951; baseline 0.003 -23"><span class='ocrx_word' id='word_1_144' title='bbox 88 1867 247 1947; x_wconf 80' lang='lat' dir='ltr'><strong>omnium,</strong></span> <span class='ocrx_word' id='word_1_145' title='bbox 269 1886 347 1951; x_wconf 84' lang='lat' dir='ltr'><strong>quae</strong></span> <span class='ocrx_word' id='word_1_146' title='bbox 367 1865 539 1928; x_wconf 73' lang='lat' dir='ltr'><strong>scribebant</strong></span> <span class='ocrx_word' id='word_1_147' title='bbox 557 1859 591 1939; x_wconf 79' lang='grc' dir='ltr'><strong>ἐς</strong></span> <span class='ocrx_word' id='word_1_148' title='bbox 608 1859 747 1940; x_wconf 68' lang='lat' dir='ltr'><strong>ediles.-</strong></span> <span class='ocrx_word' id='word_1_149' title='bbox 768 1864 914 1929; x_wconf 86' lang='lat' dir='ltr'><strong>Sidonius</strong></span> <span class='ocrx_word' id='word_1_150' title='bbox 934 1865 973 1928; x_wconf 87' lang='lat' dir='ltr'><strong>ad</strong></span> <span class='ocrx_word' id='word_1_151' title='bbox 988 1865 1166 1931; x_wconf 85' lang='lat' dir='ltr'><strong>Ferreolum</strong></span> <span class='ocrx_word' id='word_1_152' title='bbox 1187 1867 1227 1932; x_wconf 90' lang='lat' dir='ltr'><strong>de</strong></span> 
     </span>
     <span class='ocr_line' id='line_1_18' title="bbox 86 1947 1225 2037; baseline -0.002 -20"><span class='ocrx_word' id='word_1_153' title='bbox 86 1952 149 2017; x_wconf 82' lang='lat' dir='ltr'><strong>suis</strong></span> <span class='ocrx_word' id='word_1_154' title='bbox 170 1952 308 2037; x_wconf 87' lang='lat' dir='ltr'><strong>epistolis</strong></span> <span class='ocrx_word' id='word_1_155' title='bbox 329 1950 390 2034; x_wconf 90' lang='lat' dir='ltr'><strong>[ep.</strong></span> <span class='ocrx_word' id='word_1_156' title='bbox 407 1949 487 2027; x_wconf 88' lang='lat' dir='ltr'><strong>VH,</strong></span> <span class='ocrx_word' id='word_1_157' title='bbox 507 1951 574 2028; x_wconf 75' lang='lat' dir='ltr'><strong>tel:</strong></span> <span class='ocrx_word' id='word_1_158' title='bbox 597 1948 678 2032; x_wconf 70' lang='lat' dir='ltr'><strong>jose</strong></span> <span class='ocrx_word' id='word_1_159' title='bbox 701 1947 796 2014; x_wconf 81' lang='lat' dir='ltr'><strong>vobis</strong></span> <span class='ocrx_word' id='word_1_160' title='bbox 820 1949 857 2013; x_wconf 88' lang='lat' dir='ltr'><strong>in</strong></span> <span class='ocrx_word' id='word_1_161' title='bbox 876 1948 941 2014; x_wconf 83' lang='grc' dir='ltr'><strong><em>Ιιοο</em></strong></span> <span class='ocrx_word' id='word_1_162' title='bbox 962 1971 1064 2035; x_wconf 85' lang='lat' dir='ltr'><strong>opere</strong></span> <span class='ocrx_word' id='word_1_163' title='bbox 1086 1950 1225 2036; x_wconf 82' lang='lat' dir='ltr'><strong>primae</strong></span> 
     </span>
     <span class='ocr_line' id='line_1_19' title="bbox 86 2032 1223 2123; baseline 0.001 -24"><span class='ocrx_word' id='word_1_164' title='bbox 86 2034 270 2101; x_wconf 78' lang='lat' dir='ltr'><strong>titulorum</strong></span> <span class='ocrx_word' id='word_1_165' title='bbox 285 2034 456 2112; x_wconf 74' lang='lat' dir='ltr'><strong>rubricae,</strong></span> <span class='ocrx_word' id='word_1_166' title='bbox 477 2032 597 2118; x_wconf 88' lang='lat' dir='ltr'><strong>prima</strong></span> <span class='ocrx_word' id='word_1_167' title='bbox 616 2036 815 2098; x_wconf 83' lang='lat' dir='ltr'><strong>sermonum</strong></span> <span class='ocrx_word' id='word_1_168' title='bbox 835 2032 949 2123; x_wconf 87' lang='lat' dir='ltr'><strong>officia</strong></span> <span class='ocrx_word' id='word_1_169' title='bbox 970 2033 1223 2100; x_wconf 81' lang='lat' dir='ltr'><strong>dedicarentur.</strong></span> 
     </span>
     <span class='ocr_line' id='line_1_20' title="bbox 86 2117 1224 2206; baseline -0.003 -19"><span class='ocrx_word' id='word_1_170' title='bbox 86 2120 264 2187; x_wconf 80' lang='lat' dir='ltr'><strong>Glossamm</strong></span> <span class='ocrx_word' id='word_1_171' title='bbox 286 2122 432 2202; x_wconf 85' lang='lat' dir='ltr'><strong>magister</strong></span> <span class='ocrx_word' id='word_1_172' title='bbox 449 2117 665 2183; x_wconf 75' lang='lat' dir='ltr'><strong>rubricbme</strong></span> <span class='ocrx_word' id='word_1_173' title='bbox 709 2122 774 2183; x_wconf 92' lang='lat' dir='ltr'><strong>onit</strong></span> <span class='ocrx_word' id='word_1_174' title='bbox 796 2118 852 2186; x_wconf 74' lang='grc' dir='ltr'><strong>διὰ</strong></span> <span class='ocrx_word' id='word_1_175' title='bbox 875 2121 993 2204; x_wconf 68' lang='grc' dir='ltr'><strong><em>μίλιον</em></strong></span> <span class='ocrx_word' id='word_1_176' title='bbox 1016 2117 1224 2206; x_wconf 71' lang='grc' dir='ltr'><strong><em>ἐπιγραφήοε</em></strong></span> 
     </span>
     <span class='ocr_line' id='line_1_21' title="bbox 83 2143 1224 2302; baseline -0.002 -29"><span class='ocrx_word' id='word_1_177' title='bbox 83 2206 139 2273; x_wconf 82' lang='lat' dir='ltr'><strong>sed</strong></span> <span class='ocrx_word' id='word_1_178' title='bbox 154 2230 220 2273; x_wconf 88' lang='lat' dir='ltr'><strong>non</strong></span> <span class='ocrx_word' id='word_1_179' title='bbox 235 2227 347 2294; x_wconf 88' lang='lat' dir='ltr'><strong>purum</strong></span> <span class='ocrx_word' id='word_1_180' title='bbox 357 2207 497 2284; x_wconf 91' lang='lat' dir='ltr'><strong>minium,</strong></span> <span class='ocrx_word' id='word_1_181' title='bbox 520 2207 638 2302; x_wconf 84' lang='lat' dir='ltr'><strong>opinor,</strong></span> <span class='ocrx_word' id='word_1_182' title='bbox 660 2143 855 2286; x_wconf 54' lang='lat' dir='ltr'><strong>axiinbebant,</strong></span> <span class='ocrx_word' id='word_1_183' title='bbox 876 2228 985 2271; x_wconf 83' lang='lat' dir='ltr'><strong>verum</strong></span> <span class='ocrx_word' id='word_1_184' title='bbox 999 2228 1099 2270; x_wconf 90' lang='lat' dir='ltr'><strong>ceram</strong></span> <span class='ocrx_word' id='word_1_185' title='bbox 1112 2210 1224 2271; x_wconf 90' lang='lat' dir='ltr'><strong>minia-</strong></span> 
     </span>
     <span class='ocr_line' id='line_1_22' title="bbox 86 2288 1224 2379; baseline -0.001 -22"><span class='ocrx_word' id='word_1_186' title='bbox 86 2304 163 2374; x_wconf 79' lang='lat' dir='ltr'><strong>tum,</strong></span> <span class='ocrx_word' id='word_1_187' title='bbox 193 2314 274 2379; x_wconf 84' lang='lat' dir='ltr'><strong>quae</strong></span> <span class='ocrx_word' id='word_1_188' title='bbox 295 2291 434 2357; x_wconf 75' lang='lat' dir='ltr'><strong>Ciceroni</strong></span> <span class='ocrx_word' id='word_1_189' title='bbox 457 2288 667 2370; x_wconf 78' lang='lat' dir='ltr'><strong>mineatula,</strong></span> <span class='ocrx_word' id='word_1_190' title='bbox 704 2292 846 2356; x_wconf 83' lang='lat' dir='ltr'><strong>Vitruvio</strong></span> <span class='ocrx_word' id='word_1_191' title='bbox 867 2312 949 2377; x_wconf 84' lang='lat' dir='ltr'><strong>cera</strong></span> <span class='ocrx_word' id='word_1_192' title='bbox 970 2313 1014 2354; x_wconf 79' lang='lat' dir='ltr'><strong>ex</strong></span> <span class='ocrx_word' id='word_1_193' title='bbox 1038 2291 1157 2368; x_wconf 79' lang='lat' dir='ltr'><strong>nrilt03</strong></span> <span class='ocrx_word' id='word_1_194' title='bbox 1190 2295 1224 2356; x_wconf 89' lang='lat' dir='ltr'><strong>in</strong></span> 
     </span>
     <span class='ocr_line' id='line_1_23' title="bbox 82 2371 1251 2463; baseline 0.003 -20"><span class='ocrx_word' id='word_1_195' title='bbox 82 2380 190 2461; x_wconf 71' lang='lat' dir='ltr'><strong>uotsrii</strong></span> <span class='ocrx_word' id='word_1_196' title='bbox 203 2371 450 2463; x_wconf 77' lang='grc' dir='ltr'><strong><em>βιβλιογράφοο</em></strong></span> <span class='ocrx_word' id='word_1_197' title='bbox 472 2378 660 2460; x_wconf 66' lang='lat' dir='ltr'><strong>supellectile</strong></span> <span class='ocrx_word' id='word_1_198' title='bbox 679 2389 742 2438; x_wconf 89' lang='lat' dir='ltr'><strong>erat</strong></span> <span class='ocrx_word' id='word_1_199' title='bbox 765 2399 832 2439; x_wconf 85' lang='lat' dir='ltr'><strong>cera</strong></span> <span class='ocrx_word' id='word_1_200' title='bbox 856 2380 924 2441; x_wconf 92' lang='lat' dir='ltr'><strong>alba</strong></span> <span class='ocrx_word' id='word_1_201' title='bbox 940 2389 971 2440; x_wconf 92' lang='lat' dir='ltr'><strong>et</strong></span> <span class='ocrx_word' id='word_1_202' title='bbox 993 2399 1060 2441; x_wconf 90' lang='lat' dir='ltr'><strong>cera</strong></span> <span class='ocrx_word' id='word_1_203' title='bbox 1081 2379 1223 2444; x_wconf 88' lang='lat' dir='ltr'><strong>miniata:</strong></span> <span class='ocrx_word' id='word_1_204' title='bbox 1245 2432 1251 2447; x_wconf 83' lang='grc'><strong><em>,</em></strong></span> 
     </span>
     <span class='ocr_line' id='line_1_24' title="bbox 84 2457 1224 2552; baseline -0.001 -24"><span class='ocrx_word' id='word_1_205' title='bbox 84 2466 239 2552; x_wconf 75' lang='lat' dir='ltr'><strong>uniusque</strong></span> <span class='ocrx_word' id='word_1_206' title='bbox 254 2464 396 2526; x_wconf 88' lang='lat' dir='ltr'><strong>meminit</strong></span> <span class='ocrx_word' id='word_1_207' title='bbox 411 2462 542 2539; x_wconf 78' lang='lat' dir='ltr'><strong>Achilles</strong></span> <span class='ocrx_word' id='word_1_208' title='bbox 558 2460 672 2524; x_wconf 88' lang='lat' dir='ltr'><strong>Statius</strong></span> <span class='ocrx_word' id='word_1_209' title='bbox 691 2463 725 2523; x_wconf 90' lang='lat' dir='ltr'><strong>in</strong></span> <span class='ocrx_word' id='word_1_210' title='bbox 746 2462 872 2535; x_wconf 80' lang='lat' dir='ltr'><strong>Aratum</strong></span> <span class='ocrx_word' id='word_1_211' title='bbox 891 2475 922 2525; x_wconf 90' lang='lat' dir='ltr'><strong>et</strong></span> <span class='ocrx_word' id='word_1_212' title='bbox 943 2457 1049 2546; x_wconf 80' lang='grc' dir='ltr'><strong><em>κηρὸν</em></strong></span> <span class='ocrx_word' id='word_1_213' title='bbox 1062 2467 1224 2545; x_wconf 74' lang='grc' dir='ltr'><strong><em>μεμιλτω-</em></strong></span> 
     </span>
     <span class='ocr_line' id='line_1_25' title="bbox 85 2547 1221 2634; baseline -0.004 -17"><span class='ocrx_word' id='word_1_214' title='bbox 85 2547 185 2634; x_wconf 67' lang='lat' dir='ltr'><strong>ptum</strong></span> <span class='ocrx_word' id='word_1_215' title='bbox 196 2560 306 2631; x_wconf 76' lang='lat' dir='ltr'><strong>vocat:</strong></span> <span class='ocrx_word' id='word_1_216' title='bbox 326 2551 384 2610; x_wconf 92' lang='lat' dir='ltr'><strong>hac</strong></span> <span class='ocrx_word' id='word_1_217' title='bbox 405 2568 472 2609; x_wconf 87' lang='lat' dir='ltr'><strong>cera</strong></span> <span class='ocrx_word' id='word_1_218' title='bbox 494 2550 653 2609; x_wconf 83' lang='lat' dir='ltr'><strong>utebantur</strong></span> <span class='ocrx_word' id='word_1_219' title='bbox 674 2548 782 2627; x_wconf 87' lang='lat' dir='ltr'><strong>critici,</strong></span> <span class='ocrx_word' id='word_1_220' title='bbox 812 2570 883 2609; x_wconf 88' lang='lat' dir='ltr'><strong>cum</strong></span> <span class='ocrx_word' id='word_1_221' title='bbox 903 2549 997 2611; x_wconf 91' lang='lat' dir='ltr'><strong>libros</strong></span> <span class='ocrx_word' id='word_1_222' title='bbox 1013 2552 1221 2628; x_wconf 86' lang='lat' dir='ltr'><strong>recensebant,</strong></span> 
     </span>
     <span class='ocr_line' id='line_1_26' title="bbox 77 2629 1223 2720; baseline 0 -21"><span class='ocrx_word' id='word_1_223' title='bbox 77 2632 221 2699; x_wconf 82' lang='lat' dir='ltr'><strong>¹at·notas</strong></span> <span class='ocrx_word' id='word_1_224' title='bbox 248 2635 309 2698; x_wconf 90' lang='lat' dir='ltr'><strong>sibi</strong></span> <span class='ocrx_word' id='word_1_225' title='bbox 338 2633 502 2697; x_wconf 80' lang='lat' dir='ltr'><strong>familiares</strong></span> <span class='ocrx_word' id='word_1_226' title='bbox 527 2632 587 2695; x_wconf 90' lang='lat' dir='ltr'><strong>illis</strong></span> <span class='ocrx_word' id='word_1_227' title='bbox 616 2633 830 2718; x_wconf 84' lang='lat' dir='ltr'><strong>appingerent,</strong></span> <span class='ocrx_word' id='word_1_228' title='bbox 859 2654 934 2720; x_wconf 87' lang='lat' dir='ltr'><strong>quas</strong></span> <span class='ocrx_word' id='word_1_229' title='bbox 956 2629 1223 2716; x_wconf 74' lang='grc' dir='ltr'><strong><em>παραπλᾶσμαοα</em></strong></span> 
     </span>
     <span class='ocr_line' id='line_1_27' title="bbox 85 2713 1222 2802; baseline -0.002 -17"><span class='ocrx_word' id='word_1_230' title='bbox 85 2720 233 2785; x_wconf 73' lang='lat' dir='ltr'><strong>dirorum.</strong></span> <span class='ocrx_word' id='word_1_231' title='bbox 261 2718 451 2802; x_wconf 76' lang='lat' dir='ltr'><strong>Hesychiusc</strong></span> <span class='ocrx_word' id='word_1_232' title='bbox 474 2715 837 2800; x_wconf 72' lang='grc' dir='ltr'><strong><em>παραπλάομαοα,</em></strong></span> <span class='ocrx_word' id='word_1_233' title='bbox 858 2713 899 2783; x_wconf 79' lang='grc' dir='ltr'><strong>τὰ</strong></span> <span class='ocrx_word' id='word_1_234' title='bbox 914 2715 1014 2801; x_wconf 79' lang='grc' dir='ltr'><strong><em>κηρία</em></strong></span> <span class='ocrx_word' id='word_1_235' title='bbox 1025 2715 1066 2783; x_wconf 77' lang='lat' dir='ltr'><strong>ed</strong></span> <span class='ocrx_word' id='word_1_236' title='bbox 1081 2716 1222 2785; x_wconf 70' lang='grc' dir='ltr'><strong>ἐπιτιθέ-</strong></span> 
     </span>
     <span class='ocr_line' id='line_1_28' title="bbox 87 2797 1222 2890; baseline -0.002 -19"><span class='ocrx_word' id='word_1_237' title='bbox 87 2826 165 2890; x_wconf 74' lang='grc' dir='ltr'><strong>μοοα</strong></span> <span class='ocrx_word' id='word_1_238' title='bbox 182 2804 255 2880; x_wconf 73' lang='grc' dir='ltr'><strong><em>τοῖς</em></strong></span> <span class='ocrx_word' id='word_1_239' title='bbox 274 2800 454 2889; x_wconf 62' lang='lat' dir='ltr'><strong>§abinoen</strong></span> <span class='ocrx_word' id='word_1_240' title='bbox 471 2799 595 2877; x_wconf 79' lang='grc' dir='ltr'><strong><em>ἐντοῖς</em></strong></span> <span class='ocrx_word' id='word_1_241' title='bbox 615 2803 773 2885; x_wconf 59' lang='lat' dir='ltr'><strong>tritiora:</strong></span> <span class='ocrx_word' id='word_1_242' title='bbox 795 2814 826 2866; x_wconf 89' lang='lat' dir='ltr'><strong>et</strong></span> <span class='ocrx_word' id='word_1_243' title='bbox 843 2797 1091 2883; x_wconf 75' lang='lat' dir='ltr'><strong>neouatdaaecu</strong></span> <span class='ocrx_word' id='word_1_244' title='bbox 1110 2806 1222 2878; x_wconf 83' lang='lat' dir='ltr'><strong>libnrm</strong></span> 
     </span>
     <span class='ocr_line' id='line_1_29' title="bbox 86 2878 1222 2975; baseline -0.001 -20"><span class='ocrx_word' id='word_1_245' title='bbox 86 2893 126 2955; x_wconf 88' lang='lat' dir='ltr'><strong>ita</strong></span> <span class='ocrx_word' id='word_1_246' title='bbox 137 2878 307 2969; x_wconf 82' lang='lat' dir='ltr'><strong>receirsere,</strong></span> <span class='ocrx_word' id='word_1_247' title='bbox 323 2888 406 2975; x_wconf 81' lang='lat' dir='ltr'><strong>quod</strong></span> <span class='ocrx_word' id='word_1_248' title='bbox 417 2888 555 2955; x_wconf 81' lang='lat' dir='ltr'><strong>usitatius</strong></span> <span class='ocrx_word' id='word_1_249' title='bbox 570 2887 689 2967; x_wconf 80' lang='grc' dir='ltr'><strong><em>οτίζειν</em></strong></span> <span class='ocrx_word' id='word_1_250' title='bbox 703 2887 851 2952; x_wconf 87' lang='lat' dir='ltr'><strong>dicebant.</strong></span> <span class='ocrx_word' id='word_1_251' title='bbox 895 2889 1083 2971; x_wconf 85' lang='lat' dir='ltr'><strong>Hesychius:</strong></span> <span class='ocrx_word' id='word_1_252' title='bbox 1104 2889 1222 2973; x_wconf 65' lang='grc' dir='ltr'><em>παρεᾴ</em></span> 
     </span>
     <span class='ocr_line' id='line_1_30' title="bbox 89 2966 1337 3061; baseline -0.002 -18"><span class='ocrx_word' id='word_1_253' title='bbox 89 2974 266 3061; x_wconf 55' lang='lat' dir='ltr'><strong>monive</strong></span> <span class='ocrx_word' id='word_1_254' title='bbox 284 2974 406 3060; x_wconf 69' lang='grc' dir='ltr'><strong><em>βιβλία,</em></strong></span> <span class='ocrx_word' id='word_1_255' title='bbox 429 2966 480 3049; x_wconf 78' lang='grc' dir='ltr'><strong>οἷς</strong></span> <span class='ocrx_word' id='word_1_256' title='bbox 495 2969 621 3057; x_wconf 63' lang='lat' dir='ltr'><strong>uaporis</strong></span> <span class='ocrx_word' id='word_1_257' title='bbox 635 2969 989 3061; x_wconf 27' lang='lat' dir='ltr'><strong>naontdaaopevfledd,</strong></span> <span class='ocrx_word' id='word_1_258' title='bbox 1002 2976 1220 3060; x_wconf 84' lang='lat' dir='ltr'><strong>praeterHag·:</strong></span> <span class='ocrx_word' id='word_1_259' title='bbox 1334 3037 1337 3046; x_wconf 92' lang='grc'>,</span> 
     </span>
     <span class='ocr_line' id='line_1_31' title="bbox 77 3056 1220 3147; baseline -0.005 -18"><span class='ocrx_word' id='word_1_260' title='bbox 77 3064 302 3147; x_wconf 54' lang='lat' dir='ltr'><strong>&#39;quantumi</strong></span> <span class='ocrx_word' id='word_1_261' title='bbox 329 3057 414 3140; x_wconf 75' lang='grc' dir='ltr'><strong>πρὸς</strong></span> <span class='ocrx_word' id='word_1_262' title='bbox 435 3056 473 3124; x_wconf 81' lang='grc' dir='ltr'><strong>τὸ</strong></span> <span class='ocrx_word' id='word_1_263' title='bbox 489 3059 637 3145; x_wconf 75' lang='grc' dir='ltr'><strong>Ιζηρῆοοί</strong></span> <span class='ocrx_word' id='word_1_264' title='bbox 663 3081 769 3123; x_wconf 77' lang='grc' dir='ltr'><strong><em>τιναε·</em></strong></span> <span class='ocrx_word' id='word_1_265' title='bbox 783 3061 912 3122; x_wconf 87' lang='lat' dir='ltr'><strong>fortasse</strong></span> <span class='ocrx_word' id='word_1_266' title='bbox 932 3060 1091 3145; x_wconf 88' lang='lat' dir='ltr'><strong>scripserat</strong></span> <span class='ocrx_word' id='word_1_267' title='bbox 1117 3079 1220 3140; x_wconf 79' lang='grc' dir='ltr'><strong><em>παροι-</em></strong></span> 
     </span>
     <span class='ocr_line' id='line_1_32' title="bbox 87 3144 1219 3231; baseline -0.004 -16"><span class='ocrx_word' id='word_1_268' title='bbox 87 3146 288 3231; x_wconf 63' lang='lat' dir='ltr'><strong>sidonense:</strong></span> <span class='ocrx_word' id='word_1_269' title='bbox 308 3146 364 3211; x_wconf 86' lang='lat' dir='ltr'><strong>sed</strong></span> <span class='ocrx_word' id='word_1_270' title='bbox 376 3158 407 3209; x_wconf 89' lang='lat' dir='ltr'><strong>et</strong></span> <span class='ocrx_word' id='word_1_271' title='bbox 418 3149 545 3208; x_wconf 89' lang='lat' dir='ltr'><strong>alterum</strong></span> <span class='ocrx_word' id='word_1_272' title='bbox 560 3148 658 3216; x_wconf 82' lang='lat' dir='ltr'><strong>feram</strong></span> <span class='ocrx_word' id='word_1_273' title='bbox 673 3148 791 3208; x_wconf 90' lang='lat' dir='ltr'><strong>lubens.</strong></span> <span class='ocrx_word' id='word_1_274' title='bbox 815 3144 930 3225; x_wconf 85' lang='lat' dir='ltr'><strong>[„Male</strong></span> <span class='ocrx_word' id='word_1_275' title='bbox 944 3145 1100 3225; x_wconf 81' lang='lat' dir='ltr'><strong>corrigitur</strong></span> <span class='ocrx_word' id='word_1_276' title='bbox 1111 3166 1219 3229; x_wconf 81' lang='grc' dir='ltr'><strong><em>παρα-</em></strong></span> 
     </span>
     <span class='ocr_line' id='line_1_33' title="bbox 86 3225 1219 3318; baseline -0.005 -17"><span class='ocrx_word' id='word_1_277' title='bbox 86 3230 280 3318; x_wconf 62' lang='lat' dir='ltr'><strong>dissonae.</strong></span> <span class='ocrx_word' id='word_1_278' title='bbox 322 3232 442 3318; x_wconf 86' lang='lat' dir='ltr'><strong>Nempe</strong></span> <span class='ocrx_word' id='word_1_279' title='bbox 460 3225 736 3314; x_wconf 75' lang='grc' dir='ltr'><strong><em>ποοςπλᾶοσομεν</em></strong></span> <span class='ocrx_word' id='word_1_280' title='bbox 760 3233 830 3306; x_wconf 81' lang='grc' dir='ltr'><strong><em>τοῖς</em></strong></span> <span class='ocrx_word' id='word_1_281' title='bbox 854 3228 1012 3312; x_wconf 74' lang='grc' dir='ltr'><strong><em>βιβλίοις,</em></strong></span> <span class='ocrx_word' id='word_1_282' title='bbox 1045 3229 1219 3314; x_wconf 73' lang='lat' dir='ltr'><strong>scinopo-</strong></span> 
     </span>
     <span class='ocr_line' id='line_1_34' title="bbox 84 3312 1216 3402; baseline -0.007 -15"><span class='ocrx_word' id='word_1_283' title='bbox 84 3317 270 3402; x_wconf 66' lang='grc' dir='ltr'><strong><em>ιλάοοομον</em></strong></span> <span class='ocrx_word' id='word_1_284' title='bbox 291 3315 403 3402; x_wconf 70' lang='grc' dir='ltr'><strong><em>ῥητοῖς</em></strong></span> <span class='ocrx_word' id='word_1_285' title='bbox 425 3330 491 3382; x_wconf 76' lang='grc' dir='ltr'><strong>τισι</strong></span> <span class='ocrx_word' id='word_1_286' title='bbox 519 3317 714 3400; x_wconf 79' lang='grc' dir='ltr'><strong><em>διαφερομ.“</em></strong></span> <span class='ocrx_word' id='word_1_287' title='bbox 750 3312 911 3379; x_wconf 84' lang='lat' dir='ltr'><strong>Meibom.</strong></span> <span class='ocrx_word' id='word_1_288' title='bbox 941 3314 981 3377; x_wconf 89' lang='lat' dir='ltr'><strong>ad</strong></span> <span class='ocrx_word' id='word_1_289' title='bbox 996 3318 1055 3378; x_wconf 91' lang='lat' dir='ltr'><strong>loc.</strong></span> <span class='ocrx_word' id='word_1_290' title='bbox 1070 3316 1145 3380; x_wconf 91' lang='lat' dir='ltr'><strong>Hes.</strong></span> <span class='ocrx_word' id='word_1_291' title='bbox 1175 3312 1216 3363; x_wconf 77' lang='lat'><strong>-&#39;-</strong></span> 
     </span>
     <span class='ocr_line' id='line_1_35' title="bbox 83 3400 1218 3482; baseline -0.004 -13"><span class='ocrx_word' id='word_1_292' title='bbox 83 3403 254 3475; x_wconf 80' lang='lat' dir='ltr'><strong>llarurius</strong></span> <span class='ocrx_word' id='word_1_293' title='bbox 275 3400 446 3480; x_wconf 82' lang='lat' dir='ltr'><strong>Sabinus,</strong></span> <span class='ocrx_word' id='word_1_294' title='bbox 473 3401 568 3467; x_wconf 78' lang='lat' dir='ltr'><strong>Jctus</strong></span> <span class='ocrx_word' id='word_1_295' title='bbox 588 3405 645 3465; x_wconf 88' lang='lat' dir='ltr'><strong>sub</strong></span> <span class='ocrx_word' id='word_1_296' title='bbox 667 3401 810 3480; x_wconf 86' lang='lat' dir='ltr'><strong>Tiberio,</strong></span> <span class='ocrx_word' id='word_1_297' title='bbox 837 3412 921 3463; x_wconf 86' lang='lat' dir='ltr'><strong>tanta</strong></span> <span class='ocrx_word' id='word_1_298' title='bbox 948 3401 1123 3464; x_wconf 87' lang='lat' dir='ltr'><strong>auctoritate</strong></span> <span class='ocrx_word' id='word_1_299' title='bbox 1146 3414 1218 3482; x_wconf 88' lang='lat' dir='ltr'><strong>erat,</strong></span> 
     </span>
     <span class='ocr_line' id='line_1_36' title="bbox 82 3483 1218 3575; baseline -0.003 -22"><span class='ocrx_word' id='word_1_300' title='bbox 82 3502 107 3553; x_wconf 85' lang='lat' dir='ltr'><strong>ut</strong></span> <span class='ocrx_word' id='word_1_301' title='bbox 118 3494 160 3557; x_wconf 86' lang='lat' dir='ltr'><strong>de</strong></span> <span class='ocrx_word' id='word_1_302' title='bbox 176 3495 245 3573; x_wconf 83' lang='lat' dir='ltr'><strong>ejus</strong></span> <span class='ocrx_word' id='word_1_303' title='bbox 262 3491 390 3569; x_wconf 80' lang='lat' dir='ltr'><strong>nomine</strong></span> <span class='ocrx_word' id='word_1_304' title='bbox 409 3499 493 3553; x_wconf 85' lang='lat' dir='ltr'><strong>secta</strong></span> <span class='ocrx_word' id='word_1_305' title='bbox 506 3489 707 3575; x_wconf 87' lang='lat' dir='ltr'><strong>appellaretur</strong></span> <span class='ocrx_word' id='word_1_306' title='bbox 725 3483 1014 3549; x_wconf 84' lang='lat' dir='ltr'><strong>Sabinianorum:</strong></span> <span class='ocrx_word' id='word_1_307' title='bbox 1030 3507 1061 3549; x_wconf 82' lang='lat' dir='ltr'><strong>v.</strong></span> <span class='ocrx_word' id='word_1_308' title='bbox 1076 3487 1218 3568; x_wconf 84' lang='lat' dir='ltr'><strong>Hugonis</strong></span> 
     </span>
     <span class='ocr_line' id='line_1_37' title="bbox 78 3568 1218 3663; baseline -0.006 -20"><span class='ocrx_word' id='word_1_309' title='bbox 78 3570 198 3645; x_wconf 65' lang='lat' dir='ltr'><strong>Goion</strong></span> <span class='ocrx_word' id='word_1_310' title='bbox 221 3573 281 3645; x_wconf 82' lang='lat' dir='ltr'><strong>dea</strong></span> <span class='ocrx_word' id='word_1_311' title='bbox 299 3574 347 3638; x_wconf 80' lang='lat' dir='ltr'><strong>R.</strong></span> <span class='ocrx_word' id='word_1_312' title='bbox 365 3573 413 3639; x_wconf 80' lang='lat' dir='ltr'><strong>R.</strong></span> <span class='ocrx_word' id='word_1_313' title='bbox 425 3596 458 3663; x_wconf 87' lang='lat' dir='ltr'><strong>p.</strong></span> <span class='ocrx_word' id='word_1_314' title='bbox 469 3570 550 3654; x_wconf 80' lang='lat'><strong>581,</strong></span> <span class='ocrx_word' id='word_1_315' title='bbox 571 3572 750 3637; x_wconf 87' lang='lat' dir='ltr'><strong>Meisterum</strong></span> <span class='ocrx_word' id='word_1_316' title='bbox 764 3568 888 3634; x_wconf 79' lang='lat' dir='ltr'><strong>Letzte</strong></span> <span class='ocrx_word' id='word_1_317' title='bbox 909 3568 1009 3637; x_wconf 83' lang='lat' dir='ltr'><strong>Stud.</strong></span> <span class='ocrx_word' id='word_1_318' title='bbox 1029 3591 1061 3656; x_wconf 89' lang='lat' dir='ltr'><strong>p.</strong></span> <span class='ocrx_word' id='word_1_319' title='bbox 1076 3577 1145 3637; x_wconf 86' lang='lat'><strong>100.</strong></span> <span class='ocrx_word' id='word_1_320' title='bbox 1168 3572 1218 3636; x_wconf 90' lang='lat' dir='ltr'><strong>De</strong></span> 
     </span>
     <span class='ocr_line' id='line_1_38' title="bbox 77 3656 1217 3747; baseline -0.003 -23"><span class='ocrx_word' id='word_1_321' title='bbox 77 3664 224 3731; x_wconf 75' lang='lat' dir='ltr'><strong>mutantia</strong></span> <span class='ocrx_word' id='word_1_322' title='bbox 252 3662 383 3725; x_wconf 86' lang='lat' dir='ltr'><strong>aliorum</strong></span> <span class='ocrx_word' id='word_1_323' title='bbox 412 3658 567 3747; x_wconf 81' lang='lat' dir='ltr'><strong>quosdam</strong></span> <span class='ocrx_word' id='word_1_324' title='bbox 584 3661 670 3721; x_wconf 89' lang='lat' dir='ltr'><strong>locos</strong></span> <span class='ocrx_word' id='word_1_325' title='bbox 694 3659 833 3745; x_wconf 87' lang='lat' dir='ltr'><strong>apposite</strong></span> <span class='ocrx_word' id='word_1_326' title='bbox 860 3657 958 3719; x_wconf 88' lang='lat' dir='ltr'><strong>attulit</strong></span> <span class='ocrx_word' id='word_1_327' title='bbox 983 3656 1098 3736; x_wconf 71' lang='lat' dir='ltr'><strong>Pium,</strong></span> <span class='ocrx_word' id='word_1_328' title='bbox 1128 3659 1217 3743; x_wconf 92' lang='lat' dir='ltr'><strong>quie</strong></span> 
     </span>
     <span class='ocr_line' id='line_1_39' title="bbox 77 3742 1217 3830; baseline -0.007 -16"><span class='ocrx_word' id='word_1_329' title='bbox 77 3742 173 3817; x_wconf 78' lang='lat' dir='ltr'><strong>Ham.</strong></span> <span class='ocrx_word' id='word_1_330' title='bbox 190 3754 258 3814; x_wconf 80' lang='lat' dir='ltr'><strong>2et</strong></span> <span class='ocrx_word' id='word_1_331' title='bbox 274 3746 418 3810; x_wconf 78' lang='lat' dir='ltr'><strong>tedidit:</strong></span> <span class='ocrx_word' id='word_1_332' title='bbox 442 3743 593 3825; x_wconf 75' lang='lat' dir='ltr'><strong>nutavit,</strong></span> <span class='ocrx_word' id='word_1_333' title='bbox 615 3743 700 3830; x_wconf 86' lang='lat' dir='ltr'><strong>quod</strong></span> <span class='ocrx_word' id='word_1_334' title='bbox 717 3753 906 3808; x_wconf 87' lang='lat' dir='ltr'><strong>constantem</strong></span> <span class='ocrx_word' id='word_1_335' title='bbox 927 3745 1217 3821; x_wconf 88' lang='lat' dir='ltr'><strong>ceterorumlectio-</strong></span> 
     </span>
     <span class='ocr_line' id='line_1_40' title="bbox 77 3831 1033 3921; baseline -0.005 -22"><span class='ocrx_word' id='word_1_336' title='bbox 77 3846 143 3901; x_wconf 77' lang='lat' dir='ltr'><strong>tem</strong></span> <span class='ocrx_word' id='word_1_337' title='bbox 158 3845 317 3921; x_wconf 89' lang='lat' dir='ltr'><strong>respueret</strong></span> <span class='ocrx_word' id='word_1_338' title='bbox 335 3831 501 3911; x_wconf 77' lang='lat' dir='ltr'><strong>Latinitas]</strong></span> <span class='ocrx_word' id='word_1_339' title='bbox 1030 3833 1033 3840; x_wconf 86' lang='lat'>&#39;</span> 
     </span>
     <span class='ocr_line' id='line_1_41' title="bbox 157 3911 1214 3999; baseline -0.01 -12"><span class='ocrx_word' id='word_1_340' title='bbox 157 3926 211 3987; x_wconf 85' lang='lat'><strong>91.</strong></span> <span class='ocrx_word' id='word_1_341' title='bbox 239 3916 364 3983; x_wconf 74' lang='lat' dir='ltr'><strong>Disce:</strong></span> <span class='ocrx_word' id='word_1_342' title='bbox 384 3912 448 3980; x_wconf 80' lang='lat' dir='ltr'><strong>aed</strong></span> <span class='ocrx_word' id='word_1_343' title='bbox 459 3914 517 3979; x_wconf 82' lang='lat' dir='ltr'><strong>ira</strong></span> <span class='ocrx_word' id='word_1_344' title='bbox 535 3912 643 3979; x_wconf 84' lang='lat' dir='ltr'><strong>cadat</strong></span> <span class='ocrx_word' id='word_1_345' title='bbox 664 3935 750 3976; x_wconf 81' lang='lat' dir='ltr'><strong>naso</strong></span> <span class='ocrx_word' id='word_1_346' title='bbox 771 3930 967 3999; x_wconf 83' lang='lat' dir='ltr'><strong>rugosaque</strong></span> <span class='ocrx_word' id='word_1_347' title='bbox 986 3912 1120 3993; x_wconf 78' lang='lat' dir='ltr'><strong>canna]</strong></span> <span class='ocrx_word' id='word_1_348' title='bbox 1148 3911 1214 3976; x_wconf 92' lang='lat' dir='ltr'><strong>Re-</strong></span> 
     </span>
     <span class='ocr_line' id='line_1_42' title="bbox 76 3996 1211 4159; baseline -0.007 -89"><span class='ocrx_word' id='word_1_349' title='bbox 76 4020 245 4159; x_wconf 57' lang='lat' dir='ltr'><strong>{pensurus</strong></span> <span class='ocrx_word' id='word_1_350' title='bbox 255 4002 296 4067; x_wconf 86' lang='lat' dir='ltr'><strong>ad</strong></span> <span class='ocrx_word' id='word_1_351' title='bbox 308 4001 807 4150; x_wconf 54' lang='lat' dir='ltr'><strong>supenommdmpmprlpationem</strong></span> <span class='ocrx_word' id='word_1_352' title='bbox 822 3999 914 4061; x_wconf 86' lang='lat' dir='ltr'><strong>utitur</strong></span> <span class='ocrx_word' id='word_1_353' title='bbox 932 3996 1163 4095; x_wconf 72' lang='grc' dir='ltr'><strong><em>ποοθεροιπείᾳ</em></strong></span> <span class='ocrx_word' id='word_1_354' title='bbox 1182 4012 1211 4062; x_wconf 86' lang='lat' dir='ltr'><strong>et</strong></span> 
     </span>
     <span class='ocr_line' id='line_1_43' title="bbox 77 4105 676 4155; baseline -0.005 0"><span class='ocrx_word' id='word_1_355' title='bbox 77 4109 86 4149; x_wconf 86' lang='grc' dir='ltr'>ι</span> <span class='ocrx_word' id='word_1_356' title='bbox 161 4105 246 4155; x_wconf 86' lang='lat' dir='ltr'><strong>atem</strong></span> <span class='ocrx_word' id='word_1_357' title='bbox 266 4111 314 4154; x_wconf 89' lang='lat' dir='ltr'><strong>res</strong></span> <span class='ocrx_word' id='word_1_358' title='bbox 336 4108 472 4154; x_wconf 86' lang='lat' dir='ltr'><strong>onsroms</strong></span> <span class='ocrx_word' id='word_1_359' title='bbox 512 4110 529 4150; x_wconf 90' lang='lat' dir='ltr'><strong>e</strong></span> <span class='ocrx_word' id='word_1_360' title='bbox 549 4108 617 4150; x_wconf 82' lang='lat' dir='ltr'><strong>teca</strong></span> <span class='ocrx_word' id='word_1_361' title='bbox 666 4132 676 4152; x_wconf 94' lang='lat'><strong>.</strong></span> 
     </span>
     <span class='ocr_line' id='line_1_44' title="bbox 112 4106 1216 4254; baseline -0.01 -13"><span class='ocrx_word' id='word_1_362' title='bbox 112 4106 228 4253; x_wconf 69' lang='grc' dir='ltr'><strong>θιιι[νο</strong></span> <span class='ocrx_word' id='word_1_363' title='bbox 248 4196 292 4239; x_wconf 84' lang='lat' dir='ltr'><strong>ea</strong></span> <span class='ocrx_word' id='word_1_364' title='bbox 317 4182 355 4238; x_wconf 87' lang='lat' dir='ltr'><strong>at</strong></span> <span class='ocrx_word' id='word_1_365' title='bbox 377 4174 487 4254; x_wconf 77' lang='lat' dir='ltr'><strong>naso]</strong></span> <span class='ocrx_word' id='word_1_366' title='bbox 549 4175 613 4251; x_wconf 86' lang='lat' dir='ltr'><strong>uia,</strong></span> <span class='ocrx_word' id='word_1_367' title='bbox 635 4183 669 4234; x_wconf 89' lang='lat' dir='ltr'><strong>ut</strong></span> <span class='ocrx_word' id='word_1_368' title='bbox 691 4171 733 4234; x_wconf 92' lang='lat' dir='ltr'><strong>ait</strong></span> <span class='ocrx_word' id='word_1_369' title='bbox 747 4168 929 4233; x_wconf 87' lang='lat' dir='ltr'><strong>Theocritus</strong></span> <span class='ocrx_word' id='word_1_370' title='bbox 952 4166 987 4249; x_wconf 90' lang='lat' dir='ltr'><strong>[I,</strong></span> <span class='ocrx_word' id='word_1_371' title='bbox 1007 4172 1075 4249; x_wconf 88' lang='grc'><strong>18],</strong></span> <span class='ocrx_word' id='word_1_372' title='bbox 1099 4168 1216 4252; x_wconf 81' lang='grc' dir='ltr'><strong><em>βαρεῖα</em></strong></span> 
     </span>
     <span class='ocr_line' id='line_1_45' title="bbox 77 4253 1267 4357; baseline -0.01 -29"><span class='ocrx_word' id='word_1_373' title='bbox 77 4260 157 4357; x_wconf 63' lang='lat' dir='ltr'><strong>:oiri</strong></span> <span class='ocrx_word' id='word_1_374' title='bbox 171 4258 249 4328; x_wconf 74' lang='grc' dir='ltr'><strong>ποτὶ</strong></span> <span class='ocrx_word' id='word_1_375' title='bbox 270 4259 339 4343; x_wconf 75' lang='grc' dir='ltr'><strong>ῥινὶ</strong></span> <span class='ocrx_word' id='word_1_376' title='bbox 352 4256 505 4345; x_wconf 76' lang='grc' dir='ltr'><strong>κάθηται.</strong></span> <span class='ocrx_word' id='word_1_377' title='bbox 549 4256 682 4322; x_wconf 90' lang='lat' dir='ltr'><strong>Lucilius</strong></span> <span class='ocrx_word' id='word_1_378' title='bbox 696 4254 788 4333; x_wconf 84' lang='lat' dir='ltr'><strong>[XX,</strong></span> <span class='ocrx_word' id='word_1_379' title='bbox 802 4257 840 4317; x_wconf 86' lang='lat' dir='ltr'><strong>fr.</strong></span> <span class='ocrx_word' id='word_1_380' title='bbox 855 4253 906 4335; x_wconf 77' lang='lat'><strong>4]:</strong></span> <span class='ocrx_word' id='word_1_381' title='bbox 1214 4260 1267 4321; x_wconf 75' lang='lat'><strong>419</strong></span> 
     </span>
     <span class='ocr_line' id='line_1_46' title="bbox 188 4334 1213 4433; baseline -0.013 -21"><span class='ocrx_word' id='word_1_382' title='bbox 188 4344 360 4433; x_wconf 84' lang='lat' dir='ltr'><strong>Calpurni</strong></span> <span class='ocrx_word' id='word_1_383' title='bbox 374 4366 518 4409; x_wconf 76' lang='lat' dir='ltr'><strong>saevam</strong></span> <span class='ocrx_word' id='word_1_384' title='bbox 528 4340 645 4431; x_wconf 81' lang='lat' dir='ltr'><strong>legem</strong></span> <span class='ocrx_word' id='word_1_385' title='bbox 652 4339 782 4405; x_wconf 82' lang='lat' dir='ltr'><strong>Pisoni’</strong></span> <span class='ocrx_word' id='word_1_386' title='bbox 794 4334 959 4427; x_wconf 82' lang='lat' dir='ltr'><strong>reprendi</strong></span> <span class='ocrx_word' id='word_1_387' title='bbox 971 4338 1047 4420; x_wconf 78' lang='lat' dir='ltr'><strong>[nno</strong></span> <span class='ocrx_word' id='word_1_388' title='bbox 1062 4335 1213 4422; x_wconf 79' lang='lat' dir='ltr'><strong>rependi]</strong></span> 
     </span>
     <span class='ocr_line' id='line_1_47' title="bbox 97 4422 1075 4521; baseline -0.018 -20"><span class='ocrx_word' id='word_1_389' title='bbox 97 4510 107 4518; x_wconf 48' lang='grc'>,</span> <span class='ocrx_word' id='word_1_390' title='bbox 187 4430 371 4521; x_wconf 73' lang='lat' dir='ltr'><strong>Eduxique</strong></span> <span class='ocrx_word' id='word_1_391' title='bbox 391 4428 548 4498; x_wconf 85' lang='lat' dir='ltr'><strong>animam</strong></span> <span class='ocrx_word' id='word_1_392' title='bbox 571 4428 608 4493; x_wconf 88' lang='lat' dir='ltr'><strong>in</strong></span> <span class='ocrx_word' id='word_1_393' title='bbox 623 4423 827 4517; x_wconf 83' lang='lat' dir='ltr'><strong>primoribu’</strong></span> <span class='ocrx_word' id='word_1_394' title='bbox 852 4422 1007 4490; x_wconf 80' lang='lat' dir='ltr'><strong>naribus.</strong></span> <span class='ocrx_word' id='word_1_395' title='bbox 1072 4500 1075 4505; x_wconf 17' lang='lat'><em>=</em></span> 
     </span>
    </p>
   </div>
   <div class='ocr_carea' id='block_1_3' title="bbox 1273 810 1287 853">
    <p class='ocr_par' dir='ltr' id='par_1_3' title="bbox 1273 810 1287 853">
     <span class='ocr_line' id='line_1_48' title="bbox 1273 810 1287 853; baseline 0 0"><span class='ocrx_word' id='word_1_396' title='bbox 1273 810 1287 853; x_wconf 71' lang='grc' dir='ltr'>ί</span> 
     </span>
    </p>
   </div>
   <div class='ocr_carea' id='block_1_4' title="bbox 0 0 1354 4972">
    <p class='ocr_par' dir='ltr' id='par_1_4' title="bbox 0 0 1354 4972">
     <span class='ocr_line' id='line_1_49' title="bbox 0 0 1354 4972; baseline 0 4"><span class='ocrx_word' id='word_1_397' title='bbox 0 0 1354 4972; x_wconf 95' lang='lat' dir='ltr'><strong> </strong></span> 
     </span>
    </p>
   </div>
  </div>
 </body>
</html>
