2700 4972
468 282 721 399 sarlei
760 328 817 396 111.
1113 360 1213 406 mu

152 504 247 571 Haud
267 503 323 569 tibi
342 486 534 591 inexpertum
554 524 663 581 urrros
685 498 874 588 deprendere
896 502 1018 587 mures,¹

64 614 220 701 Quaeque
242 613 332 677 docet
352 613 475 698 sapiens
494 611 640 685 braccatis
660 609 735 673 illita
755 607 859 673 Medis

63 702 223 803 Porticus,
244 720 395 785 insomnis
415 720 526 806 quibus
548 731 579 782 et
599 704 728 781 detonsa
747 720 889 795 juventus

63 826 237 910 Invigilat,
259 828 375 914 siliquis
397 840 429 890 et
449 826 556 908 grandi
575 839 662 915 pasta
684 827 823 911 polenta3

61 934 108 1001 Et
122 938 186 1017 tibi
204 958 282 1023 quae
303 933 427 999 Samios
451 932 570 999 diduxit
590 936 688 996 littera
710 916 829 1013 ramos,

63 1040 252 1125 Surgentem
273 1041 380 1107 dextro
402 1043 586 1107 monstravit
606 1043 703 1104 limite
725 1043 849 1103 callem:

65 1148 177 1213 Stertis
194 1148 319 1218 adhue?
364 1156 528 1237 laxumque
550 1160 641 1235 caput
663 1169 813 1233 compage
835 1150 935 1213 soluta

65 1254 187 1320 Oscitat
201 1237 389 1321 ‘hesternum
410 1257 533 1322 dissutis
556 1254 692 1341 undique
713 1256 828 1321 malis?

64 1363 124 1428 Est
143 1363 259 1450 aliquid
280 1389 343 1453 quo
353 1364 460 1440 ,tendis
481 1377 512 1428 et
530 1365 563 1426 iu
584 1363 670 1449 quod
692 1361 795 1443 dirigis
815 1363 943 1435 areum?
1013 1360 1016 1365 “

63 1472 115 1537 nn
134 1474 250 1558 passim
267 1473 404 1558 sequeris
416 1471 535 1536 'comos
554 1483 692 1556 testaque
713 1472 855 1555 lutoque,

64 1578 283 1667 Securumque
305 1601 361 1665 pes
381 1581 476 1658 ferat,
505 1589 596 1664 atque
618 1590 817 1664 err-tempore
839 1577 944 1643 vivis?

153 1730 355 1793 Helleborum
378 1728 506 1802 frustra,
540 1750 610 1791 cum
629 1731 693 1807 ,jam
716 1726 791 1790 cutis
813 1746 903 1806 aegra
924 1730 1069 1808 tumebit,

63 1836 235 1901 Poscentes
256 1834 379 1901 rideas:
422 1836 558 1900 venienti
578 1836 724 1897 occurrite
746 1835 875 1897 morbo!
950 1828 955 1839 '

63 1943 106 2007 Et
127 1943 204 2030 quid
224 1966 302 2030 opus
324 1942 448 2007 Cratero
470 1964 600 2023 magnos
617 1942 792 2029 promittere
811 1942 960 2007 mentes?

63 2052 202 2132 Discite,
231 2074 251 2114 ο
271 2050 390 2131 miseri,
419 2063 450 2114 et
472 2071 577 2113 causas
599 2050 772 2131 cognoscite
793 2070 912 2129 rerum,

64 2159 156 2240 Quid
176 2180 300 2239 sumus,
328 2170 360 2221 et
379 2156 527 2244 quidnam
547 2158 655 2223 victuri
677 2158 845 2239 gignimur,
875 2153 953 2219 ordo

66 2267 150 2349 Quis
172 2268 277 2347 datus,
306 2278 360 2331 aut
378 2278 480 2328 metae
502 2288 561 2353 qua
581 2267 684 2329 mollis
705 2266 821 2344 flexus,
847 2275 879 2326 et
898 2261 999 2346 unde;

66 2375 149 2457 Quis
169 2374 283 2439 modus
303 2384 445 2455 argentm
473 2371 546 2460 quid
567 2377 614 2437 fas
637 2385 758 2459 optare3
787 2371 861 2458 quid
882 2393 971 2467 asper

28 2472 32 2479 ⁵
65 2482 150 2547 Uu'le
169 2502 316 2547 nummus
335 2484 446 2563 habet3
475 2481 590 2569 patriae
610 2480 747 2567 carisque
767 2480 945 2567 propinquis

66 2586 231 2671 Quantum
249 2590 370 2673 elargiri
390 2589 518 2671 deceat3
549 2610 641 2674 quem
662 2600 693 2650 te
714 2587 803 2653 Deus
825 2610 893 2652 esse

67 2696 164 2761 Jussit
184 2708 216 2760 et
234 2680 371 2763 humana
392 2719 450 2783 qua
471 2708 557 2784 parte
579 2698 694 2760 locatus
717 2718 756 2760 es
771 2698 803 2758 in
825 2718 868 2759 re.

66 2802 180 2870 Disce:
223 2826 282 2869 nec
301 2802 457 2884 inrideas,
484 2803 568 2892 quod
588 2807 685 2866 multa
705 2802 808 2867 fidelia
829 2813 914 2890 putet

65 2912 104 3003 dn
124 2915 284 2999 locuplete·
297 2934 394 3000 penu,
424 2911 559 2977 defensis
578 2913 742 3000 pinguibus
763 2910 900 2989 UmbriS,

65 3019 106 3083 Et
126 3020 216 3109 piper
237 3030 268 3082 et
287 3041 415 3106 pernae,
445 3018 540 3084 Marsi
561 3031 762 3084 monumenta
785 3020 917 3095 clientis,

18 3142 23 3147 '
66 3129 243 3216 Maenaque
264 3126 348 3215 qued
368 3129 467 3214 prima
488 3128 629 3191 nondum
651 3126 796 3191 defecerit
820 3148 899 3189 orca.
951 3120 954 3125 ’

154 3276 234 3343 Heio
255 3279 361 3365 aliquis
383 3278 423 3341 de
445 3291 536 3360 gente
555 3279 676 3345 hircosa
698 3275 918 3361 Centrrrionum

65 3389 178 3454 Dicat:
222 3385 326 3469 Quod
345 3386 433 3450 satis
455 3397 528 3465 est,
559 3385 659 3475 cupio
680 3380 787 3453 mutia
815 3402 972 3473 aeaego
995 3407 1077 3453 curo

65 3495 156 3562 Esse
182 3490 274 3582 quod
294 3493 475 3560 Arcesilas
496 3490 763 3583 aerumnosique
784 3488 939 3577 Solones,
1047 3546 1051 3551 -
1139 3558 1143 3565 .

69 3602 217 3691 Obstipo
244 3602 359 3688 capite
382 3612 416 3671 et
433 3600 582 3693 figentes
603 3600 734 3669 lumine
760 3608 910 3681 terram,

67 3712 258 3779 Murmura
280 3734 360 3777 cum
383 3734 500 3779 aecum
520 3723 554 3777 et
576 3710 717 3778 rabiosa
738 3707 881 3775 silentia
902 3708 1031 3774 rodunt

54 3820 189 3915 *Atque
212 3830 414 3907 exporrecto
438 3818 654 3888 trutinantur
677 3816 784 3883 verba
807 3816 953 3899 labello,

70 3925 225 4018 Aegsoii
242 3929 369 3994 veteris
390 3928 600 3995 meditantes
617 3927 770 4011 somnia,
786 3937 790 3946 '
796 3925 902 4016 gigni

69 4036 129 4104 De
148 4034 262 4101 nihilo
279 4035 389 4117 nihil,
424 4021 461 4102 in
480 4035 627 4103 nihilum
648 4036 700 4100 nit
721 4058 822 4122 posse
842 4033 979 4101 reverti.

69 4142 152 4211 Hoc
172 4154 224 4209 eet
244 4145 337 4235 quod
351 4142 490 4233 palles?
519 4167 581 4210 cur·
595 4143 671 4232 quis
688 4167 756 4208 non
771 4142 963 4231 prandeat,
985 4142 1051 4209 troc
1067 4141 1148 4209 eat?
1170 4147 1212 4211 85

72 4312 79 4317 .
84 4308 193 4319 .-—·..--
197 4308 276 4317 -·.--..

140 4386 175 4439 V.
191 4386 236 4441 68.
261 4400 341 4454 quem
358 4384 449 4437 multia
476 4410 510 4421 ‹-
534 4381 568 4436 V.
586 4381 629 4435 78.
649 4379 718 4448 quod
734 4380 824 4448 rapio,
848 4380 914 4433 satir
930 4385 971 4433 est
987 4396 1021 4432 ar.
1049 4406 1080 4419 -
1114 4378 1148 4433 V.
1168 4377 1210 4434 st.

71 4456 200 4521 nihilum
223 4454 253 4507 ia
269 4471 296 4507 tt.
