2700 4972
199 347 205 355 ι
345 272 905 403 anraasnsarraaur
1063 322 1187 399 ‘ru

69 491 169 545 mtem
181 483 322 546 audires:
345 485 422 546 haec
439 485 573 547 efficacia
597 498 643 550 est
657 484 796 550 sublimis
816 472 1005 570 eloquentia,
1028 486 1094 551 sive
1111 508 1181 550 ora-

69 588 137 630 rem
153 571 239 649 legas
253 571 321 632 sive
340 570 481 656 poetam,
503 583 537 632 ut
551 570 642 634 docet
656 573 749 634 etiam
765 571 931 651 Longinus.

94 694 97 699 ·
125 657 200 719 125.
223 651 262 716 Si
269 651 371 740 sorte
390 654 529 742 aliquid
541 653 716 720 decoctius
730 653 856 738 audie]
876 656 1017 719 Electum
1034 679 1052 718 a
1069 679 1103 719 se
1124 679 1180 719 au-

69 750 170 801 torem
183 741 291 804 invitat
308 739 348 802 ad
361 742 525 804 lectionem
536 765 660 806 suarum
674 743 856 822 Satirarum,
878 741 934 805 sed
949 744 1006 820 ita,
1029 755 1062 804 ut
1074 746 1113 807 ab
1131 744 1179 805 in-
1243 806 1245 813 ,

69 847 91 886 :a
106 824 263 888 modestia
282 848 346 888 non
368 826 519 890 discedat:
541 832 609 909 lege
630 832 721 908 haec,
743 829 856 912 inquit,
884 829 910 890 si
931 839 1035 891 tamen
1056 841 1102 893 est
1124 829 1180 891 ali-

71 909 108 972 id
119 912 155 973 in
169 912 220 974 his
232 924 284 973 tua
298 914 429 976 lectione
444 936 507 975 non
521 914 702 995 indignu1n3
724 935 815 999 supra
831 912 932 977 idern:

126 1051 129 1056 .
454 997 486 1060 oi
498 995 598 1085 forte
620 997 705 1085 quid
725 997 840 1083 aptius
861 997 936 1061 exit
943 1020 957 1076 ,·
1137 1060 1140 1065 .

69 1077 135 1142 eei
149 1075 251 1166 forte
268 1103 300 1146 v.
322 1082 418 1156 Pasa]
440 1097 486 1148 est
506 1097 608 1149 autem
631 1083 806 1148 decoctius
826 1083 919 1153 idem
933 1106 969 1147 aa
988 1086 1179 1149 elaboratum

69 1166 226 1246 ligantias,
249 1179 282 1229 ut
295 1180 465 1249 unguenta,
491 1193 568 1255 quae
590 1193 628 1233 eo
650 1183 719 1234 sunt
740 1170 864 1233 acrioris
885 1168 1005 1249 odoris,
1027 1191 1089 1255 quo
1108 1168 1179 1233 diu-

69 1273 91 1314 s
104 1254 262 1334 coxerint3
284 1256 335 1317 rel
347 1254 451 1341 accipe
467 1277 524 1341 pro
544 1258 729 1337 castigatius,
748 1256 902 1319 limatius:
922 1252 1109 1341 decoquere
1131 1267 1178 1319 est

69 1338 192 1416 iuuere,
216 1338 389 1402 detrahere:
412 1353 445 1402 ut
464 1343 574 1404 minuit
591 1364 685 1427 aqua,
708 1340 783 1403 dum
805 1341 957 1426 coquitur,
978 1342 1021 1403 ita
1045 1352 1076 1405 et
1094 1338 1177 1403 docti

69 1424 145 1509 ripta
163 1446 233 1503 sua,
256 1426 309 1487 ubi
323 1429 419 1488 semel
434 1428 484 1488 illa
500 1426 687 1507 effuderunt,
710 1427 869 1508 diligenter
883 1428 1031 1507 castigant
1047 1426 1178 1513 plurima
1208 1490 1211 1497 ,

69 1509 245 1590 trahend03
267 1514 352 1589 eujus
371 1510 558 1576 decoctionis
579 1514 806 1576 nobilissimum
823 1514 999 1599 exemplum
1020 1511 1054 1573 in
1070 1510 1176 1575 diuino
1228 1514 1232 1531 ¹

69 1616 181 1658 arone:
204 1616 278 1657 nam
296 1597 346 1657 hic
359 1619 452 1659 mane
468 1620 653 1684 componere
672 1600 779 1662 solitus
795 1599 1026 1684 quinquagenos
1043 1609 1095 1661 aut
1128 1600 1177 1660 lu·
1224 1628 1227 1635 ·

69 1701 135 1743 reo
151 1702 278 1760 versus,
299 1685 376 1765 quos
392 1704 484 1768 opera
500 1685 672 1770 vespertina
689 1683 846 1765 redigebat
861 1684 900 1745 ad
919 1683 1017 1746 denos
1029 1695 1081 1744 aut
1097 1620 1177 1745 duo-

69 1787 142 1828 nos.
195 1763 401 1844 Quintilianus
421 1770 499 1830 libro
519 1768 560 1832 Π.
586 1790 652 1854 cap.
669 1767 725 1831 lV.
742 1767 788 1851 [ξ.
806 1775 826 1834 7
834 1768 862 1848 ]:
885 1766 1077 1831 Materiam
1101 1789 1176 1830 ease

69 1849 190 1913 'imum
203 1849 282 1914 volo
298 1851 353 1914 vel
365 1851 655 1916 abundantiorem
670 1861 775 1940 atque
789 1852 1003 1940 ultraquam
1017 1863 1176 1939 oporteat
1203 1878 1206 1889 ·

69 1956 166 2001 uam.
209 1935 364 2000 Multum
378 1935 458 2001 inde
473 1937 662 2025 decoquent
677 1938 763 2002 aarri
771 1986 781 2014 ,
806 1938 955 2002 multum
969 1942 1059 2001 ratio
1072 1936 1174 2001 lima-

69 2028 109 2098 t,
124 2020 261 2109 aliquid
277 2021 334 2086 uel
347 2044 412 2085 usu
427 2024 507 2109 ‚ipso
524 2023 711 2088 deteratur.
755 2023 902 2088 Sidonius
921 2024 962 2088 ad
981 2025 1117 2088 Probum
1135 2026 1174 2088 li-

69 2104 132 2172 ill.
155 2108 232 2189 [imo
252 2108 323 2190 Ν]
344 2111 448 2175 initio:
472 2133 550 2173 cum
572 2109 634 2173 ille
658 2106 770 2174 adhuc
791 2108 986 2174 aetatulam
1008 2118 1164 2173 troctram
1175 2117 1226 2171 160

69 2190 213 2262 abilam,
239 2202 415 2267 teneram,
445 2195 591 2259 crudam
608 2194 711 2259 modo
735 2195 968 2283 castigatoria
989 2193 1178 2260 severitate
1241 2224 1244 2235 ¹

69 2288 254 2364 coqueret,
278 2277 379 2343 modo
396 2280 642 2345 mandatorum
659 2279 866 2345 salubritate
883 2279 1058 2345 condiret.-
1077 2293 1175 2345 trans-

69 2366 101 2427 io
118 2378 165 2428 est
180 2367 319 2447 elegans3
341 2380 371 2430 at
386 2366 493 2430 Cicero
508 2372 601 2449 longe
616 2370 701 2431 aliter
717 2390 795 2431 voce
813 2367 924 2431 eadem
937 2389 1033 2446 usus,
1057 2390 1128 2429 cum
1141 2368 1175 2429 in

69 2452 117 2513 tio
135 2451 177 2513 de
191 2462 312 2515 oratore
329 2452 368 2533 [c.
381 2457 432 2531 26,
447 2453 474 2536 §.
493 2455 567 2535 103]
590 2457 655 2518 vult
667 2466 819 2516 oratorem
832 2457 946 2517 habere
961 2453 1174 2515 suauitatem

69 2544 212 2599 itteram
229 2546 270 2599 'et
290 2534 460 2615 solidam,
484 2562 550 2602 noa
574 2537 713 2603 dulcem
730 2549 833 2624 atque
849 2536 1043 2601 decoctam.-
1065 2539 1184 2602 sumsit

69 2624 259 2687 temerino
281 2646 347 2686 non
366 2627 469 2687 solum
491 2627 597 2705 colari,
627 2627 846 2689 verumetiam
869 2624 999 2710 decoqui
1019 2626 1109 2687 solito
1132 2623 1173 2687 ad

69 2709 170 2785 licias,
192 2721 226 2770 ut
240 2731 366 2772 omnem
380 2712 583 2774 austeritatem
595 2724 738 2798 poneret:
762 2711 844 2796 quod
857 2712 937 2781 inter
949 2712 1087 2773 luxuriae
1105 2732 1173 2775 cor-

69 2796 161 2861 otelas
176 2807 294 2859 veteres
307 2797 469 2881 scriptores
484 2819 576 2883 saepe
589 2809 713 2893 ponunt.
1005 2850 1008 2855 ,

69 2866 74 2881 i
117 2884 189 2943 126.
211 2877 296 2942 Iade
315 2891 489 2964 vaporata
516 2882 626 2946 lector
649 2879 738 2944 milri
763 2876 903 2967 ferveat
925 2880 1041 2960 aure]
1085 2878 1171 2966 Opto

69 2964 186 3044 ntingat
201 2967 278 3027 mihi
295 2967 450 3031 studiosus
467 2980 498 3030 et
511 2972 558 3031 fre
578 2991 654 3032 uens
667 2971 763 3030 lector
777 2989 816 3029 ex
830 2989 938 3029 eornm
951 2989 1098 3044 nurnero,
1121 2967 1173 3051 qui

68 3072 118 3113 res
133 3063 274 3136 purgatas
290 3055 406 3116 habent
417 3055 548 3116 lectione
559 2991 698 3134 diligenti
713 3053 824 3116 veteris
843 3049 1030 3115 Graecorum
1045 3073 1173 3113 comoe-

69 3140 118 3216 ae}
138 3133 176 3200 τὸ
184 3138 326 3216 ferveat
339 3141 389 3202 vel
405 3138 614 3202 assiduitatem
629 3139 750 3201 lectoris
769 3139 902 3222 alioquin
923 3138 981 3199 rari
996 3148 1096 3223 potest
1117 3136 1173 3199 de-
1234 3150 1238 3165 ¹

69 3233 154 3299 tare,
175 3225 227 3286 vel
240 3243 401 3286 numerum
418 3237 449 3286 et
458 3226 674 3310 frequentiam:
694 3218 835 3308 fervere
848 3223 938 3285 enim
962 3234 993 3284 et
1012 3222 1172 3302 negotium

69 3307 154 3386 itur,
177 3308 260 3393 quod
275 3322 397 3390 urgetur
410 3310 583 3391 diligenter,
606 3322 636 3372 et
651 3314 769 3387 forum,
799 3331 869 3370 cmn
890 3330 928 3370 eo
948 3309 1132 3369 concurritur
1152 3329 1171 3371 a

69 3393 132 3457 ultis
155 3395 210 3474 [sic
225 3397 317 3457 etiam
330 3396 466 3458 Turneb.
479 3396 556 3459 Adv.
570 3394 726 3475 XXVIII,
749 3400 790 3459 26
816 3406 846 3457 et
862 3397 899 3455 al.
920 3397 1069 3480 probante
1083 3394 1172 3469 xWe-

69 3500 124 3547 to:
148 3481 220 3543 satis
232 3483 328 3559 bene,
349 3483 376 3544 si
384 3477 528 3568 seruere
548 3482 586 3544 de
603 3485 700 3566 probo
717 3492 748 3543 et
761 3480 907 3544 laudabili
926 3480 1038 3543 affectu
1054 3479 1170 3540 dicere-

69 3586 93 3645 .·;
113 3584 154 3627 nn
174 3586 250 3630 vero
264 3579 445 3629 novatorem
459 3569 510 3629 hic
525 3568 663 3630 Persium
684 3568 834 3631 exstitisse
855 3566 992 3629 statuas?
1034 3565 1099 3626 Alia
1116 3586 1170 3626 ex-

70 3650 151 3713 catio
169 3650 336 3715 accusare
353 3652 421 3715 Jen.
438 3651 475 3718 G.
491 3654 527 3716 Ρ.
542 3655 667 3716 inventa
682 3665 743 3731 est,
766 3652 922 3715 aPlumio
938 3652 1072 3713 firmata:
1094 3644 1170 3732 fer·-

71 3756 110 3799 re
131 3734 193 3799 dici
206 3738 238 3801 h.
260 3741 280 3800 l.
303 3736 342 3800 de
360 3740 413 3817 iis,
437 3741 489 3823 qui
510 3738 670 3802 sudent·et
688 3748 826 3801 aestuent
844 3735 978 3822 pudore,
1006 3734 1091 3820 quod
1111 3735 1171 3798 sibi

86 3820 142 3884 uid
155 3844 224 3886 esse
237 3822 350 3886 dictum
364 3826 396 3886 in
404 3826 481 3888 libro
494 3826 678 3904 intelligant3
693 3824 910 3887 convenienter
920 3821 989 3885 usui
1002 3823 1170 3902 sermonis3

69 3844 238 3989 legendum
250 3932 318 3973 esse
331 3933 348 3972 e
360 3910 481 3990 Dresd.‚
497 3911 638 3989 Chemn.,
648 3911 799 3973 2Havnu.
815 3921 846 3971 et
859 3905 930 3970 edd.
943 3918 1031 3971 vett-2
1061 3900 1169 3986 Unde,

69 3992 111 4055 od
124 3993 164 4056 ad
181 3993 319 4081 aliquid
331 4000 462 4059 referas:
486 3999 513 4060 si
531 3994 605 4080 quid
622 4000 702 4057 forte
713 3997 757 4058 ibi
769 3995 922 4075 invenias,
944 4015 1057 4079 exque
1074 3996 1169 4056 lector

69 4079 178 4142 dorem
193 4083 290 4167 possit
304 4084 474 4168 concipere·
522 4080 585 4145 Sed
601 4102 672 4142 cum
683 4083 734 4144 his
747 4076 905 4165 'sequentia
924 4102 988 4141 non
1011 4079 1167 4158 coeunt!]3

69 4171 238 4251 porata'm
261 4188 385 4231 aurem
409 4168 485 4231 dixit
502 4167 542 4229 ad
563 4166 755 4230 medicorum
773 4161 1002 4248 καταιονήσεις
1026 4186 1061 4226 ac
1081 4168 1219 4246 fetosas)

69 4250 182 4316 ndens:
203 4255 235 4314 in
251 4255 354 4338 quinta
368 4255 450 4335 [fisslt
470 4262 644 4340 purgatae
660 4250 784 4316 laceris
798 4272 913 4315 aurea.
1261 4321 1264 4329 Ι

112 4344 185 4404 127.
208 4334 292 4402 Noa
308 4337 382 4414 laic,
405 4336 517 4424 quiin
540 4336 702 4424 crepidas
720 4335 802 4419 Ga]
826 4337 926 4417 Dixit,
947 4358 966 4399 a
985 4337 1093 4419 quibus
1111 4354 1167 4397 sua

69 4426 96 4488 it
117 4425 195 4506 legi3
218 4448 298 4488 nunc
319 4425 408 4504 dicit,
431 4446 448 4487 a
469 4427 577 4510 quibus
603 4425 699 4506 nolit3
718 4427 841 4489 illorum
861 4423 923 4485 duo
944 4442 1053 4503 genera
1077 4419 1166 4482 facit:
