2700 4972
55 268 121 332 282
422 258 830 335 COMMENTARIUS
859 260 864 269 “

57 437 102 499 ob'
125 436 231 499 oculos
254 432 452 521 spectandam
475 429 664 523 proponere,
699 434 771 521 quia
791 455 900 521 parum
928 435 1016 501 aliter
1034 438 1196 523 profecturi

58 522 134 585 rint:
157 515 200 585 άυ
212 517 273 623 pio
287 518 363 605 γάρ,
384 522 497 607 inquit,
514 522 642 605 σεμνῶς
656 518 765 605 εἴπῃς,
788 513 975 607 οάάυυήσῃ
999 516 1204 611 καθικέσθαι

58 609 121 671 τοῦ
135 600 336 683 άκουουσος·
357 602 417 672 totu
438 604 475 671 di
491 606 663 691 βουληθῇς
679 603 901 683 καθάψασθαι
924 608 1099 689 σφοδροῖς,
1123 602 1197 675 aiod-

58 713 143 794 pxpv
160 688 242 775 ἔχεις
258 686 498 777 άαογυμυῶσαι
513 690 720 776 σαφέστερον
731 688 770 755 τά
784 686 972 776 λεγόμενον.
1007 692 1095 757 Solet
1107 697 1195 760 etiam

58 801 92 841 m
108 800 178 841 eam
189 800 258 844 rem
274 780 404 859 chirurgi
418 781 593 863 exemplum
607 779 728 856 afferre,
752 779 819 862 qui,
842 787 875 839 ut
887 781 960 842 tabo
982 799 1018 841 ac
1031 781 1119 843 sanie
1131 803 1196 859 ma.

58 886 137 927 nans
150 865 236 927 ulcus
249 877 350 943 sanet,
371 886 435 926 non
453 876 575 928 veretur
594 865 652 926 sibi
667 885 777 926 manus
791 864 950 948 inquinare
970 874 1062 951 atque
1077 866 1111 927 in
1131 868 1195 931 ioe-

59 948 246 1013 fidissimum
280 972 316 1013 us
330 951 511 1013 immittere:
534 943 554 1012 d
571 944 700 1029 ἰατρὸς,
720 949 819 1034 inquit
836 951 869 1011 in
888 951 1024 1034 priorem
1039 949 1079 1012 ad
1086 951 1196 1035 ¹Corin-

59 1032 152 1114 thios‚
173 972 344 1119 onuaddvct
358 1032 509 1118 ἐκβαλεῖν
525 1030 730 1116 βουλόμενος
747 1027 789 1098 od
810 1038 941 1110 σκοπεῖ,
963 1038 1037 1111 πῶς
1049 1034 1197 1119 καθαράς

61 1117 265 1203 διαπορήσειε
277 1116 338 1197 σάς
348 1124 468 1204 χεῖρας,
492 1114 565 1184 ἀλλ’
581 1116 671 1195 ὅπως
685 1114 790 1183 edatio
803 1114 1002 1205 ἀπαλλάξειε
1009 1120 1196 1205 σηπεδόνος.

8 1204 170 1286 θλὸοιισειι
186 1206 370 1287 sententiam
389 1205 519 1269 totidem
543 1207 608 1268 iere
626 1207 728 1269 verbis
747 1226 841 1291 saepe
857 1206 985 1292 repetit,
1005 1206 1152 1293 idemque
1168 1210 1198 1272 in

60 1312 133 1356 eam
152 1288 194 1353 ad
211 1292 503 1357 Thessalonicenses
525 1289 773 1371 distinguendum
791 1303 915 1370 monet,
943 1302 1048 1355 utrum
1067 1292 1198 1359 dicantur

61 1374 216 1457 ejusmodi
236 1398 395 1442 sermones
414 1374 450 1455 ,ἐξ
471 1375 596 1440 οἰιαλου
618 1372 753 1452 πάθους
772 1396 813 1439 an
836 1370 1135 1462 άπάιιηάεμουλαςε
1162 1402 1196 1447 ex

62 1464 215 1549 loquentis
230 1463 341 1527 affectu
362 1484 401 1525 an
416 1461 541 1524 curandi
554 1463 721 1527 voluntate.
743 1532 748 1543 ἱ
1215 1484 1220 1491 ·

147 1544 186 1613 Si
201 1556 444 1613 unctus-cesses
459 1556 493 1609 et
507 1542 607 1633 figas
623 1543 659 1609 ιἰι
676 1554 754 1609 crate
770 1542 902 1627 aotam]
933 1546 1049 1636 Supra:

272 1640 307 1697 ct
320 1630 463 1697 assiduo
480 1640 602 1695 curato
617 1630 772 1696 cuticula
787 1630 869 1697 sole.

19 1778 22 1783 .
60 1718 164 1785 Nemo
187 1731 234 1783 est
257 1720 330 1807 quin
355 1720 431 1783 sciat
454 1720 545 1781 inter·
561 1719 695 1805 corporis
717 1718 947 1780 exercitationes
974 1718 1100 1783 usitatas
1122 1718 1196 1807 apud

63 1818 238 1889 gymnastas
261 1827 329 1871 esse
349 1805 583 1882 insolationem,
605 1804 732 1888 quaein
750 1804 835 1867 libris
855 1802 1049 1866 medicorum
1070 1798 1197 1889 ἡλλωσις
1221 1852 1226 1863 ,

64 1903 95 1953 et:
116 1885 273 1974 ἡλιοκαλα
295 1890 419 1969 dicitur,
447 1912 547 1975 neque
568 1889 698 1952 dubium
718 1889 941 1976 vituperatione
963 1892 1097 1954 caruisse
1116 1892 1197 1956 istam

65 1976 297 2056 insolationem,
320 1998 397 2061 quae
417 1997 456 2039 ex
471 1974 664 2037 medicorum
683 1976 869 2060 praescripto
889 1976 984 2037 fiebat
1005 1977 1199 2061 acquirendae

65 2064 199 2147 corporis
214 2058 354 2141 siccitati,¹
370 2073 402 2122 ut
419 2062 461 2122 ait
479 2062 629 2123 Arnobius
650 2061 728 2124 libro
746 2061 856 2147 primo.
899 2058 951 2122 sic
968 2074 1072 2124 narrat
1087 2064 1121 2125 in
1141 2065 1199 2150 epi·

63 2148 150 2210 stolis
162 2144 278 2211 Plinius
302 2144 369 2227 ull,
385 2145 424 2226 t.]
445 2147 569 2209 solitum
591 2145 776 2231 Spurinnam
795 2144 919 2208 curandi
940 2148 1077 2232 corporis
1096 2170 1195 2212 caussa

55 2233 96 2315 xin
115 2232 313 2299 sole'nudum
328 2232 494 2295 ambulare.
535 2231 644 2295 Attusit
657 2230 697 2293 ad
713 2232 796 2293 hunc
815 2252 942 2293 morem
954 2232 1078 2297 Marcus
1090 2233 1199 2299 Tullius

64 2320 200 2383 scribens
216 2318 256 2381 ad
273 2318 402 2381 Atticum
417 2318 495 2380 libro
511 2314 596 2395 ΧΠ,
618 2317 746 2404 epistola
761 2315 823 2380 VI:
843 2308 920 2402 pro‘
932 2315 998 2380 isto
1021 2340 1103 2382 asco
1123 2316 1201 2399 sole,

65 2424 130 2493 qno
148 2412 185 2466 tu
197 2402 322 2467 ιιάιιειισ
337 2422 373 2467 es
387 2400 423 2464 in
438 2412 554 2465 nostro
565 2400 728 2488 proculo,
750 2424 773 2465 α
799 2411 833 2465 te
849 2399 1000 2465 nitidum
1015 2404 1126 2469 solem
1143 2426 1200 2469 un·

66 2497 226 2575 etiamque
245 2490 465 2573 repetemus:
486 2490 616 2591 appellat
636 2486 745 2549 solem
765 2496 925 2567 unctum,
948 2512 1009 2575 quo
1031 2494 1203 2557 calefiebant

65 2575 163 2637 uncti:
185 2596 263 2661 quae
277 2574 334 2635 fuit
350 2572 534 2657 ξηραλοιφη
548 2586 703 2653 veterum3
725 2574 798 2635 huic
813 2576 943 2659 opponit
957 2574 1069 2639 solem
1082 2588 1202 2657 arsura,

65 2683 159 2747 quem
172 2660 259 2725 Plato
275 2661 308 2723 in
321 2658 461 2723 Phaedro
480 2658 520 2743 [p.
539 2664 611 2724 239.
630 2659 676 2738 C.]
697 2652 794 2741 ἥλιον
808 2657 962 2738 καθαρὰν
981 2665 1132 2749 appellat,
1153 2662 1216 2737 etsi.

67 2767 105 2809 eo
126 2747 187 2808 ioci
207 2744 294 2809 Plato
315 2746 374 2808 soli
398 2764 477 2831 puro
496 2766 560 2806 non
582 2756 706 2806 unctum
726 2746 827 2807 solem
852 2747 996 2830 opponit,
1024 2769 1135 2813 verum
1152 2746 1203 2825 τάς

67 2834 239 2915 συμμιγεῖς
263 2826 357 2904 σκιάς
374 2831 570 2894 balneorum:
601 2830 657 2893 sed
682 2830 740 2891 fuit
759 2831 819 2893 alia
838 2832 1023 2896 lascivorum
1044 2836 1204 2897 hominum

64 2918 223 2996 insolatio,
251 2914 373 3002 quando
394 2914 470 2978 nudi
486 2913 526 2977 ad
544 2918 644 2977 solem
664 2917 795 3000 expositi
815 2910 941 3003 operam
963 2917 1080 2982 dabant
1098 2920 1120 2983 d

67 3004 157 3081 cistis,
181 3004 234 3088 qui
244 3004 423 3065 inhonestas
435 3010 535 3086 partes
551 3001 684 3086 corporis
698 3001 880 3087 depilabant.
920 3002 1021 3081 [Plura
1035 3003 1077 3067 de
1095 3008 1144 3071 his
1184 3006 1204 3069 1.

67 3086 108 3151 ad
122 3088 173 3153 35.
192 3088 257 3168 56]
299 3088 385 3150 Haec
409 3098 456 3149 est
469 3083 544 3147 'cura
569 3087 644 3150 cutis
667 3084 707 3147 ad
730 3089 846 3166 solem,
868 3106 962 3172 quam
985 3092 1121 3171 exagitat
1140 3092 1206 3155 heic

66 3174 203 3252 Persiu„
216 3169 340 3261 figere
358 3170 394 3235 in
412 3179 487 3234 cute
506 3167 630 3251 solem,
651 3170 771 3256 podtica
784 3173 898 3253 figura,
919 3197 975 3260 pro
993 3178 1142 3241 exhibere
1157 3198 1207 3239 cu-

65 3260 123 3322 tim
137 3260 176 3322 ad
191 3262 293 3323 solem
308 3280 379 3321 cum
396 3256 583 3319 diuturniore
602 3278 704 3319 mora:
726 3260 787 3320 hoc
810 3258 894 3321 enim
916 3262 1066 3341 significat
1077 3259 1206 3353 figere.

16 3344 188 3415 84tSeneca
201 3344 251 3408 De
265 3344 412 3408 brevitate
426 3344 508 3405 vitae
521 3342 603 3422 [13]:
628 3340 792 3429 Persequi
813 3340 969 3432 cingulos
992 3346 1141 3446 longum
1152 3356 1208 3429 cat,
1241 3401 1243 3414 .

69 3449 216 3518 quorum
240 3439 302 3493 aot
323 3426 538 3491 lateruncttli
567 3435 629 3491 οιιλ
649 3426 726 3513 pila
753 3436 816 3491 caut
841 3430 1055 3518 excoquenda
1080 3432 1117 3497 in
1143 3431 1209 3497 sole

70 3515 227 3600 corporis
250 3536 336 3579 curo
363 3532 580 3579 consumsere
601 3510 721 3578 vitam.
771 3513 875 3578 Taceo
903 3540 985 3581 nunc
1013 3520 1211 3591 insolationes

69 3602 152 3691 apud
176 3599 405 3665 chromatiario's
427 3598 549 3679 εοέιυη,
579 3600 630 3684 qui
653 3602 787 3663 colorem
814 3598 854 3665 da
882 3602 1031 3668 industria
1050 3607 1113 3671 sibi
1132 3608 1212 3671 infu-

70 3691 205 3753 scabant.

156 3772 209 3839 34.
233 3770 301 3839 Eat
311 3790 422 3859 prope
436 3778 470 3833 te
486 3767 641 3857 ignotus,
665 3767 779 3833 cubito
796 3770 856 3858 qui
869 3776 1018 3862 tangat]
1042 3774 1078 3840 si
1092 3777 1214 3864 turpiter

71 3861 169 3939 vivas,
190 3860 356 3944 reperietur
369 3856 485 3943 aliquis,
503 3856 542 3918 de
558 3878 617 3941 quo
634 3855 763 3919 minime
777 3859 933 3939 cogitabis,
947 3863 1000 3947 qui
1016 3862 1126 3927 tacitus
1143 3884 1215 3927 conr

71 3948 181 4011 vitium
196 3946 251 4007 tibi
265 3945 357 4007 faciat
376 3956 406 4006 et
420 3964 533 4005 exosus
547 3942 710 4003 mollitiem
724 3954 809 4005 tuam
824 3956 855 4005 te
870 3945 989 4010 differat
1009 3959 1124 4034 tuaque
1137 3952 1214 4011 facta

73 4030 275 4115 ἃιαφημλζῃε
298 4026 412 4092 cubito
430 4035 593 4115 tangere,
616 4024 741 4110 α’γκιάυι
756 4023 909 4094 υύεσειυε
930 4032 987 4095 sed
999 4035 1070 4096 heic
1090 4036 1214 4115 figurate

73 4115 285 4204 accipiendum
296 4137 352 4201 pro
367 4137 400 4177 re
423 4112 607 4192 rehendere,
629 4116 770 4199 quamvis
785 4116 875 4179 tacita
891 4119 1086 4198 cogitatione.

71 4222 80 4237 ·’
160 4206 211 4268 85.
233 4199 281 4265 Et
294 4221 376 4262 acre
392 4136 555 4285 Bespuat
569 4196 605 4260 in
620 4202 758 4281 mores-J
782 4198 846 4278 Qui
865 4204 1048 4269 abominans
1061 4216 1134 4270 tuos
1145 4228 1214 4269 mo-

73 4310 122 4352 res
137 4290 214 4351 haec
228 4287 309 4351 dicat
334 4285 373 4355 tle
387 4298 434 4364 te,
457 4306 536 4371 quae
554 4296 737 4371 sequuntur3
764 4280 804 4350 cd
823 4282 972 4375 despuat
991 4289 1125 4355 duorum
1146 4313 1214 4357 ver-

72 4376 185 4437 borum
206 4376 310 4437 locum
328 4373 461 4452 obiciet,
491 4381 525 4433 ut
545 4372 660 4457 passim
680 4368 882 4439 καλασσάειυ
903 4398 960 4464 pro
983 4372 1214 4443 ιιαιαιστάουια
