2700 4972
393 352 460 418 IN
503 351 821 420 PERSIUM.
1107 376 1189 449 ¹aar

139 529 177 591 V.
202 532 252 595 13.
274 528 437 585 Proximus
456 524 645 605 expungam]
667 528 848 587 Tractums
870 527 1032 605 militibus,
1062 530 1116 607 qui
1136 546 1193 589 ex-
1275 564 1279 573 ·

49 617 161 700 puncti
191 615 350 688 dicuutur,
387 612 460 671 dum
482 613 562 671 seras
592 633 608 670 a
636 614 740 672 militia
767 616 956 674 emittuntur.
996 615 1074 675 Item
1094 624 1193 675 meta-

50 706 150 786 phora
163 722 180 759 a
192 701 281 775 bello,
303 699 418 774 inquo,
441 698 572 757 cedente
581 699 633 775 qui
647 703 760 779 primus
780 709 833 776 est,
855 702 1096 775 succenturiatur
1109 702 1193 761 alius.

140 788 177 849 V.
197 786 246 851 14.
269 787 366 855 Nerio
378 789 453 856 jum
474 789 570 858 tertio]
594 785 699 843 Nerius
721 796 819 846 morte
841 788 1003 868 conjugum
1024 788 1193 867 locupleta-

51 886 118 950 tus,
148 875 321 933 foenerator
341 879 386 929 est
406 871 505 928 factus
526 870 714 930 notissimus:
751 873 789 930 de
816 893 877 950 quo
904 874 1066 949 Horatius,
1096 873 1194 933 Scribe

52 964 157 1023 decem
179 960 283 1017 Nerio.
327 956 386 1014 Dos
409 956 489 1014 enim
510 977 526 1014 a
549 957 614 1015 cive
635 958 771 1016 Romano
795 958 880 1034 data,
909 980 971 1018 non
991 960 1092 1040 patrio
1113 959 1196 1018 dicta

52 1046 192 1120 nomine,
221 1045 246 1102 si
266 1042 426 1122 repudium
449 1062 509 1101 non
532 1042 743 1119 intervenerit,
773 1054 842 1124 post
865 1055 994 1106 mortem
1022 1044 1127 1105 uxoris
1155 1044 1195 1105 ad

54 1133 199 1194 maritum
220 1129 361 1209 pertinet.
1183 1164 1186 1171 -

141 1218 177 1278 V.
202 1221 252 1280 19.
285 1215 343 1275 Vis
365 1213 462 1285 Staio]
502 1212 601 1270 Staius
631 1221 715 1271 tutor
741 1213 918 1293 pupillarius
941 1215 1016 1275 suit:
1049 1216 1142 1275 Gutta
1164 1224 1196 1275 et

55 1304 167 1378 Albus,
190 1311 221 1359 et
241 1299 350 1358 caeteri
370 1297 549 1378 praepositi,
571 1299 696 1357 fuerunt
716 1299 847 1379 judiees:
870 1302 974 1379 quiin
995 1303 1122 1361 luniano
1143 1301 1196 1383 ju-

56 1392 134 1451 dicio
158 1386 310 1466 corrupti,
334 1384 534 1464 Oppianicum
557 1384 788 1463 damnaverupt¹

142 1475 180 1535 V.
202 1477 253 1541 26.
283 1473 335 1530 Aa
356 1473 430 1550 quio
451 1491 511 1527 non
521 1469 624 1549 fibris]
658 1471 694 1530 lu
720 1490 779 1531 usu
805 1469 884 1543 fuit.
911 1482 948 1530 ut
976 1492 1120 1551 augures,
1148 1473 1198 1533 vel

56 1561 208 1641 aruspices
235 1557 359 1616 adducti
382 1556 419 1614 de
443 1556 583 1631 Etruria,
608 1558 695 1617 certis
715 1558 903 1639 temporibus
926 1557 1050 1617 lulmiua
1072 1559 1197 1619 transfi-

55 1656 162 1729 gurata
181 1646 216 1704 in
237 1642 350 1722 lapides
372 1642 451 1700 infra
471 1652 587 1701 terram
605 1642 843 1721 absconderent,
864 1644 951 1727 eujus
972 1648 1005 1703 in
1028 1646 1198 1723 patratione

55 1734 99 1795 rei
120 1751 194 1792 oves
214 1728 459 1789 immolabantur.

90 1832 95 1853 ¹
141 1819 179 1879 V.
202 1820 255 1891 27,
282 1813 439 1893 Bidental]
462 1815 558 1871 Locus
580 1834 664 1872 sacro
677 1814 991 1893 percussuslulmine‚¹
1012 1814 1064 1892 qui
1077 1813 1198 1874 bidente

59 1904 94 1965 ab
115 1902 304 1983 aruspicibus
327 1909 535 1973 consecratur,
565 1919 653 1976 quem
675 1900 789 1958 calcare
811 1900 893 1958 nesae
914 1908 967 1962 est.
1053 1912 1059 1925 ¹

143 1991 180 2051 V.
205 1993 257 2053 36.
279 1988 375 2059 Nune
396 1988 501 2044 Licini
522 1988 554 2043 in
573 1991 707 2064 compos]
741 1986 870 2045 Licinius
892 1986 1015 2047 Crassus
1035 1984 1114 2061 inter
1135 1986 1199 2044 Ro-
1226 1987 1229 1994 “

57 2097 163 2138 menos
183 2071 450 2153 locupletissimus,
472 2070 540 2128 ideo
556 2073 643 2130 Dives
666 2073 901 2150 cognominatus.¹
943 2070 1004 2131 Alii
1024 2072 1134 2131 volunt
1148 2072 1201 2130 Li-

59 2164 172 2224 cinium
193 2170 348 2219 tonsorem
370 2179 405 2215 ac
424 2157 565 2217 libertum
587 2157 714 2237 Augusti
737 2158 869 2217 Caesaris
898 2158 1055 2236 significari
1075 2157 1199 2237 praedi-

59 2250 167 2310 vitem:
202 2246 289 2327 eujus
318 2245 534 2303 monimentum
563 2252 606 2302 est
627 2245 750 2323 pretiosi
774 2244 872 2323 operis
898 2244 948 2303 via
970 2244 1082 2302 Salaria
1104 2263 1199 2323 prope
1268 2256 1271 2263 ’

60 2336 197 2411 urbem,
213 2332 252 2391 ad
273 2330 404 2411 lapidem
425 2329 598 2390 secundum.
642 2331 685 2388 lle
705 2329 765 2388 hoc
786 2350 847 2388 non
869 2329 1064 2389 invenustum
1085 2329 1199 2389 Varro-

61 2422 105 2481 uis
129 2420 320 2500 Epigramma
341 2418 455 2475 fertur:
1280 2412 1285 2419 ’

230 2506 404 2563 Mamoreo
419 2505 548 2561 Licinus
562 2504 676 2563 mmulo
686 2505 791 2574 jacet:
813 2513 846 2560 at
862 2503 936 2562 Cato
944 2524 1064 2581 parvo:

272 2592 439 2667 Pompejus
457 2590 552 2647 nullo.
603 2590 678 2666 Quis
690 2602 778 2667 putet
794 2610 855 2647 esse
870 2591 977 2647 Deos?

147 2676 184 2736 V.
205 2678 257 2740 39.
281 2677 356 2733 Non
377 2675 501 2748 maudo]
522 2673 623 2733 Verbo
644 2695 716 2733 usus
738 2684 783 2735 est
804 2675 956 2754 aruspico,
979 2694 1048 2734 curn
1061 2673 1102 2731 eis
1124 2671 1201 2731 dici-

63 2774 130 2823 tur:
163 2760 275 2820 Mando
304 2761 375 2834 tibi,
408 2770 443 2818 ut
463 2760 628 2820 maximum
650 2763 753 2820 lovem
782 2760 893 2820 audias.
936 2761 978 2819 Ut
1003 2758 1201 2837 quemadmo-

64 2851 136 2910 dum
157 2847 382 2927 procurationis
404 2847 527 2905 assertio
549 2847 599 2922 fit,
624 2848 667 2905 ita
688 2846 743 2905 fiat
765 2856 795 2904 et
813 2848 845 2905 in
867 2847 975 2920 sacris,
999 2856 1030 2905 et
1050 2847 1082 2904 in
1104 2864 1200 2924 prece.

146 2934 184 2994 V.
207 2935 259 2999 42.
292 2936 461 3010 Metaque
489 2939 602 3006 crassa]
665 2934 776 2991 'l’uceta
804 2931 886 3012 apud
911 2932 1011 2990 Gallos
1037 2932 1202 3011 Cisalpinos

62 3020 177 3081 bubula
201 3019 329 3095 dicitur,
359 3017 555 3077 condimentis
578 3019 757 3096 quibusdam
779 3019 884 3077 crassis
906 3019 1015 3091 oblita,
1046 3038 1081 3076 ao
1101 3037 1202 3075 mace-

63 3117 149 3167 rata:
182 3114 213 3164 et
231 3105 299 3163 ideo
321 3113 386 3164 toto
410 3125 488 3162 anno
501 3104 611 3173 durat.
664 3105 745 3162 Solet
767 3105 854 3162 etiam
876 3105 1002 3183 porcina
1025 3103 1130 3162 eodem
1151 3120 1203 3181 ge-

63 3211 136 3253 nere
158 3191 284 3263 condita
307 3191 436 3265 servari,
459 3199 513 3248 aut
534 3191 574 3248 ad
595 3199 767 3249 saturarum
788 3190 866 3269 jura.
910 3188 989 3247 Hinc
1002 3188 1116 3247 Plotius
1132 3189 1203 3248 Vir-

62 3279 124 3359 gilii
145 3278 259 3337 amicus
279 3277 313 3335 in
335 3277 439 3334 eadem
460 3276 580 3353 regione
602 3285 647 3334 est
666 3273 992 3356 nominatus-(lisera)
1017 3276 1138 3334 Tuceta.

149 3364 186 3424 V.
210 3365 261 3429 56.
291 3365 381 3421 nram
400 3361 515 3439 fratrea
537 3366 613 3420 inter
632 3359 755 3440 ahenos]
785 3360 885 3420 Acron
914 3362 1023 3438 tradit,
1061 3362 1143 3439 quod
1171 3360 1204 3419 in
1240 3432 1244 3439 .

61 3450 186 3532 porticu
216 3449 361 3529 Apollinis
382 3449 508 3507 Palatini
534 3449 667 3507 suerunt
688 3447 856 3506 Danaidum
885 3446 1010 3526 effigies,
1045 3457 1076 3505 et
1098 3456 1204 3505 contra

64 3557 112 3596 sss
138 3536 197 3595 sub
224 3535 296 3595 divo
318 3535 448 3593 totidem
469 3543 618 3612 equestres
644 3534 778 3593 filiorum
799 3532 934 3613 Aegypti.
980 3534 1025 3591 Ex
1045 3533 1080 3591 iis
1105 3541 1204 3591 autem

63 3623 170 3683 statuis
184 3620 332 3700 quaedam
349 3621 525 3679 dicebantur
537 3621 758 3700 postulantibus
770 3638 825 3698 per
840 3628 979 3678 somnum
987 3619 1058 3677 dare
1074 3619 1205 3677 oracula.

150 3707 188 3768 V.
211 3707 263 3771 59.
285 3709 487 3784 Solonemque
508 3709 629 3784 impulit
650 3712 734 3779 aera]
764 3705 822 3763 Aes
843 3705 874 3764 in
897 3705 968 3762 aede
988 3705 1109 3763 Saturni
1131 3724 1206 3764 con-

66 3795 211 3869 debatur,
245 3793 382 3851 noudum
405 3800 526 3870 argento
548 3812 682 3870 auroque
704 3792 827 3870 signato.
870 3791 957 3849 Unde
979 3791 1127 3849 aerarium
1148 3810 1207 3849 no-

64 3898 137 3940 meu
158 3880 283 3958 accepit.
327 3879 399 3937 Fuit
420 3888 521 3937 autem
543 3880 615 3936 assis
635 3879 763 3953 libralis,
789 3886 819 3935 et
841 3876 1021 3956 dipondius,
1043 3877 1127 3955 quod
1146 3874 1207 3934 bo-

66 3965 169 4027 disin
191 3985 250 4025 usu
273 3964 430 4038 remansit,
465 3974 496 4023 et
515 3966 630 4023 solebat
656 3964 776 4043 pensari
801 3963 901 4043 potius
932 3983 1021 4040 quam
1044 3964 1208 4022 numerari:
1284 4008 1287 4013 ,

65 4052 149 4113 uude
169 4061 202 4111 et
222 4052 447 4132 Dispensatores
470 4051 543 4109 dicti
565 4050 633 4131 (pro
655 4048 834 4129 erogatores)
857 4058 1076 4128 prorogatores.

152 4138 191 4199 V.
214 4142 266 4203 70.
295 4140 425 4197 Donato
446 4159 467 4195 a
488 4140 606 4215 virgine
625 4140 761 4214 puppas]
797 4134 941 4194 Solebant
971 4135 1100 4214 virgines
1129 4142 1208 4207 ante,

68 4244 159 4305 wem
169 4224 338 4300 nuberent,
361 4221 508 4302 quaedam
522 4222 703 4303 virginitatis
725 4239 796 4280 suae
811 4219 890 4280 dona
904 4221 1012 4281 Veneri
1027 4236 1208 4280 consecrare.

13 4326 19 4335 '
67 4308 136 4385 Ποῖ
155 4318 188 4371 st
208 4310 307 4371 Varro
328 4311 441 4370 scribit.

148 4396 192 4475 V.
210 4400 267 4461 72.
288 4396 447 4455 Messalae
468 4396 556 4475 lippa
574 4395 741 4473 propago]¹
764 4394 885 4453 Cottam
904 4391 1095 4451 Messalinum
1124 4387 1207 4464 dicit,
1315 4443 1318 4450 .

71 4482 123 4573 qui
141 4480 208 4559 ism
227 4476 356 4547 vitiosos
377 4480 479 4542 oculos
505 4481 539 4540 in
565 4488 718 4541 senectute
744 4478 864 4559 babuit,
899 4489 936 4539 ut
956 4476 1116 4560 palpebrae
1144 4473 1208 4556 ejus
