2700 4972
27 402 30 409 ·
84 320 187 447 818ἱ
265 320 1039 455 1111511111110111111111111110,

460 540 846 657 raoururr.

16 722 91 795 (21⁰)
130 698 740 787 VidemrPersiusHoratiumincaeteris
750 710 874 798 quidem
882 707 990 776 Satiris
1001 708 1144 776 studiose
1157 710 1228 774 inri-

85 819 183 886 tatus,
203 808 238 870 iu
251 808 311 869 hoc
325 825 400 869 vero
410 802 504 866 stiam
518 802 687 864 aemulatus
700 809 731 862 et
744 799 776 860 in
791 809 945 861 certamen
963 797 1078 862 eruditi
1088 798 1227 861 carminis

84 917 159 961 unm
171 896 226 957 illo
242 889 427 955 descendere
439 908 541 951 ansus.
584 884 725 948 Stoicum
736 885 820 946 enim
832 883 1042 970 paradoxum,
1065 883 1152 970 quod
1166 882 1228 947 sin-

87 982 185 1063 gulari
206 989 365 1044 venrrstate
386 984 565 1038 tractaverat
584 971 729 1034 Horatius
747 969 899 1033 Sermone
921 968 994 1033 VII.
1016 971 1089 1035 libri
1104 969 1229 1035 wurndi

34 1066 271 1143 susannam,
293 1063 353 1127 alia
366 1061 419 1127 ria
430 1082 467 1123 ac
476 1060 594 1123 ratione
608 1056 728 1121 diversa
742 1054 893 1142 explicare
906 1067 954 1119 est
967 1076 1144 1137 aggressus.
1166 1054 1229 1119 Etsi

87 1163 191 1216 autem
205 1150 353 1212 eximimu
366 1157 413 1210 est
426 1147 580 1229 utriusque
595 1164 731 1220 carmen,
755 1164 821 1204 non
830 1153 935 1203 tamen
947 1153 1025 1246 puto
1041 1140 1230 1207 eruditonnn

18 1300 21 1305 .
87 1256 264 1323 quenquam
281 1245 464 1314 negaturum
482 1240 602 1293 tantum
626 1228 707 1291 inter
725 1229 806 1290 hanc
824 1223 922 1291 Persii
940 1228 1077 1291 Satiram
1101 1240 1133 1293 et
1148 1228 1229 1291 illam

87 1324 208 1387 Horatii
223 1343 291 1385 esse
305 1318 503 1385 discriminis,
526 1325 674 1400 quantum
688 1312 809 1376 differre
821 1315 923 1377 solent
941 1314 1092 1394 aretalogi
1109 1314 1229 1393 alicujus

88 1408 327 1473 declamationes
343 1404 383 1467 de
395 1405 506 1470 virtius
517 1412 549 1465 et
561 1400 643 1465 vitiis
657 1421 675 1463 a
709 1401 946 1486 bilosophorum
953 1398 1094 1463 diatribis
1108 1399 1148 1463 de
1154 1399 1231 1463 thesi

87 1495 244 1585 proposita
260 1502 398 1556 accurate
413 1485 635 1553 disserentium.
678 1421 817 1549 bmnino
833 1484 873 1548 de
887 1485 1046 1571 utriusque
1059 1486 1230 1549 horumin·

90 1582 181 1665 genio
196 1601 260 1641 non
274 1597 438 1664 possumus
454 1570 576 1637 aliunde
587 1570 698 1635 melius
712 1570 846 1651 judicare
861 1592 955 1656 quarn
969 1593 1010 1634 ex
1026 1572 1231 1665 comparatio-

88 1689 130 1730 ne
142 1667 268 1729 istarum
282 1660 410 1727 duarum
424 1660 605 1725 Satirarum:
626 1658 719 1719 ambo
737 1678 808 1719 cum
821 1656 941 1721 virtutis
953 1678 1099 1720 amorem
1109 1658 1231 1743 prolite-

89 1764 194 1817 rentur
207 1763 238 1814 et
256 1746 450 1835 philosophis
472 1743 649 1832 praesertim
666 1740 779 1805 Stoicis
798 1764 926 1829 operam
938 1755 1122 1822 narassent,
1144 1742 1232 1807 simili

90 1859 203 1921 genere
218 1835 359 1898 carminis
372 1853 476 1895 mores
487 1828 650 1893 hominurn
668 1849 791 1915 carpere
809 1838 899 1915 atque
912 1826 1081 1891 emendare
1096 1829 1233 1892 instituc-

91 1935 176 1987 runt:
197 1920 253 1986 scd
265 1923 317 1983 ille
332 1918 475 2005 quidem,
496 1906 603 1979 natura
622 1913 727 1977 irrisor
750 1925 840 2000 atque
863 1912 966 1993 dicax,
997 1915 1233 1978 conuenientem

90 2010 216 2089 ingenio
229 2026 395 2094 personam
409 2005 442 2066 in
455 2004 515 2064 hac
529 2000 626 2063 Satira
640 1998 776 2077 induxit,
801 2002 885 2078 cujus
894 2002 973 2063 sales
987 2010 1019 2061 et
1029 2002 1233 2063 urbanitatem

90 2096 195 2183 potius
213 2092 319 2155 laudes
339 2108 432 2176 quant
451 2085 657 2151 eruditionem
674 2085 780 2164 magni
799 2085 903 2155 facias.
955 2084 1067 2150 Davus
1091 2087 1234 2152 nimirum

92 2191 157 2259 est,
179 2180 232 2266 qui
245 2180 383 2243 libertate
395 2173 562 2239 Decembri
575 2172 667 2233 utitur
682 2191 779 2254 eaque
799 2170 961 2233 occasione
977 2173 1092 2233 herum
1115 2171 1157 2236 de
1176 2172 1233 2236 suis

90 2266 174 2331 vitiis
188 2276 219 2329 et
230 2264 326 2326 animi
340 2262 499 2338 servitute,
517 2279 577 2343 qua
593 2257 824 2329 erasistratus,
846 2255 1004 2320 admonet.
1046 2256 1174 2322 Persius
1182 2280 1233 2324 vs-

89 2370 147 2431 ro,
166 2351 265 2430 magis
281 2349 423 2410 doceres
445 2356 493 2408 tus
510 2365 603 2429 quam
615 2341 731 2421 ridere,
753 2352 835 2405 totus
849 2363 995 2415 severus,
1023 2353 1109 2406 totus
1129 2344 1233 2425 gravis,

92 2434 181 2499 dere
196 2435 411 2523 philosophica
424 2368 628 2516 disputaturus
639 2449 804 2513 personam
821 2429 948 2491 assumit
966 2427 1233 2515 philosophicamr

92 2525 178 2602 cujus
191 2532 291 2607 partes
306 2521 349 2581 sic
364 2528 464 2579 tuetur
475 2527 505 2577 et
519 2514 645 2599 perfecti
659 2511 757 2574 Stoici
774 2534 882 2576 omnes
895 2535 1041 2577 numeros
1057 2515 1102 2577 ita
1121 2517 1168 2579 im
1188 2519 1233 2597 let,

92 2618 182 2671 utne
193 2606 280 2670 Zeno
313 2602 420 2666 uidem
434 2603 519 2663 illam
537 2599 680 2685 Spartam
700 2598 810 2661 melius
830 2600 925 2662 fuisse
945 2611 1108 2665 ornaturus
1130 2539 1234 2667 vilea-

92 2702 153 2757 tur.
196 2690 260 2755 Sed
274 2627 315 2753 al
328 2688 500 2753 institutum
515 2698 654 2749 nostrum
670 2682 852 2749 redeamus:
875 2707 948 2747 narn
971 2686 1068 2748 etiam
1083 2688 1163 2750 baec
1182 2687 1234 2750 Sa-

94 2780 167 2860 tira,
187 2778 324 2841 maxime
342 2786 446 2838 autem
457 2771 608 2858 posterior
618 2770 802 2858 illiuspars,
828 2772 894 2836 suri
914 2772 1080 2836 Horatiani
1092 2774 1233 2839 ramentis

43 2882 46 2889 '
95 2886 161 2932 non
175 2864 281 2954 paucis
296 2873 343 2926 est
357 2880 489 2948 aspersa.

45 2962 99 3021 ⁵4⁵
186 2975 216 3035 1.
243 2959 394 3031 Vatibus
409 2960 466 3026 nic
481 2981 555 3024 mos
573 2963 645 3043 esa]
673 2959 818 3025 Horatius
834 2956 911 3041 [Sat.
926 2954 1001 3040 1‚2‚
1015 2962 1071 3043 86]
1082 2985 1091 3024 :

225 3048 383 3141 Regibus
395 3045 451 3112 lric
462 3070 536 3111 mos
548 3053 608 3109 est.

184 3156 215 3220 4.
241 3148 403 3219 Vulnera
416 3164 478 3213 seu
491 3146 626 3215 Parthi
640 3146 729 3229 clun]
753 3146 850 3212 Satira
865 3144 965 3233 prIma
978 3147 1049 3211 libri
1064 3147 1108 3233 Π,
1125 3173 1159 3217 v.
1180 3150 1234 3219 15:

227 3238 302 3307 Aut
314 3234 465 3302 labentis
478 3256 564 3321 equo
582 3232 747 3300 describit
762 3232 908 3298 vulnera
924 3231 1071 3304 Partlri.

186 3348 236 3411 10.
263 3337 317 3405 Tu
331 3360 438 3425 neqrse
451 3337 652 3418 anlrelanti,
676 3336 835 3426 coquitur
849 3334 934 3399 dum
951 3357 1073 3401 massa
1090 3336 1234 3418 camino,

99 3424 203 3491 Folle
219 3424 523 3513 permiscentes]
553 3427 625 3490 Non
646 3424 775 3489 dubium
797 3446 973 3511 expressam
992 3426 1184 3493 sententiam
1202 3446 1235 3491 ex

98 3514 166 3577 istis
179 3511 301 3578 Horatii
311 3510 376 3575 Sat·
387 3507 445 3577 IV.
459 3512 528 3573 libri
539 3510 565 3591 Ι,
579 3534 610 3577 r.
626 3517 665 3578 19
679 3534 761 3598 sqq.:

227 3612 280 3679 Al
299 3620 335 3677 111
351 3609 530 3676 conclusas
550 3610 693 3677 hircinis
727 3610 853 3677 ollibus
869 3633 976 3676 auras

234 3694 348 3784 Usque
363 3695 577 3777 laborantes,
601 3610 836 3787 dumfirrum
847 3696 988 3764 molliat
1007 3695 1115 3788 ignis,

235 3780 283 3849 Ul
297 3782 409 3849 nravis
422 3784 583 3850 imitare:

102 3903 133 3955 et
145 3891 291 3955 Horatius
306 3900 337 3953 et
349 3887 470 3952 Persius
488 3893 605 3952 malum
621 3886 762 3976 politam,
783 3887 840 3952 sed
855 3888 1002 3974 opinione
1022 3890 1073 3953 sui
1093 3891 1236 3969 inflatum,

100 3978 160 4039 hac
173 3977 317 4057 allegoria
328 3973 464 4037 irrident:
487 3977 652 4038 elationem
666 3974 759 4038 animi
773 3977 944 4062 ponebant,
966 3987 1001 4037 ut
1015 3988 1088 4040 ante
1101 3977 1235 4053 diximus,

101 4063 134 4125 iu
146 4065 312 4150 pulmone,
333 4083 425 4145 quem
438 4073 563 4147 uterque
578 4062 671 4148 polita
686 4061 768 4124 sollis
785 4062 990 4147 appellatione
1007 4062 1167 4145 irrtelligit3
1189 4084 1236 4125 co·

101 4145 176 4211 dem
189 4149 290 4224 simili,
314 4146 440 4209 sedalis
459 4149 520 4210 fine
534 4149 624 4210 utitur
630 4148 830 4233 Hippocrates
843 4148 877 4209 irr
890 4147 968 4209 libro
974 4146 1026 4210 De
1036 4148 1131 4212 corde
1147 4149 1236 4235 [prae-

100 4237 207 4297 sertim
224 4232 251 4316 ᾗ.
265 4232 297 4311 6]
320 4232 524 4317 respirationis
540 4235 739 4297 instrumenta
754 4232 936 4297 describens.
980 4232 1054 4297 Nou
1069 4235 1236 4321 simpliciter

101 4333 205 4382 autem
218 4319 290 4381 dicit
301 4317 445 4380 Horatius
488 4318 592 4381 selam
613 4330 805 4399 arrogantem
818 4320 909 4381 folles
928 4320 1089 4384 labrorum
1104 4320 1238 4384 ferrario·

102 4427 171 4467 rurn
185 4404 314 4483 imitari,
335 4402 392 4467 ssd
399 4342 512 4489 folles
527 4402 733 4480 laborantes,
756 4403 840 4466 dnm
848 4400 986 4487 ferrum
1002 4405 1123 4470 mollit
1133 4403 1237 4496 ignis:

102 4492 236 4580 optime:
259 4512 349 4570 nam,
370 4510 442 4553 cnm
465 4504 562 4555 cessat
581 4494 677 4572 faber,
699 4513 763 4553 non
778 4502 897 4572 turgent
916 4492 1008 4556 folles
1027 4514 1132 4582 neque
1152 4502 1236 4561 vento

569 4754 618 4863 f
