2700 4972
294 361 358 431 ao
379 351 549 436 rua'sn
577 364 799 434 sarram
819 367 845 435 1.
1140 377 1183 441 ιι

67 528 185 612 dandi,
207 530 264 596 sed
283 547 469 622 quopotest
485 535 527 601 ad
548 549 650 602 actum
668 539 783 626 pergit:
808 538 893 604 adeo
912 552 945 605 ut
965 510 1236 611 sidiuturniuslii9

67 619 128 680 erit
142 616 220 680 illud
231 619 508 721 impedimentum,
533 624 753 688 consuetudine
765 624 798 688 in
815 629 941 689 alteram
961 640 1102 693 nattuam
1112 652 1184 696 ver-

67 715 140 782 me,
163 715 268 789 spreto
280 706 379 769 mutili
387 730 508 789 organo
522 711 570 774 vis
582 713 633 773 illa
646 712 771 774 haereat
783 722 848 774 tota
860 733 956 798 penes
970 716 1098 778 alterum
1111 737 1187 778 ocu·
1269 743 1272 755 ·

67 811 124 853 m:
148 791 193 852 sic
207 787 286 852 Geta
298 792 439 892 quidam,
460 807 494 856 ut
506 807 606 858 narrat
626 796 796 882 Appianas,
819 818 889 859 cum
907 811 993 861 metu
1014 801 1187 867 triumvira-

67 897 77 938 ι
100 876 334 962 proscriptionis
352 882 433 964 pelle
460 881 545 942 alteri
565 884 654 944 oculo
676 883 820 967 imposita
847 883 966 947 luscum
984 906 1019 948 se
1040 886 1187 968 finxisset,

67 982 137 1040 tngo
150 972 222 1046 post
229 973 387 1049 tempore,
410 966 463 1029 ubi
474 968 642 1050 periculum
655 969 815 1046 evasisset,
832 965 952 1032 detecto
968 971 1057 1034 oculo
1068 974 1188 1037 luscum

67 1067 152 1131 eapse
163 1049 280 1109 factum
294 1070 329 1112 se
345 1062 393 1113 est
407 1063 557 1136 expertus.
589 1052 662 1116 Non
674 1053 913 1138 praetermittam
924 1056 1093 1122 luculentos
1109 1055 1188 1122 Gre»
1249 1059 1251 1063 ’

67 1133 120 1193 arii
130 1131 320 1280 {azippzeni
330 1156 424 1223 super
435 1139 497 1200 hoc
509 1158 634 1219 versus,
655 1139 688 1200 in
707 1139 848 1201 encomio
858 1138 1045 1222 'virginitatis
1059 1142 1108 1225 [v.
1122 1143 1188 1212 654

67 1224 117 1304 pq]
164 1239 195 1279 rc
241 1240 275 1282 e:
392 1224 395 1229 '
502 1224 505 1232 '

115 1312 208 1403 Ἤδη
223 1308 283 1385 ναί
295 1315 363 1385 τιν’
377 1314 499 1391 ὄπωπα
514 1317 673 1399 λιθοξόον
690 1317 730 1407 rii
747 1317 813 1389 τιν’
835 1314 943 1408 ἔρνων

122 1393 449 1488 Ἶδρινῦρνραιέων,
471 1405 633 1483 revocatis
645 1407 701 1474 καὶ
718 1405 918 1493 φράδμονας
929 1406 1066 1499 ἄνδρας,
1173 1448 1176 1459 ·

126 1485 250 1574 Ἰθείην
266 1491 452 1576 σιάθμησιν
466 1490 549 1579 ἐπὴν
562 1491 856 1580 διννειιμῄρωνται,
1097 1570 1100 1577 ,

126 1572 184 1641 Ἐκ
198 1577 293 1656 [edd.:
312 1573 382 1658 Ὡς]
398 1576 513 1661 φαέων
527 1576 642 1659 ἕτερον
655 1578 718 1664 μὲν
733 1577 800 1647 ὑπὸ
817 1577 1036 1667 βλεφάροισιν
1051 1581 1185 1670 ἔδησαν,
1225 1622 1227 1627 v

131 1664 190 1747 Τῷ
205 1658 240 1728 d'
252 1659 353 1749 ἑτέρῳ
366 1662 552 1747 πέμψαντες
565 1661 647 1730 ὅλον
662 1663 750 1751 φάος
765 1667 811 1744 εἰς
831 1666 870 1733 ἓν
883 1664 1038 1754 ἄγερθὲν

124 1742 289 1834 >ispanias
302 1744 472 1834 ἐτύχησαν.

125 1837 349 1933 (Quinetiam
371 1850 496 1917 latomi
514 1852 679 1932 solertes,
702 1844 827 1940 quique
840 1851 1019 1945 fabrilem

121 1934 166 2000 In
190 1935 300 2027 lignis
321 1946 435 2003 artem
457 1946 637 2017 exerceat,
662 1941 860 2004 cumliaco
885 1949 984 2005 recta

122 2021 317 2117 Quaeritur
338 2036 528 2112 exactaque
547 2046 658 2174 ‘appara
679 2047 721 2090 ca
748 2034 845 2090 tatur
866 2026 1027 2107 amussis,

119 2112 183 2173 Ea·
200 2108 312 2174 oculis
337 2130 445 2174 anam
466 2111 545 2193 clau
572 2119 634 2174 unt
649 2119 690 2183 ¹ot
724 2110 843 2175 umine
866 2122 937 2177 toto

118 2190 164 2258 In
187 2194 318 2258 ιοοῐιινι
332 2193 438 2283 juso,
462 2196 557 2260 visus
578 2195 722 2285 acieque
745 2206 881 2277 coacta,

120 2278 242 2345 Recto
263 2290 424 2367 sequente
446 2292 565 2347 tenent
588 2281 673 2345 doro
694 2281 847 2371 vestigia
866 2280 978 2368 ferro.
1022 2283 1117 2363 Mor.)

120 2390 175 2451 67.
199 2380 278 2447 Sive
295 2405 380 2470 opus
397 2383 437 2447 in·
448 2405 578 2462 mores,
602 2383 638 2449 ia
651 2382 790 2464 luxum,
814 2383 851 2448 in
864 2383 1020 2472 prandia
1036 2387 1183 2474 regum]
1264 2402 1267 2409 ·

67 2470 175 2535 nitatur
195 2471 363 2533 vanitatem
380 2474 470 2534 stulte
490 2484 520 2534 et
540 2471 596 2559 per
617 2471 826 2535 adulationem
846 2465 1051 2534 laudantium:
1075 2473 1185 2558 quibus
1268 2548 1271 2553 ¹
1296 2518 1299 2523 ,

67 2578 144 2619 uum
168 2567 216 2619 est
236 2557 368 2642 simplici
384 2555 559 2639 laudatione
573 2580 663 2637 eum,
686 2580 747 2643 quo
768 2557 942 2638 deagitur,
964 2559 1102 2638 afficere,
1124 2559 1185 2631 nisi
1264 2554 1267 2561 ’

67 2643 112 2705 ire
128 2641 317 2730 amplificent
331 2654 362 2704 et
381 2643 567 2724 singularem
587 2643 724 2707 hominis
745 2645 922 2707 facultatem
942 2643 1075 2723 cujusvis
1095 2665 1185 2725 argu-

67 2726 132 2791 enti
159 2750 284 2814 quoquo
305 2727 402 2790 modo
421 2727 568 2819 traptandi
588 2727 819 2816 depraedicant:
846 2726 904 2791 sed
925 2750 995 2790 cum
1014 2730 1071 2808 ait,
1102 2727 1183 2792 Sive

67 2832 121 2875 ιιιι
144 2810 181 2875 ia
205 2833 332 2889 mores,
354 2807 393 2878 vd
414 2833 499 2899 opus
520 2816 661 2879 bifariam
682 2825 785 2900 potest
807 2814 936 2900 exponi:
960 2815 1027 2878 sive
1047 2834 1125 2963 pptu
1144 2815 1185 2878 sit

84 2920 192 2965 mores
208 2899 331 2978 invehi,
351 2902 421 2983 vel:
442 2901 509 2964 sive
522 2922 600 2987 opus
614 2901 705 2963 fuerit
722 2900 894 2963 institutum
907 2901 946 2961 ab
963 2900 1017 2962 illo
1036 2920 1054 2961 a
1076 2921 1183 2965 versus

67 3006 142 3049 „ores
154 2984 230 3066 [hoc
245 3006 368 3066 verum3
390 2981 462 3048 sive
479 3007 543 3049 non
559 2996 706 3071 sequente
725 2986 820 3047 altero
834 2984 906 3046 sive
924 3005 992 3049 esse
1007 3006 1062 3071 pro
1080 2984 1136 3049 vel
1150 2982 1184 3048 si

67 3083 169 3157 terpp.
186 3083 257 3157 post
271 3070 366 3135 Orell.
381 3070 523 3135 viderunt
537 3083 568 3134 et
585 3070 747 3155 laudarunt
758 3068 973 3135 Wunderlieh.
995 3081 1024 3132 et
1041 3071 1180 3141 Huschk.

67 3142 205 3234 tithan,
220 3154 245 3234 I,
260 3160 289 3236 6,
305 3162 364 3236 213
385 3156 457 3220 Val.
470 3155 568 3218 Flacc.
580 3155 604 3236 I,
624 3162 686 3223 100
701 3152 774 3237 at.]:
798 3176 881 3240 opus
895 3165 999 3218 autem
1014 3151 1050 3216 in
1066 3175 1181 3218 morea

67 3241 214 3305 fluxum
225 3242 404 3328 interpretor
419 3241 458 3306 de
471 3241 590 3305 satirico
608 3242 735 3328 scripto:
758 3240 842 3326 quod
860 3239 1004 3303 ridentur
1023 3260 1060 3303 ea
1081 3251 1181 3319 aetate

68 3329 126 3392 ulti
134 3338 290 3413 tentasse,
318 3329 429 3414 partim
455 3327 587 3391 carmine
606 3327 750 3407 heroico,
776 3335 811 3389 ut
829 3325 969 3405 Persius,
992 3326 1103 3412 partim
1124 3348 1181 3413 per

67 3427 171 3477 turam
184 3414 288 3476 mixtis
303 3415 440 3478 oratione
459 3425 490 3476 et
503 3435 609 3492 versu,
630 3424 664 3475 ut
681 3411 858 3494 Petronium
879 3432 944 3474 non
963 3412 1111 3475 assentior
1123 3434 1180 3478 ve-

67 3500 257 3585 riinterpreti
272 3510 303 3560 et
315 3499 398 3578 aliis,
420 3500 473 3585 qui
488 3519 599 3562 morer
614 3497 654 3562 de
676 3496 838 3581 comoedia
859 3497 1025 3582 accipiunt,
1046 3495 1169 3560 luxum
1178 3505 1231 3563 110
1284 3516 1300 3540 -·

67 3615 70 3644 ι
85 3586 196 3650 satira:
217 3584 337 3671 pridem
352 3586 436 3647 enim
454 3583 634 3648 comoediae
649 3584 772 3670 scriptio
792 3581 914 3646 Romae
930 3584 1040 3663 frigere
1065 3605 1179 3669 coepe-

67 3685 82 3735 t.
129 3670 248 3734 Satirae
266 3681 369 3732 autem
383 3673 538 3750 objectum
558 3692 626 3735 esse
646 3691 710 3734 non
725 3690 823 3733 unum
839 3679 893 3730 aut
912 3670 1041 3731 alterum
1059 3670 1179 3749 vitium,

67 3757 84 3820 d
99 3757 134 3821 in
149 3758 330 3819 universum
349 3767 519 3843 corruptam
533 3757 726 3843 publicorum
738 3776 863 3829 morum
881 3750 1071 3838 disciplinam
1085 3776 1179 3841 saepe

67 3845 186 3906 rimus:
205 3839 361 3927 prandia
378 3862 501 3929 regum
516 3841 555 3905 de
571 3840 726 3922 tragoedia
748 3840 865 3926 accipio
887 3860 957 3901 cum
970 3841 1067 3903 veteri
1084 3841 1179 3905 inter-

67 3941 130 4009 ste,
152 3928 290 3992 maxime
305 3938 428 4014 propter
441 3929 498 3991 ista
515 3927 631 3991 Satirae
641 3928 682 3990 V.
697 3928 727 4004 [8
743 3924 818 4011 sq.]:

114 4029 156 4094 Si
178 4027 301 4117 quibus
323 4036 386 4090 aut
407 4025 561 4093 Procnes
583 4039 645 4092 aut
666 4025 698 4091 si
719 4025 842 4113 quibua
864 4024 939 4096 olla
961 4024 1133 4114 Thyestae

115 4113 296 4191 Ferveait,
321 4133 424 4200 saepe
449 4112 580 4178 insulso
606 4110 784 4178 coenando
809 4107 981 4200 Glyconi:

83 4223 196 4308 quibus
209 4229 327 4281 constat
340 4217 429 4281 nobis
445 4220 566 4306 saepius
580 4229 739 4282 tractatum
753 4239 771 4280 a
793 4215 922 4281 diversis
938 4213 1040 4301 poetis
1061 4214 1177 4279 Neroni

67 4310 210 4394 qualibus
238 4303 314 4366 illud
335 4316 565 4384 argumentum:
594 4315 738 4369 notemus
765 4315 869 4366 tamen
900 4299 1046 4386 loquendi
1070 4321 1176 4380 genus,

67 4394 150 4458 Tcere
167 4390 205 4455 in
220 4383 374 4476 prandia
397 4408 521 4476 regum
536 4412 592 4476 pro
612 4389 783 4470 tragoedias
800 4389 946 4466 scribere,
968 4407 1096 4471 quarum
1112 4386 1227 4471 hy-tttt

67 4483 179 4544 ›theses
194 4473 323 4564 prandia
334 4495 442 4554 regum
456 4477 638 4541 contineant.
661 4475 787 4556 [Probat
798 4474 893 4552 Pasa,
915 4471 968 4557 qui
984 4470 1073 4552 legit:
1094 4467 1174 4536 Sive

78 4564 194 4620 Οιιιιιιῠ.
204 4561 304 4615 ciam.
316 4558 354 4611 ad
367 4557 439 4612 Pers.
841 4638 846 4647 .
953 4561 976 4621 g
