<?xml version="1.0" encoding="UTF-8"?>
<!DOCTYPE html PUBLIC "-//W3C//DTD XHTML 1.0 Transitional//EN"
    "http://www.w3.org/TR/xhtml1/DTD/xhtml1-transitional.dtd">
<html xmlns="http://www.w3.org/1999/xhtml" xml:lang="en" lang="en">
 <head>
  <title>
</title>
<meta http-equiv="Content-Type" content="text/html;charset=utf-8" />
  <meta name='ocr-system' content='tesseract 3.04.00' />
  <meta name='ocr-capabilities' content='ocr_page ocr_carea ocr_par ocr_line ocrx_word'/>
</head>
<body>
  <div class='ocr_page' id='page_1' title='image "./satirarumliber00persgoog_0180.png"; bbox 0 0 2700 4972; ppageno 0'>
   <div class='ocr_carea' id='block_1_1' title="bbox 351 66 1206 180">
    <p class='ocr_par' dir='ltr' id='par_1_1' title="bbox 351 66 1206 180">
     <span class='ocr_line' id='line_1_1' title="bbox 351 66 1206 180; baseline 0.007 -6"><span class='ocrx_word' id='word_1_1' title='bbox 351 107 413 174; x_wconf 85' lang='lat' dir='ltr'><strong>ro</strong></span> <span class='ocrx_word' id='word_1_2' title='bbox 439 66 613 178; x_wconf 76' lang='lat' dir='ltr'><strong>rursu</strong></span> <span class='ocrx_word' id='word_1_3' title='bbox 639 108 866 177; x_wconf 82' lang='lat' dir='ltr'><strong>srrtasn</strong></span> <span class='ocrx_word' id='word_1_4' title='bbox 887 111 918 176; x_wconf 91' lang='lat'><strong>1.</strong></span> <span class='ocrx_word' id='word_1_5' title='bbox 1161 117 1206 180; x_wconf 85' lang='lat' dir='ltr'><strong>ss</strong></span> 
     </span>
    </p>
   </div>
   <div class='ocr_carea' id='block_1_2' title="bbox 11 277 1205 1691">
    <p class='ocr_par' dir='ltr' id='par_1_2' title="bbox 38 277 1203 525">
     <span class='ocr_line' id='line_1_2' title="bbox 59 277 1203 373; baseline 0.003 -26"><span class='ocrx_word' id='word_1_6' title='bbox 59 292 131 347; x_wconf 84' lang='lat' dir='ltr'><strong>sunt</strong></span> <span class='ocrx_word' id='word_1_7' title='bbox 144 281 182 345; x_wconf 88' lang='lat' dir='ltr'><strong>in</strong></span> <span class='ocrx_word' id='word_1_8' title='bbox 198 279 286 344; x_wconf 82' lang='lat' dir='ltr'><strong>tertia</strong></span> <span class='ocrx_word' id='word_1_9' title='bbox 296 277 413 347; x_wconf 85' lang='lat' dir='ltr'><strong>Satirae</strong></span> <span class='ocrx_word' id='word_1_10' title='bbox 426 284 518 363; x_wconf 86' lang='lat' dir='ltr'><strong>hujus</strong></span> <span class='ocrx_word' id='word_1_11' title='bbox 530 295 625 371; x_wconf 84' lang='lat' dir='ltr'><strong>parte.</strong></span> <span class='ocrx_word' id='word_1_12' title='bbox 666 282 762 349; x_wconf 83' lang='lat' dir='ltr'><strong>Recte</strong></span> <span class='ocrx_word' id='word_1_13' title='bbox 780 280 979 363; x_wconf 55' lang='lat' dir='ltr'><strong>milandars:</strong></span> <span class='ocrx_word' id='word_1_14' title='bbox 1000 304 1075 349; x_wconf 82' lang='lat' dir='ltr'><strong>nam</strong></span> <span class='ocrx_word' id='word_1_15' title='bbox 1090 306 1203 373; x_wconf 85' lang='lat' dir='ltr'><strong>puero-</strong></span> 
     </span>
     <span class='ocr_line' id='line_1_3' title="bbox 38 368 1202 460; baseline 0.004 -29"><span class='ocrx_word' id='word_1_16' title='bbox 38 390 130 449; x_wconf 81' lang='lat' dir='ltr'><strong>¹rum</strong></span> <span class='ocrx_word' id='word_1_17' title='bbox 153 368 277 449; x_wconf 83' lang='lat' dir='ltr'><strong>ingenia</strong></span> <span class='ocrx_word' id='word_1_18' title='bbox 300 368 395 431; x_wconf 85' lang='lat' dir='ltr'><strong>instar</strong></span> <span class='ocrx_word' id='word_1_19' title='bbox 409 390 556 434; x_wconf 82' lang='lat' dir='ltr'><strong>vasorum</strong></span> <span class='ocrx_word' id='word_1_20' title='bbox 577 382 661 452; x_wconf 87' lang='lat' dir='ltr'><strong>sunt,</strong></span> <span class='ocrx_word' id='word_1_21' title='bbox 684 382 846 460; x_wconf 85' lang='lat' dir='ltr'><strong>praecepta</strong></span> <span class='ocrx_word' id='word_1_22' title='bbox 866 373 961 435; x_wconf 88' lang='lat' dir='ltr'><strong>instar</strong></span> <span class='ocrx_word' id='word_1_23' title='bbox 978 371 1121 458; x_wconf 87' lang='lat' dir='ltr'><strong>liquoris:</strong></span> <span class='ocrx_word' id='word_1_24' title='bbox 1142 395 1202 459; x_wconf 88' lang='lat' dir='ltr'><strong>qua</strong></span> 
     </span>
     <span class='ocr_line' id='line_1_4' title="bbox 60 452 591 525; baseline 0.006 -10"><span class='ocrx_word' id='word_1_25' title='bbox 60 452 263 519; x_wconf 75' lang='lat' dir='ltr'><strong>similitudine</strong></span> <span class='ocrx_word' id='word_1_26' title='bbox 273 454 363 515; x_wconf 90' lang='lat' dir='ltr'><strong>multi</strong></span> <span class='ocrx_word' id='word_1_27' title='bbox 376 465 515 525; x_wconf 83' lang='lat' dir='ltr'><strong>veterum</strong></span> <span class='ocrx_word' id='word_1_28' title='bbox 532 458 591 520; x_wconf 88' lang='lat' dir='ltr'><strong>usi.</strong></span> 
     </span>
    </p>

    <p class='ocr_par' dir='ltr' id='par_1_3' title="bbox 62 536 1204 972">
     <span class='ocr_line' id='line_1_5' title="bbox 148 536 1203 628; baseline 0.002 -23"><span class='ocrx_word' id='word_1_29' title='bbox 148 544 204 605; x_wconf 84' lang='lat'><strong>80.</strong></span> <span class='ocrx_word' id='word_1_30' title='bbox 227 536 419 619; x_wconf 86' lang='lat' dir='ltr'><strong>Quaerisne</strong></span> <span class='ocrx_word' id='word_1_31' title='bbox 431 588 442 618; x_wconf 90' lang='lat'><strong>,</strong></span> <span class='ocrx_word' id='word_1_32' title='bbox 466 538 557 605; x_wconf 88' lang='lat' dir='ltr'><strong>unde</strong></span> <span class='ocrx_word' id='word_1_33' title='bbox 578 539 664 607; x_wconf 88' lang='lat' dir='ltr'><strong>lraec</strong></span> <span class='ocrx_word' id='word_1_34' title='bbox 685 551 830 628; x_wconf 80' lang='lat' dir='ltr'><strong><em>sartago</em></strong></span> <span class='ocrx_word' id='word_1_35' title='bbox 855 539 1019 625; x_wconf 88' lang='lat' dir='ltr'><strong>loquendi</strong></span> <span class='ocrx_word' id='word_1_36' title='bbox 1026 539 1061 622; x_wconf 71' lang='lat' dir='ltr'><strong>l]</strong></span> <span class='ocrx_word' id='word_1_37' title='bbox 1091 543 1203 607; x_wconf 80' lang='lat' dir='ltr'><strong>Mista-</strong></span> 
     </span>
     <span class='ocr_line' id='line_1_6' title="bbox 62 625 1202 711; baseline 0.004 -24"><span class='ocrx_word' id='word_1_38' title='bbox 62 646 128 687; x_wconf 88' lang='lat' dir='ltr'><strong>ram</strong></span> <span class='ocrx_word' id='word_1_39' title='bbox 139 627 339 711; x_wconf 87' lang='lat' dir='ltr'><strong>probatarum</strong></span> <span class='ocrx_word' id='word_1_40' title='bbox 350 637 382 689; x_wconf 89' lang='lat' dir='ltr'><strong>et</strong></span> <span class='ocrx_word' id='word_1_41' title='bbox 397 625 608 690; x_wconf 87' lang='lat' dir='ltr'><strong>damnatarum</strong></span> <span class='ocrx_word' id='word_1_42' title='bbox 624 628 793 690; x_wconf 80' lang='lat' dir='ltr'><strong>dictionum</strong></span> <span class='ocrx_word' id='word_1_43' title='bbox 808 630 841 690; x_wconf 91' lang='lat' dir='ltr'><strong>in</strong></span> <span class='ocrx_word' id='word_1_44' title='bbox 858 629 995 691; x_wconf 86' lang='lat' dir='ltr'><strong>oratione</strong></span> <span class='ocrx_word' id='word_1_45' title='bbox 1012 640 1104 692; x_wconf 82' lang='lat' dir='ltr'><strong>vocat</strong></span> <span class='ocrx_word' id='word_1_46' title='bbox 1121 650 1202 692; x_wconf 87' lang='lat' dir='ltr'><strong>aar·</strong></span> 
     </span>
     <span class='ocr_line' id='line_1_7' title="bbox 64 706 1203 799; baseline 0.006 -28"><span class='ocrx_word' id='word_1_47' title='bbox 64 709 223 798; x_wconf 81' lang='lat' dir='ltr'><strong>taginem</strong></span> <span class='ocrx_word' id='word_1_48' title='bbox 245 706 408 795; x_wconf 87' lang='lat' dir='ltr'><strong>loquendi</strong></span> <span class='ocrx_word' id='word_1_49' title='bbox 414 734 427 790; x_wconf 82' lang='lat'><strong>,-</strong></span> <span class='ocrx_word' id='word_1_50' title='bbox 449 715 580 776; x_wconf 87' lang='lat' dir='ltr'><strong>allusum</strong></span> <span class='ocrx_word' id='word_1_51' title='bbox 604 714 726 779; x_wconf 80' lang='lat' dir='ltr'><strong>videtur</strong></span> <span class='ocrx_word' id='word_1_52' title='bbox 750 713 789 776; x_wconf 89' lang='lat' dir='ltr'><strong>ad</strong></span> <span class='ocrx_word' id='word_1_53' title='bbox 812 735 909 799; x_wconf 88' lang='lat' dir='ltr'><strong>panes</strong></span> <span class='ocrx_word' id='word_1_54' title='bbox 929 713 1086 796; x_wconf 74' lang='grc' dir='ltr'><strong><em>ταγηνίας</em></strong></span> <span class='ocrx_word' id='word_1_55' title='bbox 1107 718 1203 792; x_wconf 88' lang='lat' dir='ltr'><strong>(narn</strong></span> 
     </span>
     <span class='ocr_line' id='line_1_8' title="bbox 63 792 1204 887; baseline 0.005 -29"><span class='ocrx_word' id='word_1_56' title='bbox 63 793 211 880; x_wconf 77' lang='grc' dir='ltr'><em>τάγηνον</em></span> <span class='ocrx_word' id='word_1_57' title='bbox 223 797 291 861; x_wconf 85' lang='lat' dir='ltr'><strong>sive</strong></span> <span class='ocrx_word' id='word_1_58' title='bbox 304 792 451 880; x_wconf 78' lang='grc' dir='ltr'><strong><em>τήγανον</em></strong></span> <span class='ocrx_word' id='word_1_59' title='bbox 468 809 612 887; x_wconf 83' lang='lat' dir='ltr'><strong>sartago</strong></span> <span class='ocrx_word' id='word_1_60' title='bbox 628 802 713 877; x_wconf 76' lang='lat' dir='ltr'><strong>estz)</strong></span> <span class='ocrx_word' id='word_1_61' title='bbox 734 800 891 861; x_wconf 81' lang='lat' dir='ltr'>Athenaeo</span> <span class='ocrx_word' id='word_1_62' title='bbox 904 810 994 884; x_wconf 86' lang='lat' dir='ltr'><strong>atque</strong></span> <span class='ocrx_word' id='word_1_63' title='bbox 1008 800 1074 863; x_wconf 88' lang='lat' dir='ltr'><strong>aliis</strong></span> <span class='ocrx_word' id='word_1_64' title='bbox 1090 801 1204 864; x_wconf 86' lang='lat' dir='ltr'><strong>descri-</strong></span> 
     </span>
     <span class='ocr_line' id='line_1_9' title="bbox 63 883 1203 972; baseline 0.004 -28"><span class='ocrx_word' id='word_1_65' title='bbox 63 895 148 967; x_wconf 91' lang='lat' dir='ltr'><strong>ptos,</strong></span> <span class='ocrx_word' id='word_1_66' title='bbox 173 883 225 967; x_wconf 90' lang='lat' dir='ltr'><strong>qui</strong></span> <span class='ocrx_word' id='word_1_67' title='bbox 241 884 415 947; x_wconf 80' lang='lat' dir='ltr'><strong>conflabant</strong></span> <span class='ocrx_word' id='word_1_68' title='bbox 432 908 449 947; x_wconf 90' lang='lat' dir='ltr'><strong>e</strong></span> <span class='ocrx_word' id='word_1_69' title='bbox 468 888 622 948; x_wconf 86' lang='lat' dir='ltr'><strong>variarum</strong></span> <span class='ocrx_word' id='word_1_70' title='bbox 636 907 739 949; x_wconf 88' lang='lat' dir='ltr'><strong>rerum</strong></span> <span class='ocrx_word' id='word_1_71' title='bbox 757 886 911 962; x_wconf 86' lang='lat' dir='ltr'><strong>miscella,</strong></span> <span class='ocrx_word' id='word_1_72' title='bbox 935 886 1067 964; x_wconf 87' lang='lat' dir='ltr'><strong>farinae,</strong></span> <span class='ocrx_word' id='word_1_73' title='bbox 1094 885 1203 972; x_wconf 82' lang='lat' dir='ltr'><strong>adipis,</strong></span> 
     </span>
    </p>

    <p class='ocr_par' dir='ltr' id='par_1_4' title="bbox 11 969 1205 1521">
     <span class='ocr_line' id='line_1_10' title="bbox 61 969 1205 1055; baseline 0.005 -25"><span class='ocrx_word' id='word_1_74' title='bbox 61 969 179 1047; x_wconf 64' lang='lat' dir='ltr'><strong>tuella,</strong></span> <span class='ocrx_word' id='word_1_75' title='bbox 199 970 329 1048; x_wconf 79' lang='lat' dir='ltr'><strong>sesami,</strong></span> <span class='ocrx_word' id='word_1_76' title='bbox 352 971 432 1033; x_wconf 88' lang='lat' dir='ltr'><strong>casei</strong></span> <span class='ocrx_word' id='word_1_77' title='bbox 457 983 488 1033; x_wconf 89' lang='lat' dir='ltr'><strong>et</strong></span> <span class='ocrx_word' id='word_1_78' title='bbox 508 974 663 1035; x_wconf 87' lang='lat' dir='ltr'><strong>similium.</strong></span> <span class='ocrx_word' id='word_1_79' title='bbox 706 972 753 1033; x_wconf 84' lang='lat' dir='ltr'><strong>An</strong></span> <span class='ocrx_word' id='word_1_80' title='bbox 771 971 892 1055; x_wconf 82' lang='lat' dir='ltr'><strong>respicit</strong></span> <span class='ocrx_word' id='word_1_81' title='bbox 914 969 954 1032; x_wconf 89' lang='lat' dir='ltr'><strong>ad</strong></span> <span class='ocrx_word' id='word_1_82' title='bbox 972 970 1133 1041; x_wconf 86' lang='lat' dir='ltr'><strong>stridorem</strong></span> <span class='ocrx_word' id='word_1_83' title='bbox 1154 974 1205 1036; x_wconf 90' lang='lat' dir='ltr'><strong>io-</strong></span> 
     </span>
     <span class='ocr_line' id='line_1_11' title="bbox 11 1045 1204 1140; baseline 0.004 -25"><span class='ocrx_word' id='word_1_84' title='bbox 11 1045 21 1062; x_wconf 75' lang='lat'><em>⁶</em></span> <span class='ocrx_word' id='word_1_85' title='bbox 63 1066 181 1135; x_wconf 86' lang='lat' dir='ltr'><strong>gratum</strong></span> <span class='ocrx_word' id='word_1_86' title='bbox 195 1072 312 1133; x_wconf 87' lang='lat' dir='ltr'><strong>rerum,</strong></span> <span class='ocrx_word' id='word_1_87' title='bbox 335 1076 413 1140; x_wconf 87' lang='lat' dir='ltr'><strong>quae</strong></span> <span class='ocrx_word' id='word_1_88' title='bbox 426 1057 620 1138; x_wconf 87' lang='lat' dir='ltr'><strong>insartagine</strong></span> <span class='ocrx_word' id='word_1_89' title='bbox 633 1057 806 1136; x_wconf 79' lang='lat' dir='ltr'><strong>frigunttu?</strong></span> <span class='ocrx_word' id='word_1_90' title='bbox 824 1054 889 1136; x_wconf 87' lang='lat' dir='ltr'><strong>[Sic</strong></span> <span class='ocrx_word' id='word_1_91' title='bbox 902 1055 1015 1136; x_wconf 81' lang='lat' dir='ltr'><strong>Pium]</strong></span> <span class='ocrx_word' id='word_1_92' title='bbox 1038 1057 1077 1119; x_wconf 91' lang='lat' dir='ltr'><strong>Ut</strong></span> <span class='ocrx_word' id='word_1_93' title='bbox 1100 1069 1204 1120; x_wconf 89' lang='lat' dir='ltr'><strong>autem</strong></span> 
     </span>
     <span class='ocr_line' id='line_1_12' title="bbox 13 1128 1204 1226; baseline -0.002 -19"><span class='ocrx_word' id='word_1_94' title='bbox 13 1202 16 1207; x_wconf 86' lang='lat'><strong>.</strong></span> <span class='ocrx_word' id='word_1_95' title='bbox 61 1140 184 1203; x_wconf 79' lang='lat' dir='ltr'><strong>Persius</strong></span> <span class='ocrx_word' id='word_1_96' title='bbox 197 1138 416 1226; x_wconf 81' lang='lat' dir='ltr'><strong>sartaginem</strong></span> <span class='ocrx_word' id='word_1_97' title='bbox 432 1128 473 1205; x_wconf 89' lang='lat' dir='ltr'><strong>de</strong></span> <span class='ocrx_word' id='word_1_98' title='bbox 486 1145 623 1206; x_wconf 89' lang='lat' dir='ltr'><strong>oratione</strong></span> <span class='ocrx_word' id='word_1_99' title='bbox 636 1143 726 1221; x_wconf 83' lang='lat' dir='ltr'><strong>dixit,</strong></span> <span class='ocrx_word' id='word_1_100' title='bbox 748 1143 792 1204; x_wconf 90' lang='lat' dir='ltr'><strong>sic</strong></span> <span class='ocrx_word' id='word_1_101' title='bbox 805 1140 943 1205; x_wconf 86' lang='lat' dir='ltr'><strong>Eubulus</strong></span> <span class='ocrx_word' id='word_1_102' title='bbox 955 1139 1089 1206; x_wconf 88' lang='lat' dir='ltr'><strong>Graecus</strong></span> <span class='ocrx_word' id='word_1_103' title='bbox 1107 1144 1204 1205; x_wconf 90' lang='lat' dir='ltr'><strong>comi-</strong></span> 
     </span>
     <span class='ocr_line' id='line_1_13' title="bbox 62 1220 1205 1375; baseline 0.004 -88"><span class='ocrx_word' id='word_1_104' title='bbox 62 1247 115 1290; x_wconf 88' lang='lat' dir='ltr'><strong>cus</strong></span> <span class='ocrx_word' id='word_1_105' title='bbox 127 1225 324 1375; x_wconf 58' lang='lat' dir='ltr'><strong>penatum</strong></span> <span class='ocrx_word' id='word_1_106' title='bbox 345 1228 516 1313; x_wconf 64' lang='lat' dir='ltr'><strong>patinarum</strong></span> <span class='ocrx_word' id='word_1_107' title='bbox 538 1250 650 1294; x_wconf 90' lang='lat' dir='ltr'><strong>sonum</strong></span> <span class='ocrx_word' id='word_1_108' title='bbox 672 1228 837 1314; x_wconf 81' lang='lat' dir='ltr'><strong>appellavit</strong></span> <span class='ocrx_word' id='word_1_109' title='bbox 854 1220 999 1313; x_wconf 77' lang='grc' dir='ltr'><strong><em>λάλημα,</em></strong></span> <span class='ocrx_word' id='word_1_110' title='bbox 1027 1227 1061 1292; x_wconf 91' lang='lat' dir='ltr'><strong>id</strong></span> <span class='ocrx_word' id='word_1_111' title='bbox 1083 1240 1129 1292; x_wconf 87' lang='lat' dir='ltr'><strong>est</strong></span> <span class='ocrx_word' id='word_1_112' title='bbox 1148 1226 1205 1292; x_wconf 90' lang='lat' dir='ltr'><strong>lo-</strong></span> 
     </span>
     <span class='ocr_line' id='line_1_14' title="bbox 11 1330 620 1383; baseline 0.008 -9"><span class='ocrx_word' id='word_1_113' title='bbox 11 1336 15 1383; x_wconf 93' lang='grc'><strong>·,</strong></span> <span class='ocrx_word' id='word_1_114' title='bbox 83 1330 126 1375; x_wconf 82' lang='lat' dir='ltr'><strong>ue</strong></span> <span class='ocrx_word' id='word_1_115' title='bbox 144 1330 226 1375; x_wconf 76' lang='lat' dir='ltr'><strong>amc</strong></span> <span class='ocrx_word' id='word_1_116' title='bbox 540 1360 543 1365; x_wconf 88' lang='lat'><em>-</em></span> <span class='ocrx_word' id='word_1_117' title='bbox 617 1374 620 1379; x_wconf 89' lang='lat'><strong>.</strong></span> 
     </span>
     <span class='ocr_line' id='line_1_15' title="bbox 11 1330 967 1521; baseline 0.004 -42"><span class='ocrx_word' id='word_1_118' title='bbox 11 1396 19 1433; x_wconf 56' lang='lat'><em>³</em></span> <span class='ocrx_word' id='word_1_119' title='bbox 61 1330 83 1397; x_wconf 62' lang='lat' dir='ltr'><em>q</em></span> <span class='ocrx_word' id='word_1_120' title='bbox 147 1408 460 1521; x_wconf 68' lang='lat' dir='ltr'><strong>Aondr&#39;nupldla,</strong></span> <span class='ocrx_word' id='word_1_121' title='bbox 487 1417 600 1503; x_wconf 89' lang='lat' dir='ltr'><strong>inquit,</strong></span> <span class='ocrx_word' id='word_1_122' title='bbox 622 1410 783 1501; x_wconf 78' lang='grc' dir='ltr'><strong><em>βαρβάρῳ</em></strong></span> <span class='ocrx_word' id='word_1_123' title='bbox 797 1412 967 1507; x_wconf 64' lang='grc' dir='ltr'><strong><em>λαλήματι,</em></strong></span> 
     </span>
    </p>

    <p class='ocr_par' dir='ltr' id='par_1_5' title="bbox 150 1498 821 1587">
     <span class='ocr_line' id='line_1_16' title="bbox 150 1498 821 1587; baseline -0.003 -20"><span class='ocrx_word' id='word_1_124' title='bbox 150 1500 331 1585; x_wconf 70' lang='lat' dir='ltr'><strong>autaut</strong></span> <span class='ocrx_word' id='word_1_125' title='bbox 360 1498 648 1586; x_wconf 79' lang='grc' dir='ltr'><em>ἰχθῦςὲνμέοοιοι</em></span> <span class='ocrx_word' id='word_1_126' title='bbox 657 1498 821 1587; x_wconf 81' lang='grc' dir='ltr'><strong>τηγάνοις.</strong></span> 
     </span>
    </p>

    <p class='ocr_par' dir='ltr' id='par_1_6' title="bbox 60 1599 1123 1691">
     <span class='ocr_line' id='line_1_17' title="bbox 60 1599 1123 1691; baseline 0.002 -26"><span class='ocrx_word' id='word_1_127' title='bbox 60 1599 232 1691; x_wconf 81' lang='lat' dir='ltr'><strong>Sartago,</strong></span> <span class='ocrx_word' id='word_1_128' title='bbox 257 1625 323 1670; x_wconf 81' lang='lat' dir='ltr'><strong>vox</strong></span> <span class='ocrx_word' id='word_1_129' title='bbox 337 1605 453 1687; x_wconf 82' lang='lat' dir='ltr'><strong>origine</strong></span> <span class='ocrx_word' id='word_1_130' title='bbox 464 1605 589 1689; x_wconf 82' lang='lat' dir='ltr'><strong>Syriaca</strong></span> <span class='ocrx_word' id='word_1_131' title='bbox 603 1620 687 1686; x_wconf 65' lang='lat' dir='ltr'><strong>otu,</strong></span> <span class='ocrx_word' id='word_1_132' title='bbox 709 1603 794 1669; x_wconf 87' lang='lat' dir='ltr'><strong>unde</strong></span> <span class='ocrx_word' id='word_1_133' title='bbox 808 1615 854 1668; x_wconf 88' lang='lat' dir='ltr'><strong>est</strong></span> <span class='ocrx_word' id='word_1_134' title='bbox 868 1620 956 1668; x_wconf 65' lang='grc' dir='ltr'><strong>οταν</strong></span> <span class='ocrx_word' id='word_1_135' title='bbox 970 1610 1123 1691; x_wconf 75' lang='lat' dir='ltr'><strong>sartago.</strong></span> 
     </span>
    </p>
   </div>
   <div class='ocr_carea' id='block_1_3' title="bbox 55 1698 1210 2826">
    <p class='ocr_par' dir='ltr' id='par_1_7' title="bbox 55 1698 1210 2826">
     <span class='ocr_line' id='line_1_18' title="bbox 143 1698 1203 1794; baseline -0.001 -21"><span class='ocrx_word' id='word_1_136' title='bbox 143 1710 197 1773; x_wconf 90' lang='lat'><strong>81.</strong></span> <span class='ocrx_word' id='word_1_137' title='bbox 237 1702 335 1771; x_wconf 86' lang='lat' dir='ltr'><strong>Unde</strong></span> <span class='ocrx_word' id='word_1_138' title='bbox 359 1706 456 1774; x_wconf 87' lang='lat' dir='ltr'><strong>istud</strong></span> <span class='ocrx_word' id='word_1_139' title='bbox 476 1706 654 1790; x_wconf 68' lang='lat' dir='ltr'><strong>dedecus]</strong></span> <span class='ocrx_word' id='word_1_140' title='bbox 685 1708 852 1794; x_wconf 82' lang='lat' dir='ltr'><strong>Corruptae</strong></span> <span class='ocrx_word' id='word_1_141' title='bbox 879 1708 928 1771; x_wconf 89' lang='lat' dir='ltr'><strong>elo</strong></span> <span class='ocrx_word' id='word_1_142' title='bbox 949 1698 1088 1785; x_wconf 81' lang='lat' dir='ltr'><strong>uentiac&#39;,</strong></span> <span class='ocrx_word' id='word_1_143' title='bbox 1118 1711 1203 1788; x_wconf 89' lang='lat' dir='ltr'><strong>cujus</strong></span> 
     </span>
     <span class='ocr_line' id='line_1_19' title="bbox 57 1729 1203 1879; baseline 0.003 -26"><span class='ocrx_word' id='word_1_144' title='bbox 57 1792 202 1859; x_wconf 84' lang='lat' dir='ltr'><strong>facinoris</strong></span> <span class='ocrx_word' id='word_1_145' title='bbox 214 1800 285 1857; x_wconf 78' lang='lat' dir='ltr'><strong>cuni</strong></span> <span class='ocrx_word' id='word_1_146' title='bbox 296 1791 414 1879; x_wconf 89' lang='lat' dir='ltr'><strong>pudere</strong></span> <span class='ocrx_word' id='word_1_147' title='bbox 430 1807 567 1859; x_wconf 82' lang='lat' dir='ltr'><strong>auctores</strong></span> <span class='ocrx_word' id='word_1_148' title='bbox 586 1794 726 1875; x_wconf 90' lang='lat' dir='ltr'><strong>deberet,</strong></span> <span class='ocrx_word' id='word_1_149' title='bbox 746 1795 791 1857; x_wconf 92' lang='lat' dir='ltr'><strong>illi</strong></span> <span class='ocrx_word' id='word_1_150' title='bbox 807 1804 910 1857; x_wconf 89' lang='lat' dir='ltr'><strong>contra</strong></span> <span class='ocrx_word' id='word_1_151' title='bbox 925 1729 965 1856; x_wconf 79' lang='lat' dir='ltr'><strong>de</strong></span> <span class='ocrx_word' id='word_1_152' title='bbox 978 1794 1090 1869; x_wconf 80' lang='lat' dir='ltr'><strong>teneris</strong></span> <span class='ocrx_word' id='word_1_153' title='bbox 1104 1795 1203 1858; x_wconf 86' lang='lat' dir='ltr'><strong>seusi-</strong></span> 
     </span>
     <span class='ocr_line' id='line_1_20' title="bbox 57 1878 1203 1967; baseline 0.001 -25"><span class='ocrx_word' id='word_1_154' title='bbox 57 1880 133 1959; x_wconf 82' lang='lat' dir='ltr'><strong>culis</strong></span> <span class='ocrx_word' id='word_1_155' title='bbox 146 1880 380 1944; x_wconf 88' lang='lat' dir='ltr'><strong>etsententiolis</strong></span> <span class='ocrx_word' id='word_1_156' title='bbox 390 1882 580 1945; x_wconf 82' lang='lat' dir='ltr'><strong>vibrantibus</strong></span> <span class='ocrx_word' id='word_1_157' title='bbox 601 1883 645 1945; x_wconf 91' lang='lat' dir='ltr'><strong>sic</strong></span> <span class='ocrx_word' id='word_1_158' title='bbox 668 1881 872 1967; x_wconf 88' lang='lat' dir='ltr'><strong>triumphant,</strong></span> <span class='ocrx_word' id='word_1_159' title='bbox 899 1878 986 1964; x_wconf 87' lang='lat' dir='ltr'><strong>quasi</strong></span> <span class='ocrx_word' id='word_1_160' title='bbox 1009 1879 1048 1943; x_wconf 89' lang='lat' dir='ltr'><strong>de</strong></span> <span class='ocrx_word' id='word_1_161' title='bbox 1071 1901 1104 1942; x_wconf 88' lang='lat' dir='ltr'><strong>re</strong></span> <span class='ocrx_word' id='word_1_162' title='bbox 1121 1882 1203 1944; x_wconf 88' lang='lat' dir='ltr'><strong>bene</strong></span> 
     </span>
     <span class='ocr_line' id='line_1_21' title="bbox 55 1964 1203 2047; baseline 0.001 -21"><span class='ocrx_word' id='word_1_163' title='bbox 55 1976 154 2045; x_wconf 82' lang='lat' dir='ltr'><strong>gesta.</strong></span> <span class='ocrx_word' id='word_1_164' title='bbox 197 1964 313 2043; x_wconf 83' lang='lat' dir='ltr'><strong>[Potius</strong></span> <span class='ocrx_word' id='word_1_165' title='bbox 329 1964 369 2029; x_wconf 89' lang='lat' dir='ltr'><strong>de</strong></span> <span class='ocrx_word' id='word_1_166' title='bbox 380 1969 591 2030; x_wconf 90' lang='lat' dir='ltr'><strong>obsoletorum</strong></span> <span class='ocrx_word' id='word_1_167' title='bbox 608 1969 773 2031; x_wconf 85' lang='lat' dir='ltr'><strong>verborum</strong></span> <span class='ocrx_word' id='word_1_168' title='bbox 786 1967 895 2028; x_wconf 85' lang='lat' dir='ltr'><strong>insano</strong></span> <span class='ocrx_word' id='word_1_169' title='bbox 911 1985 1017 2028; x_wconf 88' lang='lat' dir='ltr'><strong>amore</strong></span> <span class='ocrx_word' id='word_1_170' title='bbox 1030 1966 1203 2047; x_wconf 78' lang='lat' dir='ltr'><strong>intelligen-</strong></span> 
     </span>
     <span class='ocr_line' id='line_1_22' title="bbox 55 2048 1203 2140; baseline 0.003 -29"><span class='ocrx_word' id='word_1_171' title='bbox 55 2048 143 2113; x_wconf 88' lang='lat' dir='ltr'><strong>dum.</strong></span> <span class='ocrx_word' id='word_1_172' title='bbox 185 2050 262 2140; x_wconf 75' lang='lat' dir='ltr'><strong>Apte</strong></span> <span class='ocrx_word' id='word_1_173' title='bbox 273 2054 351 2115; x_wconf 89' lang='lat' dir='ltr'><strong>haec</strong></span> <span class='ocrx_word' id='word_1_174' title='bbox 364 2056 482 2116; x_wconf 82' lang='lat' dir='ltr'><strong>confert</strong></span> <span class='ocrx_word' id='word_1_175' title='bbox 494 2053 558 2117; x_wconf 78' lang='lat' dir='ltr'><strong>Pl:</strong></span> <span class='ocrx_word' id='word_1_176' title='bbox 583 2051 656 2133; x_wconf 83' lang='lat' dir='ltr'><strong>„Ita</strong></span> <span class='ocrx_word' id='word_1_177' title='bbox 669 2054 718 2115; x_wconf 91' lang='lat' dir='ltr'><strong>sui</strong></span> <span class='ocrx_word' id='word_1_178' title='bbox 730 2051 843 2114; x_wconf 87' lang='lat' dir='ltr'><strong>saeculi</strong></span> <span class='ocrx_word' id='word_1_179' title='bbox 857 2052 1060 2137; x_wconf 83' lang='lat' dir='ltr'><strong>corruptelam</strong></span> <span class='ocrx_word' id='word_1_180' title='bbox 1073 2053 1203 2136; x_wconf 87' lang='lat' dir='ltr'><strong>loquen-</strong></span> 
     </span>
     <span class='ocr_line' id='line_1_23' title="bbox 55 2131 1210 2223; baseline 0.001 -25"><span class='ocrx_word' id='word_1_181' title='bbox 55 2133 87 2197; x_wconf 94' lang='lat' dir='ltr'><strong>di</strong></span> <span class='ocrx_word' id='word_1_182' title='bbox 102 2136 240 2223; x_wconf 84' lang='lat' dir='ltr'><strong>querittrr</strong></span> <span class='ocrx_word' id='word_1_183' title='bbox 252 2138 477 2220; x_wconf 83' lang='lat' dir='ltr'><strong>Hieronymus:</strong></span> <span class='ocrx_word' id='word_1_184' title='bbox 500 2136 558 2201; x_wconf 87' lang='lat' dir='ltr'><strong>Ro</strong></span> <span class='ocrx_word' id='word_1_185' title='bbox 585 2160 604 2202; x_wconf 95' lang='grc' dir='ltr'><em>ο</em></span> <span class='ocrx_word' id='word_1_186' title='bbox 613 2182 624 2215; x_wconf 90' lang='grc'><em>,</em></span> <span class='ocrx_word' id='word_1_187' title='bbox 649 2156 735 2222; x_wconf 89' lang='lat' dir='ltr'><strong>quae</strong></span> <span class='ocrx_word' id='word_1_188' title='bbox 754 2143 834 2198; x_wconf 91' lang='lat' dir='ltr'><strong>sunt</strong></span> <span class='ocrx_word' id='word_1_189' title='bbox 846 2131 931 2198; x_wconf 80' lang='lat' dir='ltr'><strong>haec</strong></span> <span class='ocrx_word' id='word_1_190' title='bbox 946 2142 1110 2219; x_wconf 87' lang='lat' dir='ltr'><strong>portenta</strong></span> <span class='ocrx_word' id='word_1_191' title='bbox 1124 2155 1210 2219; x_wconf 57' lang='lat' dir='ltr'><strong>ver-⁸</strong></span> 
     </span>
     <span class='ocr_line' id='line_1_24' title="bbox 56 2218 1204 2309; baseline -0.001 -24"><span class='ocrx_word' id='word_1_192' title='bbox 56 2218 204 2297; x_wconf 59' lang='lat' dir='ltr'><strong>torum</strong></span> <span class='ocrx_word' id='word_1_193' title='bbox 222 2218 315 2309; x_wconf 80' lang='lat' dir='ltr'><strong>quod</strong></span> <span class='ocrx_word' id='word_1_194' title='bbox 329 2218 519 2286; x_wconf 84' lang='lat' dir='ltr'><strong>dedecus</strong></span> <span class='ocrx_word' id='word_1_195' title='bbox 578 2218 806 2307; x_wconf 77' lang='lat' dir='ltr'><strong>scriptionis?</strong></span> <span class='ocrx_word' id='word_1_196' title='bbox 826 2221 860 2283; x_wconf 90' lang='lat' dir='ltr'><strong>in</strong></span> <span class='ocrx_word' id='word_1_197' title='bbox 872 2220 995 2284; x_wconf 83' lang='lat' dir='ltr'><strong>lavian.</strong></span> <span class='ocrx_word' id='word_1_198' title='bbox 1012 2224 1034 2284; x_wconf 90' lang='lat' dir='ltr'><strong>l.</strong></span> <span class='ocrx_word' id='word_1_199' title='bbox 1050 2230 1077 2287; x_wconf 92' lang='lat'><strong>1.</strong></span> <span class='ocrx_word' id='word_1_200' title='bbox 1090 2232 1121 2284; x_wconf 91' lang='lat' dir='ltr'><strong>ct</strong></span> <span class='ocrx_word' id='word_1_201' title='bbox 1133 2242 1204 2285; x_wconf 88' lang='lat' dir='ltr'><strong>sae-</strong></span> 
     </span>
     <span class='ocr_line' id='line_1_25' title="bbox 56 2300 1205 2395; baseline -0.002 -24"><span class='ocrx_word' id='word_1_202' title='bbox 56 2308 116 2371; x_wconf 90' lang='lat' dir='ltr'><strong>culi</strong></span> <span class='ocrx_word' id='word_1_203' title='bbox 140 2310 296 2395; x_wconf 82' lang='lat' dir='ltr'><strong>sequentis</strong></span> <span class='ocrx_word' id='word_1_204' title='bbox 315 2307 425 2372; x_wconf 85' lang='lat' dir='ltr'><strong>itidem</strong></span> <span class='ocrx_word' id='word_1_205' title='bbox 445 2308 593 2373; x_wconf 89' lang='lat' dir='ltr'><strong>Sidonius</strong></span> <span class='ocrx_word' id='word_1_206' title='bbox 612 2309 811 2395; x_wconf 76' lang='lat' dir='ltr'><strong>Apollinaris:</strong></span> <span class='ocrx_word' id='word_1_207' title='bbox 852 2300 951 2368; x_wconf 84' lang='lat' dir='ltr'><strong>Unde</strong></span> <span class='ocrx_word' id='word_1_208' title='bbox 983 2303 1081 2369; x_wconf 86' lang='lat' dir='ltr'><strong>nobis</strong></span> <span class='ocrx_word' id='word_1_209' title='bbox 1110 2302 1205 2369; x_wconf 84' lang='lat' dir='ltr'><strong>illud</strong></span> 
     </span>
     <span class='ocr_line' id='line_1_26' title="bbox 58 2386 1204 2481; baseline -0.001 -26"><span class='ocrx_word' id='word_1_210' title='bbox 58 2390 226 2481; x_wconf 84' lang='lat' dir='ltr'><strong>loquendi</strong></span> <span class='ocrx_word' id='word_1_211' title='bbox 242 2392 405 2458; x_wconf 89' lang='lat' dir='ltr'><strong>tetricum</strong></span> <span class='ocrx_word' id='word_1_212' title='bbox 446 2416 530 2458; x_wconf 89' lang='lat' dir='ltr'><strong>eaus</strong></span> <span class='ocrx_word' id='word_1_213' title='bbox 551 2402 587 2457; x_wconf 88' lang='lat' dir='ltr'><strong>et</strong></span> <span class='ocrx_word' id='word_1_214' title='bbox 601 2391 875 2480; x_wconf 80' lang='lat' dir='ltr'><strong>perantiquum?</strong></span> <span class='ocrx_word' id='word_1_215' title='bbox 903 2386 1001 2454; x_wconf 84' lang='lat' dir='ltr'><strong>Unde</strong></span> <span class='ocrx_word' id='word_1_216' title='bbox 1017 2390 1082 2455; x_wconf 94' lang='lat' dir='ltr'><strong>illa</strong></span> <span class='ocrx_word' id='word_1_217' title='bbox 1097 2390 1204 2456; x_wconf 87' lang='lat' dir='ltr'><strong>verba</strong></span> 
     </span>
     <span class='ocr_line' id='line_1_27' title="bbox 58 2417 1204 2569; baseline 0 -28"><span class='ocrx_word' id='word_1_218' title='bbox 58 2476 221 2544; x_wconf 84' lang='lat' dir='ltr'><strong>Saliaria</strong></span> <span class='ocrx_word' id='word_1_219' title='bbox 235 2479 293 2545; x_wconf 79' lang='lat' dir='ltr'><strong>vel</strong></span> <span class='ocrx_word' id='word_1_220' title='bbox 306 2417 482 2566; x_wconf 64' lang='lat' dir='ltr'><strong>Sitytdna</strong></span> <span class='ocrx_word' id='word_1_221' title='bbox 500 2479 559 2549; x_wconf 80' lang='lat' dir='ltr'><strong>vei</strong></span> <span class='ocrx_word' id='word_1_222' title='bbox 572 2477 712 2543; x_wconf 82' lang='lat' dir='ltr'><strong>Sabinis</strong></span> <span class='ocrx_word' id='word_1_223' title='bbox 733 2476 883 2569; x_wconf 85' lang='lat' dir='ltr'><strong>abusque</strong></span> <span class='ocrx_word' id='word_1_224' title='bbox 908 2474 1056 2541; x_wconf 83' lang='lat' dir='ltr'><strong>Curibus</strong></span> <span class='ocrx_word' id='word_1_225' title='bbox 1074 2475 1204 2557; x_wconf 89' lang='lat' dir='ltr'><strong>accita,</strong></span> 
     </span>
     <span class='ocr_line' id='line_1_28' title="bbox 60 2561 1204 2653; baseline -0.003 -24"><span class='ocrx_word' id='word_1_226' title='bbox 60 2585 149 2651; x_wconf 83' lang='lat' dir='ltr'><strong>quae</strong></span> <span class='ocrx_word' id='word_1_227' title='bbox 173 2564 356 2653; x_wconf 81' lang='lat' dir='ltr'><strong>magistris</strong></span> <span class='ocrx_word' id='word_1_228' title='bbox 378 2566 583 2651; x_wconf 86' lang='lat' dir='ltr'><strong>plerumque</strong></span> <span class='ocrx_word' id='word_1_229' title='bbox 610 2561 835 2629; x_wconf 83' lang='lat' dir='ltr'><strong>reticentibus</strong></span> <span class='ocrx_word' id='word_1_230' title='bbox 851 2561 1023 2648; x_wconf 81' lang='lat' dir='ltr'><strong>promtius</strong></span> <span class='ocrx_word' id='word_1_231' title='bbox 1049 2561 1204 2627; x_wconf 78' lang='lat' dir='ltr'><strong>Fecistis</strong></span> 
     </span>
     <span class='ocr_line' id='line_1_29' title="bbox 58 2646 1204 2801; baseline -0.001 -87"><span class='ocrx_word' id='word_1_232' title='bbox 58 2649 191 2739; x_wconf 83' lang='lat' dir='ltr'><strong>aliquis</strong></span> <span class='ocrx_word' id='word_1_233' title='bbox 212 2660 275 2715; x_wconf 88' lang='lat' dir='ltr'><strong>aut</strong></span> <span class='ocrx_word' id='word_1_234' title='bbox 294 2648 443 2716; x_wconf 73' lang='lat' dir='ltr'><strong>Flamen</strong></span> <span class='ocrx_word' id='word_1_235' title='bbox 464 2660 526 2716; x_wconf 88' lang='lat' dir='ltr'><strong>aut</strong></span> <span class='ocrx_word' id='word_1_236' title='bbox 545 2660 746 2717; x_wconf 80' lang='lat' dir='ltr'><strong>veternosus</strong></span> <span class='ocrx_word' id='word_1_237' title='bbox 760 2646 940 2801; x_wconf 54' lang='lat' dir='ltr'><strong>iigalium</strong></span> <span class='ocrx_word' id='word_1_238' title='bbox 964 2649 1204 2735; x_wconf 77' lang='lat' dir='ltr'><strong>quaestionum</strong></span> 
     </span>
     <span class='ocr_line' id='line_1_30' title="bbox 60 2734 963 2826; baseline 0 -25"><span class='ocrx_word' id='word_1_239' title='bbox 60 2736 314 2826; x_wconf 84' lang='lat' dir='ltr'><strong>aenigmatista</strong></span> <span class='ocrx_word' id='word_1_240' title='bbox 325 2735 570 2825; x_wconf 75' lang='lat' dir='ltr'><strong>patefecerit?</strong></span> <span class='ocrx_word' id='word_1_241' title='bbox 591 2750 659 2802; x_wconf 90' lang='lat' dir='ltr'><strong>cett.</strong></span> <span class='ocrx_word' id='word_1_242' title='bbox 681 2737 739 2823; x_wconf 91' lang='lat' dir='ltr'><strong>Ep.</strong></span> <span class='ocrx_word' id='word_1_243' title='bbox 809 2734 855 2814; x_wconf 90' lang='lat'><strong>11,</strong></span> <span class='ocrx_word' id='word_1_244' title='bbox 880 2736 963 2815; x_wconf 86' lang='lat'><strong>16.“]</strong></span> 
     </span>
    </p>
   </div>
   <div class='ocr_carea' id='block_1_4' title="bbox 54 2834 1255 3443">
    <p class='ocr_par' dir='ltr' id='par_1_8' title="bbox 54 2834 1255 3443">
     <span class='ocr_line' id='line_1_31' title="bbox 146 2834 1202 2927; baseline -0.003 -21"><span class='ocrx_word' id='word_1_245' title='bbox 146 2845 200 2907; x_wconf 81' lang='lat'><strong>82.</strong></span> <span class='ocrx_word' id='word_1_246' title='bbox 227 2840 435 2919; x_wconf 74' lang='lat' dir='ltr'><strong>Tremulus]</strong></span> <span class='ocrx_word' id='word_1_247' title='bbox 457 2840 574 2915; x_wconf 85' lang='lat' dir='ltr'><strong>Notum</strong></span> <span class='ocrx_word' id='word_1_248' title='bbox 596 2842 648 2927; x_wconf 92' lang='lat' dir='ltr'><strong>qui</strong></span> <span class='ocrx_word' id='word_1_249' title='bbox 665 2839 787 2926; x_wconf 85' lang='lat' dir='ltr'><strong>proprie</strong></span> <span class='ocrx_word' id='word_1_250' title='bbox 810 2837 882 2900; x_wconf 87' lang='lat' dir='ltr'><strong>dicti</strong></span> <span class='ocrx_word' id='word_1_251' title='bbox 901 2838 963 2901; x_wconf 92' lang='lat' dir='ltr'><strong>sint</strong></span> <span class='ocrx_word' id='word_1_252' title='bbox 988 2834 1128 2902; x_wconf 82' lang='lat' dir='ltr'><strong>trossuli</strong></span> <span class='ocrx_word' id='word_1_253' title='bbox 1147 2838 1202 2916; x_wconf 82' lang='lat' dir='ltr'><strong>[cl.</strong></span> 
     </span>
     <span class='ocr_line' id='line_1_32' title="bbox 58 2917 1205 3009; baseline -0.002 -18"><span class='ocrx_word' id='word_1_254' title='bbox 58 2926 139 3009; x_wconf 79' lang='lat' dir='ltr'><strong>Pl];</strong></span> <span class='ocrx_word' id='word_1_255' title='bbox 161 2926 220 2991; x_wconf 88' lang='lat' dir='ltr'><strong>sed</strong></span> <span class='ocrx_word' id='word_1_256' title='bbox 231 2929 325 3008; x_wconf 79' lang='lat' dir='ltr'><strong>vulgo</strong></span> <span class='ocrx_word' id='word_1_257' title='bbox 339 2928 382 2990; x_wconf 90' lang='lat' dir='ltr'><strong>ita</strong></span> <span class='ocrx_word' id='word_1_258' title='bbox 396 2929 549 2991; x_wconf 83' lang='lat' dir='ltr'><strong>vocabant</strong></span> <span class='ocrx_word' id='word_1_259' title='bbox 563 2921 644 3001; x_wconf 78' lang='grc' dir='ltr'><strong>τούς</strong></span> <span class='ocrx_word' id='word_1_260' title='bbox 661 2919 814 3007; x_wconf 77' lang='grc' dir='ltr'><em>κομψοὺς</em></span> <span class='ocrx_word' id='word_1_261' title='bbox 831 2918 889 2987; x_wconf 75' lang='grc' dir='ltr'><strong><em>καὶ</em></strong></span> <span class='ocrx_word' id='word_1_262' title='bbox 906 2917 1129 3006; x_wconf 75' lang='grc' dir='ltr'><em>φιλοκάλους,</em></span> <span class='ocrx_word' id='word_1_263' title='bbox 1152 2926 1205 3008; x_wconf 88' lang='lat' dir='ltr'><strong>qui</strong></span> 
     </span>
     <span class='ocr_line' id='line_1_33' title="bbox 59 3008 1205 3099; baseline -0.003 -24"><span class='ocrx_word' id='word_1_264' title='bbox 59 3015 141 3075; x_wconf 88' lang='lat' dir='ltr'><strong>cultu</strong></span> <span class='ocrx_word' id='word_1_265' title='bbox 154 3024 187 3076; x_wconf 89' lang='lat' dir='ltr'><strong>et</strong></span> <span class='ocrx_word' id='word_1_266' title='bbox 198 3025 263 3076; x_wconf 89' lang='lat' dir='ltr'><strong>toto</strong></span> <span class='ocrx_word' id='word_1_267' title='bbox 276 3016 358 3077; x_wconf 78' lang='lat' dir='ltr'><strong>vitae</strong></span> <span class='ocrx_word' id='word_1_268' title='bbox 373 3033 485 3094; x_wconf 87' lang='lat' dir='ltr'><strong>genere</strong></span> <span class='ocrx_word' id='word_1_269' title='bbox 502 3013 626 3075; x_wconf 87' lang='lat' dir='ltr'><strong>caeteris</strong></span> <span class='ocrx_word' id='word_1_270' title='bbox 640 3023 794 3099; x_wconf 86' lang='lat' dir='ltr'><strong>praestare</strong></span> <span class='ocrx_word' id='word_1_271' title='bbox 812 3010 935 3073; x_wconf 75' lang='lat' dir='ltr'><strong>velent</strong></span> <span class='ocrx_word' id='word_1_272' title='bbox 963 3008 1063 3072; x_wconf 88' lang='lat' dir='ltr'><strong>Varro</strong></span> <span class='ocrx_word' id='word_1_273' title='bbox 1078 3008 1205 3094; x_wconf 85' lang='lat' dir='ltr'><strong>Sesqui-</strong></span> 
     </span>
     <span class='ocr_line' id='line_1_34' title="bbox 56 3091 1205 3185; baseline -0.007 -21"><span class='ocrx_word' id='word_1_274' title='bbox 56 3101 161 3181; x_wconf 77' lang='lat' dir='ltr'><strong>ulysse</strong></span> <span class='ocrx_word' id='word_1_275' title='bbox 178 3098 241 3185; x_wconf 91' lang='lat' dir='ltr'><strong>[ap.</strong></span> <span class='ocrx_word' id='word_1_276' title='bbox 253 3098 334 3164; x_wconf 86' lang='lat' dir='ltr'><strong>Non.</strong></span> <span class='ocrx_word' id='word_1_277' title='bbox 349 3121 380 3164; x_wconf 80' lang='lat' dir='ltr'><strong>r.</strong></span> <span class='ocrx_word' id='word_1_278' title='bbox 397 3096 574 3177; x_wconf 83' lang='lat' dir='ltr'><strong>trossuliJ:</strong></span> <span class='ocrx_word' id='word_1_279' title='bbox 597 3094 705 3160; x_wconf 85' lang='lat' dir='ltr'><strong>Nunc</strong></span> <span class='ocrx_word' id='word_1_280' title='bbox 720 3103 839 3159; x_wconf 90' lang='lat' dir='ltr'><strong>emunt</strong></span> <span class='ocrx_word' id='word_1_281' title='bbox 862 3092 1004 3157; x_wconf 85' lang='lat' dir='ltr'><strong>trossuli</strong></span> <span class='ocrx_word' id='word_1_282' title='bbox 1016 3092 1128 3157; x_wconf 91' lang='lat' dir='ltr'><strong>nardo</strong></span> <span class='ocrx_word' id='word_1_283' title='bbox 1145 3091 1205 3167; x_wconf 60' lang='lat' dir='ltr'><strong>ni,-</strong></span> 
     </span>
     <span class='ocr_line' id='line_1_35' title="bbox 55 3179 1202 3272; baseline -0.001 -26"><span class='ocrx_word' id='word_1_284' title='bbox 55 3181 124 3247; x_wconf 90' lang='lat' dir='ltr'><strong>tidi</strong></span> <span class='ocrx_word' id='word_1_285' title='bbox 142 3183 251 3272; x_wconf 73' lang='lat' dir='ltr'><strong>vulgo</strong></span> <span class='ocrx_word' id='word_1_286' title='bbox 266 3182 388 3249; x_wconf 90' lang='lat' dir='ltr'><strong>Attico</strong></span> <span class='ocrx_word' id='word_1_287' title='bbox 403 3181 535 3247; x_wconf 90' lang='lat' dir='ltr'><strong>talento</strong></span> <span class='ocrx_word' id='word_1_288' title='bbox 550 3204 685 3270; x_wconf 80' lang='lat' dir='ltr'><strong>equum.</strong></span> <span class='ocrx_word' id='word_1_289' title='bbox 717 3182 835 3245; x_wconf 88' lang='lat' dir='ltr'><strong>Seneca</strong></span> <span class='ocrx_word' id='word_1_290' title='bbox 847 3181 975 3267; x_wconf 84' lang='lat' dir='ltr'><strong>epistola</strong></span> <span class='ocrx_word' id='word_1_291' title='bbox 986 3179 1202 3245; x_wconf 81' lang='lat' dir='ltr'><strong>Lxxxvtl:</strong></span> 
     </span>
     <span class='ocr_line' id='line_1_36' title="bbox 57 3264 1203 3357; baseline -0.006 -24"><span class='ocrx_word' id='word_1_292' title='bbox 57 3265 215 3357; x_wconf 82' lang='lat' dir='ltr'><strong>Oquam</strong></span> <span class='ocrx_word' id='word_1_293' title='bbox 235 3290 396 3355; x_wconf 83' lang='lat' dir='ltr'><strong>cuperem</strong></span> <span class='ocrx_word' id='word_1_294' title='bbox 412 3267 467 3334; x_wconf 86' lang='lat' dir='ltr'><strong>illi</strong></span> <span class='ocrx_word' id='word_1_295' title='bbox 481 3269 650 3352; x_wconf 81' lang='lat' dir='ltr'><strong>[Censorio</strong></span> <span class='ocrx_word' id='word_1_296' title='bbox 667 3268 794 3348; x_wconf 83' lang='lat' dir='ltr'><strong>Catoni]</strong></span> <span class='ocrx_word' id='word_1_297' title='bbox 814 3287 904 3330; x_wconf 88' lang='lat' dir='ltr'><strong>nunc</strong></span> <span class='ocrx_word' id='word_1_298' title='bbox 927 3287 1110 3330; x_wconf 88' lang='lat' dir='ltr'><strong>occurrere</strong></span> <span class='ocrx_word' id='word_1_299' title='bbox 1131 3264 1203 3329; x_wconf 89' lang='lat' dir='ltr'><strong>ali-</strong></span> 
     </span>
     <span class='ocr_line' id='line_1_37' title="bbox 54 3352 1255 3443; baseline -0.004 -24"><span class='ocrx_word' id='word_1_300' title='bbox 54 3376 160 3443; x_wconf 78' lang='lat' dir='ltr'><strong>quam</strong></span> <span class='ocrx_word' id='word_1_301' title='bbox 178 3379 222 3421; x_wconf 78' lang='lat' dir='ltr'><strong>ex</strong></span> <span class='ocrx_word' id='word_1_302' title='bbox 242 3353 296 3421; x_wconf 77' lang='lat' dir='ltr'><strong>liis</strong></span> <span class='ocrx_word' id='word_1_303' title='bbox 315 3353 473 3421; x_wconf 86' lang='lat' dir='ltr'><strong>trossulis</strong></span> <span class='ocrx_word' id='word_1_304' title='bbox 489 3354 526 3419; x_wconf 90' lang='lat' dir='ltr'><strong>in</strong></span> <span class='ocrx_word' id='word_1_305' title='bbox 542 3353 603 3419; x_wconf 81' lang='lat' dir='ltr'><strong>via</strong></span> <span class='ocrx_word' id='word_1_306' title='bbox 616 3352 805 3418; x_wconf 85' lang='lat' dir='ltr'><strong>divitibus!</strong></span> <span class='ocrx_word' id='word_1_307' title='bbox 1203 3352 1255 3407; x_wconf 80' lang='lat'><strong>122</strong></span> 
     </span>
    </p>
   </div>
   <div class='ocr_carea' id='block_1_5' title="bbox 53 3449 1321 4052">
    <p class='ocr_par' dir='ltr' id='par_1_9' title="bbox 53 3449 1321 4052">
     <span class='ocr_line' id='line_1_38' title="bbox 137 3449 1203 3545; baseline -0.01 -24"><span class='ocrx_word' id='word_1_308' title='bbox 137 3454 294 3522; x_wconf 83' lang='lat' dir='ltr'><strong>Exultat</strong></span> <span class='ocrx_word' id='word_1_309' title='bbox 310 3456 377 3522; x_wconf 86' lang='lat' dir='ltr'><strong>tibi</strong></span> <span class='ocrx_word' id='word_1_310' title='bbox 390 3480 456 3545; x_wconf 84' lang='lat' dir='ltr'><strong>per</strong></span> <span class='ocrx_word' id='word_1_311' title='bbox 471 3454 637 3522; x_wconf 83' lang='lat' dir='ltr'><strong>subsellia</strong></span> <span class='ocrx_word' id='word_1_312' title='bbox 650 3454 694 3537; x_wconf 83' lang='grc'><strong>1.]</strong></span> <span class='ocrx_word' id='word_1_313' title='bbox 725 3457 846 3527; x_wconf 77' lang='lat' dir='ltr'><strong>iactitat</strong></span> <span class='ocrx_word' id='word_1_314' title='bbox 871 3476 940 3518; x_wconf 88' lang='lat' dir='ltr'><strong>sese</strong></span> <span class='ocrx_word' id='word_1_315' title='bbox 960 3453 1040 3515; x_wconf 86' lang='lat' dir='ltr'><strong>inter</strong></span> <span class='ocrx_word' id='word_1_316' title='bbox 1058 3449 1203 3531; x_wconf 86' lang='lat' dir='ltr'><strong>eruditos,</strong></span> 
     </span>
     <span class='ocr_line' id='line_1_39' title="bbox 54 3537 1205 3629; baseline -0.007 -23"><span class='ocrx_word' id='word_1_317' title='bbox 54 3554 86 3606; x_wconf 90' lang='lat' dir='ltr'><strong>ut</strong></span> <span class='ocrx_word' id='word_1_318' title='bbox 96 3564 171 3607; x_wconf 85' lang='lat' dir='ltr'><strong>eum</strong></span> <span class='ocrx_word' id='word_1_319' title='bbox 184 3545 218 3607; x_wconf 90' lang='lat' dir='ltr'><strong>in</strong></span> <span class='ocrx_word' id='word_1_320' title='bbox 231 3547 385 3610; x_wconf 89' lang='lat' dir='ltr'><strong>subselliis</strong></span> <span class='ocrx_word' id='word_1_321' title='bbox 398 3544 485 3611; x_wconf 91' lang='lat' dir='ltr'><strong>sedet</strong></span> <span class='ocrx_word' id='word_1_322' title='bbox 497 3555 549 3607; x_wconf 90' lang='lat' dir='ltr'><strong>aut</strong></span> <span class='ocrx_word' id='word_1_323' title='bbox 565 3566 636 3607; x_wconf 89' lang='lat' dir='ltr'><strong>cum</strong></span> <span class='ocrx_word' id='word_1_324' title='bbox 646 3544 752 3606; x_wconf 89' lang='lat' dir='ltr'><strong>transit</strong></span> <span class='ocrx_word' id='word_1_325' title='bbox 770 3564 826 3629; x_wconf 90' lang='lat' dir='ltr'><strong>per</strong></span> <span class='ocrx_word' id='word_1_326' title='bbox 844 3540 989 3604; x_wconf 84' lang='lat' dir='ltr'><strong>subsellia</strong></span> <span class='ocrx_word' id='word_1_327' title='bbox 1009 3537 1115 3599; x_wconf 89' lang='lat' dir='ltr'><strong>habita</strong></span> <span class='ocrx_word' id='word_1_328' title='bbox 1126 3537 1205 3599; x_wconf 90' lang='lat' dir='ltr'><strong>reci-</strong></span> 
     </span>
     <span class='ocr_line' id='line_1_40' title="bbox 53 3622 1321 3716; baseline -0.008 -23"><span class='ocrx_word' id='word_1_329' title='bbox 53 3630 181 3695; x_wconf 86' lang='lat' dir='ltr'><strong>tatione.</strong></span> <span class='ocrx_word' id='word_1_330' title='bbox 224 3628 328 3711; x_wconf 83' lang='lat' dir='ltr'><strong>Quid,</strong></span> <span class='ocrx_word' id='word_1_331' title='bbox 351 3633 378 3694; x_wconf 89' lang='lat' dir='ltr'><strong>si</strong></span> <span class='ocrx_word' id='word_1_332' title='bbox 390 3633 452 3694; x_wconf 90' lang='lat' dir='ltr'><strong>hoc</strong></span> <span class='ocrx_word' id='word_1_333' title='bbox 468 3630 598 3716; x_wconf 88' lang='lat' dir='ltr'><strong>accipias</strong></span> <span class='ocrx_word' id='word_1_334' title='bbox 614 3628 653 3691; x_wconf 92' lang='lat' dir='ltr'><strong>de</strong></span> <span class='ocrx_word' id='word_1_335' title='bbox 668 3627 856 3692; x_wconf 90' lang='lat' dir='ltr'><strong>auditoribus</strong></span> <span class='ocrx_word' id='word_1_336' title='bbox 871 3622 1102 3704; x_wconf 76' lang='lat' dir='ltr'><strong>[rectissimel],</strong></span> <span class='ocrx_word' id='word_1_337' title='bbox 1124 3644 1205 3706; x_wconf 87' lang='lat' dir='ltr'><strong>quo·</strong></span> <span class='ocrx_word' id='word_1_338' title='bbox 1318 3688 1321 3693; x_wconf 61' lang='grc'><strong>,</strong></span> 
     </span>
     <span class='ocr_line' id='line_1_41' title="bbox 55 3709 1207 3803; baseline -0.007 -24"><span class='ocrx_word' id='word_1_339' title='bbox 55 3738 124 3779; x_wconf 91' lang='lat' dir='ltr'><strong>rum</strong></span> <span class='ocrx_word' id='word_1_340' title='bbox 143 3718 234 3802; x_wconf 87' lang='lat' dir='ltr'><strong>¹culpa</strong></span> <span class='ocrx_word' id='word_1_341' title='bbox 253 3740 318 3780; x_wconf 91' lang='lat' dir='ltr'><strong>non</strong></span> <span class='ocrx_word' id='word_1_342' title='bbox 332 3718 435 3781; x_wconf 89' lang='lat' dir='ltr'><strong>minor</strong></span> <span class='ocrx_word' id='word_1_343' title='bbox 448 3737 541 3803; x_wconf 88' lang='lat' dir='ltr'><strong>quarn</strong></span> <span class='ocrx_word' id='word_1_344' title='bbox 560 3736 683 3795; x_wconf 91' lang='lat' dir='ltr'><strong>eorum,</strong></span> <span class='ocrx_word' id='word_1_345' title='bbox 714 3714 766 3799; x_wconf 90' lang='lat' dir='ltr'><strong>qui</strong></span> <span class='ocrx_word' id='word_1_346' title='bbox 783 3733 944 3799; x_wconf 86' lang='lat' dir='ltr'><strong>perperam</strong></span> <span class='ocrx_word' id='word_1_347' title='bbox 966 3709 1150 3787; x_wconf 88' lang='lat' dir='ltr'><strong>scriberent,</strong></span> <span class='ocrx_word' id='word_1_348' title='bbox 1171 3721 1207 3771; x_wconf 93' lang='lat' dir='ltr'><strong>ut</strong></span> 
     </span>
     <span class='ocr_line' id='line_1_42' title="bbox 55 3794 1206 3889; baseline -0.008 -24"><span class='ocrx_word' id='word_1_349' title='bbox 55 3802 178 3889; x_wconf 88' lang='lat' dir='ltr'><strong>saepius</strong></span> <span class='ocrx_word' id='word_1_350' title='bbox 201 3801 317 3866; x_wconf 75' lang='lat' dir='ltr'><strong>diuum</strong></span> <span class='ocrx_word' id='word_1_351' title='bbox 341 3804 435 3868; x_wconf 88' lang='lat' dir='ltr'><strong>anta?</strong></span> <span class='ocrx_word' id='word_1_352' title='bbox 459 3803 575 3889; x_wconf 90' lang='lat' dir='ltr'><strong>optimc</strong></span> <span class='ocrx_word' id='word_1_353' title='bbox 597 3821 672 3865; x_wconf 86' lang='lat' dir='ltr'><strong>rero</strong></span> <span class='ocrx_word' id='word_1_354' title='bbox 694 3797 855 3885; x_wconf 87' lang='lat' dir='ltr'><strong>quadrabit</strong></span> <span class='ocrx_word' id='word_1_355' title='bbox 871 3798 944 3862; x_wconf 91' lang='lat' dir='ltr'><strong>huic</strong></span> <span class='ocrx_word' id='word_1_356' title='bbox 967 3794 1206 3880; x_wconf 89' lang='lat' dir='ltr'><strong>interpretationi</strong></span> 
     </span>
     <span class='ocr_line' id='line_1_43' title="bbox 56 3880 1208 3974; baseline -0.007 -25"><span class='ocrx_word' id='word_1_357' title='bbox 56 3886 142 3971; x_wconf 87' lang='lat' dir='ltr'><strong>quod</strong></span> <span class='ocrx_word' id='word_1_358' title='bbox 155 3888 216 3965; x_wconf 92' lang='lat' dir='ltr'><strong>ait,</strong></span> <span class='ocrx_word' id='word_1_359' title='bbox 240 3887 398 3952; x_wconf 79' lang='lat' dir='ltr'><strong>exultare</strong></span> <span class='ocrx_word' id='word_1_360' title='bbox 417 3909 481 3974; x_wconf 84' lang='lat' dir='ltr'><strong>per</strong></span> <span class='ocrx_word' id='word_1_361' title='bbox 496 3883 684 3949; x_wconf 76' lang='lat' dir='ltr'><strong>subsellia:</strong></span> <span class='ocrx_word' id='word_1_362' title='bbox 705 3906 780 3949; x_wconf 89' lang='lat' dir='ltr'><strong>nam</strong></span> <span class='ocrx_word' id='word_1_363' title='bbox 800 3904 837 3946; x_wconf 89' lang='lat' dir='ltr'><strong>ca</strong></span> <span class='ocrx_word' id='word_1_364' title='bbox 856 3884 917 3945; x_wconf 82' lang='lat' dir='ltr'><strong>tuit</strong></span> <span class='ocrx_word' id='word_1_365' title='bbox 937 3880 1128 3944; x_wconf 88' lang='lat' dir='ltr'><strong>audientium</strong></span> <span class='ocrx_word' id='word_1_366' title='bbox 1145 3881 1208 3941; x_wconf 90' lang='lat' dir='ltr'><strong>im·</strong></span> 
     </span>
     <span class='ocr_line' id='line_1_44' title="bbox 57 3965 1208 4052; baseline -0.006 -19"><span class='ocrx_word' id='word_1_367' title='bbox 57 3972 227 4052; x_wconf 85' lang='lat' dir='ltr'><strong>modestia,</strong></span> <span class='ocrx_word' id='word_1_368' title='bbox 248 3986 284 4035; x_wconf 92' lang='lat' dir='ltr'><strong>ut</strong></span> <span class='ocrx_word' id='word_1_369' title='bbox 300 3997 364 4037; x_wconf 93' lang='lat' dir='ltr'><strong>non</strong></span> <span class='ocrx_word' id='word_1_370' title='bbox 378 3976 480 4038; x_wconf 89' lang='lat' dir='ltr'><strong>solum</strong></span> <span class='ocrx_word' id='word_1_371' title='bbox 493 3969 700 4037; x_wconf 87' lang='lat' dir='ltr'><strong>inverecunde</strong></span> <span class='ocrx_word' id='word_1_372' title='bbox 716 3972 934 4046; x_wconf 89' lang='lat' dir='ltr'><strong>acclamarent,</strong></span> <span class='ocrx_word' id='word_1_373' title='bbox 955 3965 1116 4031; x_wconf 88' lang='lat' dir='ltr'><strong>sedetiam</strong></span> <span class='ocrx_word' id='word_1_374' title='bbox 1133 3967 1208 4029; x_wconf 90' lang='lat' dir='ltr'><strong>sub-</strong></span> 
     </span>
    </p>
   </div>
   <div class='ocr_carea' id='block_1_6' title="bbox 60 4045 1205 4226">
    <p class='ocr_par' dir='ltr' id='par_1_10' title="bbox 60 4045 1205 4226">
     <span class='ocr_line' id='line_1_45' title="bbox 60 4045 1205 4226; baseline -0.008 -105"><span class='ocrx_word' id='word_1_375' title='bbox 60 4058 174 4121; x_wconf 87' lang='lat' dir='ltr'><strong>silirent</strong></span> <span class='ocrx_word' id='word_1_376' title='bbox 187 4071 280 4226; x_wconf 69' lang='lat' dir='ltr'><strong>sirpe</strong></span> <span class='ocrx_word' id='word_1_377' title='bbox 302 4061 457 4123; x_wconf 85' lang='lat' dir='ltr'><strong>exilirent:</strong></span> <span class='ocrx_word' id='word_1_378' title='bbox 480 4059 553 4122; x_wconf 90' lang='lat' dir='ltr'><strong>ideo</strong></span> <span class='ocrx_word' id='word_1_379' title='bbox 574 4058 751 4120; x_wconf 86' lang='lat' dir='ltr'><strong>Plutarchus</strong></span> <span class='ocrx_word' id='word_1_380' title='bbox 776 4051 860 4134; x_wconf 77' lang='grc' dir='ltr'><strong><em>Περὶ</em></strong></span> <span class='ocrx_word' id='word_1_381' title='bbox 878 4055 940 4118; x_wconf 80' lang='grc' dir='ltr'><strong>τοῦ</strong></span> <span class='ocrx_word' id='word_1_382' title='bbox 956 4045 1094 4116; x_wconf 81' lang='grc' dir='ltr'><strong>ἀκούειν</strong></span> <span class='ocrx_word' id='word_1_383' title='bbox 1112 4048 1156 4132; x_wconf 63' lang='grc' dir='ltr'><strong>[ξ.</strong></span> <span class='ocrx_word' id='word_1_384' title='bbox 1174 4050 1205 4113; x_wconf 86' lang='grc'><strong>5.</strong></span> 
     </span>
    </p>
   </div>
   <div class='ocr_carea' id='block_1_7' title="bbox 63 4132 1208 4315">
    <p class='ocr_par' dir='ltr' id='par_1_11' title="bbox 63 4132 1208 4315">
     <span class='ocr_line' id='line_1_46' title="bbox 63 4132 1208 4230; baseline -0.014 -18"><span class='ocrx_word' id='word_1_385' title='bbox 63 4164 93 4229; x_wconf 77' lang='lat' dir='ltr'><strong>p-</strong></span> <span class='ocrx_word' id='word_1_386' title='bbox 112 4146 167 4212; x_wconf 83' lang='lat'><strong>41.</strong></span> <span class='ocrx_word' id='word_1_387' title='bbox 190 4142 226 4210; x_wconf 84' lang='lat' dir='ltr'><strong>C.</strong></span> <span class='ocrx_word' id='word_1_388' title='bbox 267 4147 346 4208; x_wconf 89' lang='lat' dir='ltr'><strong>inter</strong></span> <span class='ocrx_word' id='word_1_389' title='bbox 361 4167 414 4224; x_wconf 89' lang='lat' dir='ltr'><strong>ea,</strong></span> <span class='ocrx_word' id='word_1_390' title='bbox 439 4166 517 4230; x_wconf 90' lang='lat' dir='ltr'><strong>quae</strong></span> <span class='ocrx_word' id='word_1_391' title='bbox 542 4155 634 4208; x_wconf 87' lang='lat' dir='ltr'><strong>vocat</strong></span> <span class='ocrx_word' id='word_1_392' title='bbox 655 4139 697 4206; x_wconf 84' lang='grc' dir='ltr'><strong>τὰ</strong></span> <span class='ocrx_word' id='word_1_393' title='bbox 717 4137 798 4206; x_wconf 76' lang='grc' dir='ltr'><strong><em>κενὰ</em></strong></span> <span class='ocrx_word' id='word_1_394' title='bbox 817 4142 874 4221; x_wconf 76' lang='grc' dir='ltr'><strong>τῆς</strong></span> <span class='ocrx_word' id='word_1_395' title='bbox 893 4132 1098 4220; x_wconf 73' lang='grc' dir='ltr'><strong>ἀκροάσεως,</strong></span> <span class='ocrx_word' id='word_1_396' title='bbox 1120 4134 1208 4220; x_wconf 87' lang='lat' dir='ltr'><strong>ponit</strong></span> 
     </span>
     <span class='ocr_line' id='line_1_47' title="bbox 65 4212 1207 4315; baseline -0.021 -7"><span class='ocrx_word' id='word_1_397' title='bbox 65 4230 121 4307; x_wconf 62' lang='lat' dir='ltr'><strong>vlt</strong></span> <span class='ocrx_word' id='word_1_398' title='bbox 143 4227 311 4315; x_wconf 65' lang='grc' dir='ltr'><strong>κνωγὰς,</strong></span> <span class='ocrx_word' id='word_1_399' title='bbox 333 4224 415 4307; x_wconf 74' lang='grc' dir='ltr'><strong>τούς</strong></span> <span class='ocrx_word' id='word_1_400' title='bbox 429 4225 604 4313; x_wconf 74' lang='grc' dir='ltr'><strong>θορύβους</strong></span> <span class='ocrx_word' id='word_1_401' title='bbox 618 4225 676 4294; x_wconf 84' lang='grc' dir='ltr'><strong><em>καὶ</em></strong></span> <span class='ocrx_word' id='word_1_402' title='bbox 690 4223 730 4293; x_wconf 79' lang='grc' dir='ltr'><strong>τοὶ</strong></span> <span class='ocrx_word' id='word_1_403' title='bbox 743 4221 920 4312; x_wconf 74' lang='grc' dir='ltr'><strong>πηδήματα</strong></span> <span class='ocrx_word' id='word_1_404' title='bbox 932 4225 1001 4289; x_wconf 77' lang='grc' dir='ltr'><strong>τῶν</strong></span> <span class='ocrx_word' id='word_1_405' title='bbox 1019 4212 1207 4303; x_wconf 76' lang='grc' dir='ltr'><strong><em>παρόντων,</em></strong></span> 
     </span>
    </p>
   </div>
   <div class='ocr_carea' id='block_1_8' title="bbox 0 0 1355 4972">
    <p class='ocr_par' dir='ltr' id='par_1_12' title="bbox 0 0 1355 4972">
     <span class='ocr_line' id='line_1_48' title="bbox 0 0 1355 4972; baseline 0 0"><span class='ocrx_word' id='word_1_406' title='bbox 0 0 1355 4972; x_wconf 95' lang='lat' dir='ltr'><strong> </strong></span> 
     </span>
    </p>
   </div>
  </div>
 </body>
</html>
