2700 4972
107 366 182 433 ros
412 377 430 419 a
484 304 926 434 conuenientes.
1016 358 1019 363 ·

112 545 147 596 ut
168 532 290 599 Marcus
309 530 387 595 libro
406 528 444 595 X
468 529 563 681 [ppo]
584 552 623 633 po
649 532 737 612 loco,
758 553 851 632 quem
871 533 976 637 paullo
1003 541 1077 599 ante
1094 534 1237 639 attulimus

113 619 225 697 [,‚adde
342 616 370 700 §.
394 614 446 681 9.‘⁴
505 614 560 699 l.]:
589 639 664 715 ipse
679 616 867 706 Chrysippus
890 617 1048 699 συνταξιν
1070 636 1237 705 nommant,

111 707 173 767 hoc
191 714 237 767 est
256 720 296 763 or
322 699 461 767 irratam
482 712 781 851 copppoetttonem,
802 708 835 767 in
853 707 918 784 ejus
940 703 1137 787 definitione,
1158 730 1236 795 quero

112 791 207 852 habet
225 788 259 851 Α,
283 784 399 857 Gellius
419 788 498 852 libro
569 831 579 851 .
607 810 641 852 ca
663 786 732 852 .JJ.
782 790 854 853 Ηοο
878 789 969 870 igitur
994 789 1094 857 modo
1121 796 1236 859 auetotis

77 915 82 921 -
112 874 313 940 nostriuerba
330 872 609 959 interpretabimur:
632 811 757 953 bisce,
779 871 864 938 ordo
885 874 960 961 quie
979 873 1106 939 datust
1126 878 1186 941 hoe
1199 892 1236 943 est

112 960 196 1041 disee
218 963 351 1021 satorum
372 971 452 1025 certa
472 962 541 1041 lege
568 961 672 1022 omnia
690 960 774 1053 fierit
803 961 852 1023 cui
873 960 982 1025 volens
1003 964 1116 1027 lubens
1136 984 1176 1026 ue
1194 986 1235 1027 ao-
1264 1008 1269 1015 ·

111 1044 239 1131 quiescit
251 1045 383 1129 sapiens.
424 1042 641 1131 Senecaepist.
663 1042 766 1109 cvll:
787 1043 847 1109 Sic
860 1043 1036 1119 vivemus,
1060 985 1233 1136 maioque·

40 1200 46 1221 .
112 1151 211 1197 mur.-
237 1126 384 1215 paratos
405 1149 467 1192 nos
488 1126 645 1217 inveniet
666 1138 770 1215 atque
792 1129 966 1219 impigros
983 1132 1124 1219 fatum.
1173 1132 1233 1199 Hie

111 1223 166 1281 eat
185 1234 334 1303 magnus
354 1212 508 1293 animus,
537 1213 597 1302 qui
620 1234 656 1278 ae
677 1213 755 1281 Deo
782 1214 952 1281 tradidit:
980 1227 1019 1280 at
1040 1227 1165 1283 contra
1182 1218 1232 1283 tlte

104 1298 258 1389 pusillus
278 1321 321 1363 oc
342 1296 509 1388 degener,
540 1298 599 1389 qui
623 1298 821 1367 obluctatur
847 1312 882 1367 et
909 1299 953 1365 cie
982 1298 1106 1368 ordine
1127 1302 1256 1387 moab

110 1384 205 1451 mole
220 1383 401 1449 existimat
415 1383 647 1450 elementiora
670 1384 805 1451 mavult
825 1384 907 1451 deos
927 1409 1033 1475 quom
1050 1409 1109 1453 se.-
1130 1392 1233 1455 hoeeut

109 1472 195 1559 quod
213 1468 322 1537 Graeci
344 1470 448 1535 dieunt
470 1474 805 1556 συμπαρακολονθεῖν
826 1476 868 1558 τῇ
889 1470 1050 1541 διοικ’σ“ει
1067 1476 1134 1541 τοῦ
1150 1478 1233 1553 unu,

108 1566 264 1643 spectare
295 1562 332 1619 et
359 1556 555 1645 approbare
582 1554 656 1622 Dei
682 1554 841 1621 ordinem
873 1554 911 1623 io
939 1580 964 1622 α
990 1558 1231 1631 ministratione

109 1640 267 1709 omnium
287 1663 416 1727 καῆναι,
458 1644 542 1725 Lege
562 1642 722 1707 diatribam
730 1642 866 1730 ¹Epicteti
884 1644 967 1731 apud
979 1646 1143 1727 Attianum
1157 1648 1230 1735 quiu-

107 1741 174 1793 tam
186 1730 253 1793 libri
261 1726 319 1793 111.
355 1728 522 1794 Possumus
535 1741 565 1792 et
578 1730 652 1793 alias
667 1728 929 1817 interpretationes
942 1732 1034 1811 hujus
1046 1732 1111 1795 loci
1121 1734 1229 1799 affut:

107 1818 254 1903 praebent
267 1814 351 1878 enim
361 1816 473 1879 multas
488 1836 577 1879 ansas
589 1815 763 1898 βιαφελῶν
779 1812 1017 1899 meditationum
1027 1818 1128 1883 verba
1140 1830 1230 1883 οιισο-

106 1902 149 1967 ris
164 1886 376 1965 eruditissimi:
397 1900 471 1999 quid
482 1902 584 1979 enim,
604 1901 633 1963 si
652 1903 819 1965 reseramus
836 1899 877 1963 ad
895 1900 994 1985 uitam
1014 1902 1173 1969 futurum?
1190 1924 1230 1967 ra-

107 1986 326 2050 surrectionem
340 1982 437 2049 Stoici
455 2008 521 2049 non
534 1987 624 2072 plene
641 1983 766 2071 quidem
781 1997 835 2047 aut
850 1996 931 2049 certa
947 1985 1011 2049 tide
1031 2008 1136 2075 neque
1149 1988 1230 2053 firmia

105 2073 179 2137 satis
191 2072 359 2135 rationibus
372 2072 525 2157 pemuasi,
546 2069 603 2134 sed
623 2081 728 2141 tamen
740 2081 891 2157 utcunque
908 2070 1101 2137 crediderunt
1118 2078 1170 2139 u'ttt
1184 2094 1230 2141 tu-

104 2159 168 2221 rius
191 2154 391 2221 so'mniarunt.
443 2155 631 2242 Chrysippus
648 2154 692 2221 in.
701 2156 785 2219 libris
806 2155 846 2219 de
866 2156 1075 2243 prouidentia,
1109 2181 1178 2223 enm
1197 2158 1229 2223 da

104 2244 303 2307 innovatione
320 2239 428 2305 mundi
449 2245 637 2327 loqueretur,
658 2242 735 2303 haec
755 2241 855 2303 intulit
877 2254 954 2305 teste
969 2242 1145 2309 Firmiano:
1164 2240 1230 2309 τοῦ-
1267 2249 1269 2257 ’

104 2350 167 2393 τοο
187 2322 294 2403 οὕτως
308 2322 442 2409 ἔχοντος
457 2322 575 2410 δαλὸν,
596 2320 642 2402 ὥς
664 2320 765 2390 οὐδὲν
787 2321 957 2392 ἅδύνατον
976 2325 1035 2394 καὶ
1053 2324 1143 2413 ἡμᾶς
1161 2324 1229 2413 μετα

103 2409 142 2479 τό
159 2416 348 2496 τελευτῆσαι
363 2407 465 2477 πάλιν
482 2407 648 2495 περιόδων
664 2412 770 2477 τινοῖν
787 2410 992 2499 εἰλημμένων
1009 2412 1141 2499 χρόνον
1160 2408 1230 2493 etat

103 2499 169 2573 νῦν
184 2494 281 2579 ἐσμὲν
301 2493 566 2581 καταστήσεσθαι
583 2500 698 2581 σχῆμα.

169 2582 264 2649 ,Aut
286 2592 400 2651 metae
417 2602 523 2668 quam
542 2582 658 2647 mollio
670 2578 808 2672 flexus,
838 2590 875 2645 et
900 2578 1030 2665 unde?]
1070 2584 1132 2650 Aut
1151 2606 1231 2673 quatu

51 2668 213 2746 egabreris
224 2670 264 2731 sit
276 2670 355 2731 baec
369 2667 433 2732 vita
445 2690 598 2755 quamque
616 2670 648 2731 in
661 2670 833 2755 propinquo
854 2691 939 2732 mors
957 2671 1002 2733 illi
1014 2671 1188 2751 immineat,
1205 2684 1231 2735 et

105 2754 238 2841 quidem
252 2775 292 2816 ex
315 2755 428 2825 caussis
448 2757 616 2819 sexcentis=
647 2763 741 2818 meta
759 2766 806 2818 est
825 2754 912 2834 finis,
926 2750 1088 2843 flectere¹
1102 2765 1230 2839 metam,

104 2853 139 2905 ut
155 2836 264 2905 Graeci
282 2831 441 2923 κάμπτειν
463 2835 526 2926 τήν
546 2836 691 2906 νύσσανε
721 2838 804 2903 unde
826 2836 981 2926 καμπτήρ
996 2841 1067 2929 ipsa
1086 2856 1170 2909 meta
1190 2838 1231 2907 ‹li-

105 2926 196 3003 citur;
226 2924 266 2988 de
284 2927 389 3012 spatiis
412 2927 494 2992 uitae
515 2930 595 2991 solet
613 2929 674 2989 hoc
694 2926 725 2993 lo
746 2924 842 2988 uendi
862 2948 958 3008 genus
980 2930 1137 3014 usurpari:
1157 2928 1230 2993 unde

95 3006 216 3101 flexus
236 3008 364 3075 aetatis
379 3012 470 3098 apud
487 3013 533 3077 111,
553 3012 690 3077 Tullium
714 2948 767 3093 [ie
789 3008 876 3075 Orat.
896 3012 1020 3099 princ.];
1051 3014 1229 3079 nroturitot

104 3095 281 3187 indeflexo
304 3096 339 3159 in
362 3101 546 3183 panegyrico
559 3090 725 3179 Plinii[4];
738 3092 862 3185 flexus
883 3110 987 3161 autem
999 3096 1120 3163 mollia
1134 3100 1229 3167 dieitur

100 3185 180 3263 heic,
203 3182 255 3267 qni
270 3183 328 3247 cito
348 3195 378 3245 et
391 3184 497 3268 rapide
512 3184 558 3263 [ac
569 3186 636 3247 sine
647 3182 785 3264 salebris]
802 3183 970 3269 peragitur:
992 3184 1077 3249 unde
1090 3186 1228 3277 inquieta

101 3268 169 3351 [94]
178 3264 305 3353 rapida
314 3265 391 3332 vita
404 3268 528 3352 dicitur3
546 3272 607 3331 hoc
616 3268 707 3349 igitur
722 3268 779 3331 ait:
795 3268 977 3333 discendum
991 3291 1060 3335 esse
1072 3283 1106 3335 et
1118 3292 1229 3359 semper

101 3351 314 3434 cogitandum,
343 3374 435 3437 qoam
453 3351 536 3418 lluxa
555 3350 594 3417 sit
613 3357 691 3417 haec
711 3354 792 3434 vita3
821 3355 899 3416 nibil
920 3366 982 3435 est,
1011 3354 1098 3440 quod
1119 3360 1230 3447 saepire

101 3449 238 3503 occurrat
256 3438 289 3501 io
314 3439 486 3523 sapienttnn
507 3441 625 3526 scriptis
645 3450 675 3523 et
694 3439 856 3525 poetarum
878 3442 940 3503 hoc
968 3453 1153 3529 praecepto:
1181 3442 1230 3509 aed

100 3525 152 3604 hi,
178 3534 214 3585 nt
234 3520 350 3608 passim
367 3524 527 3605 Horatius,
554 3524 595 3587 atl
614 3528 786 3611 voluptates
805 3528 870 3589 fere
895 3526 961 3611 hoc·
980 3540 1230 3607 argumentabor

99 3610 276 3673 hortantur:
301 3609 347 3673 illi
358 3609 398 3675 ad
411 3614 491 3675 foeta
499 3614 656 3697 praeclara
671 3623 703 3674 et
714 3610 810 3677 vitam
831 3633 871 3674 ex
889 3611 999 3675 virtute
1019 3614 1173 3694 agendam
1187 3624 1231 3679 out
1254 3678 1257 3683 .

99 3695 141 3758 ad
160 3693 348 3775 diligentiam
372 3695 535 3781 in'stutliis
563 3698 764 3761 honestorum
788 3694 1031 3783 disciplinarum,
1044 3770 1047 3775 ,
1060 3711 1095 3761 ut
1121 3700 1232 3767 divium

99 3803 212 3843 senexz
234 3772 253 3843 ὁ
269 3774 330 3862 μὲν
341 3779 415 3863 βίος
424 3776 567 3888 βριᾳύς,
589 3776 610 3865 ἡ
629 3777 665 3846 δὲ
680 3776 775 3887 τέχνη
799 3777 920 3865 μακρά.
963 3782 1087 3849 Marcus
1104 3782 1232 3875 Impetu-

98 3876 148 3929 tor
159 3866 191 3928 in
203 3864 250 3929 lV
269 3862 312 3949 [ξ.
327 3868 399 3947 261:
422 3864 461 3933 τὸ
480 3872 561 3935 olor
575 3864 698 3951 βραχὺς
717 3864 842 3950 obius·¹
860 3863 1059 3951 κερδαντέον
1072 3865 1113 3936 τὸ
1132 3868 1232 3953 παρὸν

99 3946 164 4015 σὺν
179 3942 365 4037 εὐλογιστίαν
374 3949 431 4017 καὶ
444 3952 531 4040 δίκῃ.
570 3952 687 4018 Plinius
704 3952 863 4017 Secundus
884 3954 919 4017 in
935 3955 1073 4040 epistola,
1096 3978 1157 4043 qua
1173 3956 1232 4023 stit

28 4035 198 4122 (lmltolici
213 4048 346 4100 mortem
356 4036 448 4102 deflet
460 4038 524 4121 [tlt
541 4040 588 4123 7]‚
610 4052 682 4129 post
696 4061 821 4122 gravem
833 4039 1058 4126 querimoniam
1079 4041 1120 4106 de
1140 4044 1231 4109 breti·

99 4133 162 4187 tate
175 4123 274 4185 vitae:
297 4118 361 4185 aad
373 4131 470 4189 tanto
488 4126 613 4214 megia,
635 4126 749 4212 inquit,
772 4122 837 4189 Iroe
850 4122 1017 4223 quiequid
1037 4137 1090 4191 eet
1108 4136 1231 4217 ternpo-

99 4206 150 4272 κίε
161 4202 287 4290 futilia
303 4216 338 4268 et
356 4207 497 4291 caduci,
519 4215 552 4276 ei
569 4232 638 4275 αοα
653 4210 759 4275 datur
764 4207 883 4295 factm
905 4212 1001 4290 (nam
1016 4208 1145 4279 Ῐιονιιαι
1162 4234 1229 4279 mo·

98 4292 191 4357 teria
214 4290 252 4357 in
276 4290 398 4357 atiena
424 4300 562 4381 αιααιι),
592 4317 653 4361 noe
679 4305 767 4361 cette
789 4294 914 4361 studiis
931 4297 1174 4385 proferamus,
1197 4306 1229 4363 et

121 4388 267 4443 eotenus
280 4376 376 4442 nobis
392 4378 584 4472 denegatur
604 4380 702 4461 [eddo
725 4378 926 4470 denegetur]
945 4382 1008 4447 diu
1024 4382 1158 4467 vivere,
1179 4408 1227 4451 re·

94 4398 294 4554 iioqruomuu
317 4462 471 4553 aliquid,
492 4490 559 4558 quo
580 4489 641 4535 noe
662 4466 788 4537 vietae
808 4478 991 4561 testemur.
1030 4468 1151 4537 Senem
1166 4470 1225 4565 epi-
