2700 4972
1266 39 1273 199 t

1187 402 1190 407 ·
1267 390 1273 513 ι

86 486 253 554 sententias
277 486 399 552 Persian
426 486 497 549 heic
520 487 683 569 intelligit,
724 487 928 574 appellatione
959 478 1227 565 antithetorum,·

87 597 152 637 non
171 572 256 659 quod
276 574 398 660 proprie
422 574 570 637 antitheta
590 585 622 637 et
641 576 807 637 sententiae
826 576 898 637 illae
918 574 979 637 sint
994 573 1097 655 idem,
1118 572 1177 638 ssd
1188 574 1228 639 ita

88 660 203 747 exponi
217 657 252 721 id
262 660 393 723 verbum
402 662 468 738 ejus
484 661 591 727 aetads
606 658 795 722 consuetudo
804 662 953 746 postulat:
974 681 1049 723 nam
1061 661 1230 724 sententiae

88 746 177 823 illac,
199 744 360 831 dequibus
373 743 516 823 diximus,
530 756 618 808 acuta
632 744 783 831 quaedam
797 757 882 809 erant
898 744 979 808 dicta
999 757 1030 808 et
1040 747 1082 831 τῇ
1096 744 1230 831 διανοίη
1253 774 1257 787 ·

90 832 217 912 figurata
233 843 263 893 et
275 824 434 917 τῇλίξειε
454 831 556 917 itaque
577 831 808 897 enuntiabantur
827 853 883 917 Per
906 833 1068 910 anthiteta,
1089 830 1139 895 iso
1160 843 1230 913 tota,

40 918 348 981 126homoeoteleuta
362 927 393 978 et
404 917 519 979 sinules
527 913 659 996 Gorgiae
672 916 932 993 inventiunculas3
954 938 1055 1001 neque
1065 854 1231 981 aliudPer-

90 1005 153 1067 sius
166 1003 305 1084 intelligit
316 1023 408 1087 quam
422 1001 506 1087 quod
519 1004 552 1064 in
567 1001 618 1064 Xl
640 1002 683 1082 [1,
699 1000 728 1084 §·
746 1001 800 1081 52]
816 1001 891 1065 dixit
908 1000 1135 1082 Quintilianus,
1157 1023 1231 1065 sen·

91 1086 240 1151 tentioh's
253 1085 354 1177 flere,
378 1098 408 1149 et
422 1087 506 1172 quod
517 1087 550 1149 in
565 1086 632 1150 ΧΠ
650 1088 719 1167 [10‚
740 1084 767 1168 §
785 1090 845 1166 73]
867 1085 1025 1174 periodis
1036 1087 1230 1174 postulare.

91 1174 187 1257 [Tota
198 1171 226 1257 δ.
239 1177 300 1238 hnc
312 1173 569 1237 transscribenda:
592 1207 634 1219 ·-
648 1170 809 1235 vitiosum
825 1182 859 1235 et
875 1182 1076 1260 corruptum
1093 1172 1230 1237 dicendi

86 1255 1228 1348 genus‚quodoutverborumlicentiaexsultatoutpuerilibussen·

25 1422 28 1427 Ι
91 1343 242 1409 tentiolis
257 1342 394 1409 lascivit
414 1354 477 1408 aut
492 1340 675 1407 immodico
693 1353 827 1407 tumore
850 1345 1020 1432 turgescit
1036 1356 1101 1409 aut
1117 1344 1231 1411 inani-

91 1430 155 1497 bus
176 1429 264 1497 Iocis
291 1425 480 1494 bacchatur·
511 1437 571 1494 aut
600 1427 753 1507 casuris,
796 1428 830 1492 si
848 1426 973 1495 ieviter
1002 1430 1231 1513 esicutiantur,

83 1514 244 1609 flosculis
256 1514 345 1583 nitet
355 1523 418 1580 aut
431 1514 646 1602 praecipitia
660 1535 724 1600 pro
738 1512 938 1579 sublimibus
950 1514 1056 1581 habet
1078 1525 1142 1581 aut
1155 1536 1230 1605 spe-
1254 1548 1257 1555 ·

93 1602 145 1669 cie
162 1600 335 1667 libertatis
348 1599 508 1683 insanit-J
550 1601 614 1666 Sed
633 1603 741 1688 etipsa
755 1623 810 1687 per
830 1624 865 1665 se
882 1603 1027 1666 antitheta
1042 1615 1075 1666 et
1093 1614 1178 1667 totus
1190 1604 1240 1697 si7·
1265 1635 1273 1679 τ,

90 1690 213 1755 milium
223 1691 390 1771 figurarum
404 1700 565 1775 apparatus
577 1690 616 1751 ab
629 1688 784 1768 oratione,
805 1689 860 1753 ubi
875 1709 924 1751 res
936 1689 1033 1769 agitur
1047 1699 1078 1752 et
1091 1710 1167 1754 vera
1183 1686 1229 1751 di-

53 1774 56 1781 '
91 1776 216 1841 micatis
232 1787 293 1854 est,
315 1786 386 1839 sunt
399 1776 515 1838 aliena:
527 1773 600 1837 ideo
614 1775 788 1861 pronuntiat
799 1772 968 1856 Dionysius
981 1775 1229 1841 Halicarnasseus

90 1860 232 1927 Isocratis
249 1862 437 1940 orationem,
458 1861 492 1923 in
504 1882 561 1922 suo
578 1881 688 1940 genere
704 1860 838 1944 alioquin
859 1861 1168 1945 praestantissimam,
1191 1858 1229 1923 ad

89 1938 226 2035 pugnain
238 1958 343 2009 tarnen
360 1957 492 2009 etseras
508 1966 628 2009 caussas
640 1948 773 2021 futuram
785 1946 881 2009 fuisse
894 1945 1039 2031 ineptam,
1053 1947 1126 2032 quia
1139 1946 1231 2010 servit

91 2020 174 2120 apud
189 2027 312 2114 illumi}
335 2025 468 2095 διάνοια
482 2032 529 2137 cpi
544 2028 663 2115 ῥυθμῷ
680 2032 739 2111 τῆς
761 2025 938 2108 λίξεοτςοι,
960 2044 994 2093 ut
1011 2036 1167 2112 eleganter
1184 2030 1233 2111 ait,

91 2120 156 2185 τοῦ
169 2119 304 2201 κομψοῦ
320 2114 466 2181 λείπεται
479 2136 518 2180 το
531 2108 696 2198 ἀληθινόν
717 2115 760 2200 [p.
778 2122 840 2182 122
854 2138 879 2179 s.
903 2120 955 2194 98,
978 2116 1019 2181 44
1040 2114 1161 2222 sylon,
1180 2138 1234 2205 sp.-

91 2206 185 2291 pellat
197 2215 301 2267 autem
316 2204 463 2265 antitheta
484 2212 514 2264 et
531 2213 631 2264 totum
651 2197 784 2282 Gorgiae
805 2201 964 2265 artificium
985 2197 1025 2265 sit
1045 2210 1162 2287 κομψα
1181 2198 1235 2267 snt

92 2283 254 2369 θεατρικαί
277 2285 334 2365 καί
353 2280 534 2371 perpeserit
565 2309 578 2348 .·
604 2297 797 2350 τινεστινες
827 2309 914 2366 nam,
943 2301 977 2349 ut
996 2289 1042 2351 sit
1060 2288 1235 2353 Demetrias

93 2372 134 2459 [ξ.
149 2375 219 2455 stt,
242 2368 264 2456 ἦ
280 2368 437 2458 ὁμοιότης
448 2369 469 2455 ἡ
482 2309 557 2453 περί
571 2368 612 2435 τοί
635 2372 727 2437 κῶλα
742 2368 800 2435 καί
822 2368 843 2454 ἡ
862 2366 1030 2449 ἀντίθεσις
1052 2370 1163 2441 ίκλτίει
1177 2367 1237 2458 τὴν

93 2456 265 2543 δεινότητα
282 2455 337 2522 διδ
355 2457 414 2542 την
438 2455 664 2542 κακοτεχνίαν.
714 2456 780 2520 Nec
804 2460 889 2520 ahter
909 2460 942 2521 in
959 2458 1091 2523 Oratore
1112 2482 1172 2524 suo
1187 2458 1238 2524 ei.

41 2549 167 2621 (ulcero
183 2545 247 2627 [13,
283 2543 377 2623 .4e]=
390 2541 508 2608 Dulce
526 2538 695 2606 orationis
708 2563 821 2630 genus
832 2554 866 2605 et
882 2542 1030 2607 solutum
1045 2556 1079 2608 et
1089 2542 1238 2635 affluens
1268 2592 1271 2601 .

94 2629 197 2714 [eddn
226 2649 244 2688 e
286 2628 403 2710 riensJ,
432 2626 611 2691 sententiis
635 2637 819 2716 argutum,
841 2627 954 2693 verbis
977 2651 1104 2694 sonans
1127 2620 1237 2695 estin

92 2715 156 2781 illo
179 2714 365 2801 epidictico
382 2733 527 2801 genere,
559 2711 654 2800 quod
679 2710 833 2778 diximus
857 2714 1040 2803 proprium
1060 2716 1237 2802 sophista·

32 2814 38 2828 ⁸
93 2823 189 2880 rum,
242 2819 365 2885 empne
391 2822 495 2886 quam
513 2821 656 2889 pugnae
678 2799 813 2884 aptius,
832 2802 1031 2887 gyntnnsiis
1056 2812 1090 2864 et
1107 2802 1237 2891 palac-

91 2896 188 2957 strne
208 2821 380 2963 rhoetum,
403 2893 560 2973 spretum
577 2895 613 2948 et
628 2883 770 2973 pulsum
776 2881 873 2974 soro.
916 2888 1006 2952 Idem
1019 2911 1143 2975 semper
1158 2889 1238 2970 judi-

94 2974 175 3037 cium
195 2974 253 3035 fuit
271 2972 488 3059 sapientissimi
509 2975 653 3059 cujusque
672 2972 748 3051 viri,
770 2972 821 3056 qui
841 2974 872 3035 in
892 2975 955 3037 suis
976 2978 1156 3060 aequalibus
1177 2972 1236 3038 hoc

91 3060 202 3125 vitium
216 3059 321 3121 acriter
334 3058 603 3143 reprehenderunt.
648 3057 740 3121 Extat
753 3057 926 3123 Philostrati
943 3063 1100 3145 sophistae
1119 3062 1235 3147 episto-

92 3149 122 3209 la
137 3144 178 3209 ad
190 3144 304 3209 iulium
318 3142 484 3225 Augustam
500 3144 559 3224 [est
575 3143 644 3223 13]‚
669 3167 708 3207 ex
722 3166 781 3230 qua
797 3156 898 3229 potest
908 3146 1036 3227 intelligi
1045 3159 1234 3233 quantopere

93 3231 289 3313 gravissimus
317 3251 425 3293 censor
445 3229 622 3301 Plutarchus
640 3231 697 3292 has
719 3228 883 3293 adfectatas
905 3232 1071 3313 elegantias
1093 3232 1234 3296 habuerit

93 3337 219 3381 exosas:
241 3325 405 3422 postquam
421 3317 504 3378 enim
520 3317 649 3402 probare
663 3327 789 3378 conanus
805 3328 851 3379 est
866 3328 985 3382 veteres
1003 3318 1158 3404 sapientes
1171 3340 1232 3399 non

92 3400 286 3465 abhorruisse
308 3396 373 3463 ανδ
391 3401 453 3463 τοῦ
474 3395 677 3481 popusitus,
699 3401 836 3479 subjicit:
865 3405 959 3467 πεῖθε
980 3399 1022 3485 δη“
1045 3400 1103 3467 καί
1124 3400 1187 3483 στί,
1208 3391 1236 3473 d

93 3485 261 3571 βασίλεια,
283 3480 343 3557 τὸν
364 3479 640 3565 θαρσαλεώτερον
661 3489 723 3549 τοῦ
741 3480 937 3568 Ἑλληνικοῦ
955 3483 1177 3573 Πλούταρχον
1190 3482 1236 3573 μὴ

93 3567 257 3655 ἄχθεσθαι
280 3574 349 3647 τοῖς
371 3574 561 3654 σοφισταῖς,
584 3566 665 3654 μήδ’
688 3570 733 3647 είς
755 3568 915 3654 διαβολὰς
932 3574 1161 3641 καθίστασθαι
1176 3576 1236 3641 τοῦ

93 3657 262 3741 Γοργίου·
286 3654 314 3721 τί
338 3651 371 3721 δ’
395 3653 437 3721 οὔ
457 3655 596 3733 πείσεις,
628 3652 670 3719 στί
691 3654 769 3739 μὲν,
807 3650 863 3721 οἶά
884 3680 952 3724 που
975 3660 1080 3743 σοφία
1101 3658 1160 3727 καί
1177 3662 1238 3744 μῆ-

92 3766 160 3895 ἓις,
184 3734 286 3892 οίσθοὲ
306 3740 338 3806 τί
358 3737 420 3829 χρὴ
443 3736 553 3827 ὄνομα
581 3737 706 3807 θέσθαι
732 3746 779 3829 τῷ
808 3745 941 3830 τοιῷδε·
971 3742 1034 3830 tyni
1067 3744 1104 3812 δὲ
1133 3747 1237 3814 οἰκεῖν

128 3851 177 3893 ων
191 3849 256 3893 ονιι
285 3849 340 3911 χω.
1232 3880 1236 3885 .

107 3852 127 3913 κ
178 3912 305 3995 Rosia]
328 3913 434 3977 Politis
449 3913 545 3975 nimia
559 3925 639 3976 arte:
660 3917 837 3977 translatum
850 3919 889 3979 ab
907 3919 1052 3983 eborariis
1071 3933 1102 3983 et
1121 3931 1236 3984 statua-

92 4000 154 4067 riis.
198 3998 312 4067 Statius
326 3999 364 4063 de
378 3998 489 4063 Phidia
502 3998 589 4079 [silv.
604 3998 659 4078 IV,
673 4005 702 4078 6,
720 4007 793 4074 271:

390 4080 483 4169 quod
498 4081 582 4148 ebur
598 4084 722 4147 Pisaeo
738 4084 866 4170 pollice
884 4109 1011 4154 rasum.

43 4186 95 4247 m
180 4174 231 4237 86.
254 4166 404 4252 Librae]
426 4169 589 4251 Eleganter
602 4181 633 4232 et
646 4183 733 4258 apte:
756 4194 830 4235 narn
846 4171 978 4256 Gorgiae
992 4175 1162 4241 imitatores
1175 4200 1237 4240 non

94 4261 198 4327 solum
211 4254 357 4345 periodos
377 4267 514 4319 accurate
528 4256 680 4342 polibant,
703 4256 758 4320 sed
776 4260 909 4339 singulas
925 4263 1018 4324 etiam
1038 4258 1189 4327 dictiones
1204 4284 1240 4325 ac

94 4346 229 4425 syllabas
241 4342 275 4406 in
289 4344 352 4405 line
365 4340 563 4429 periodorum
581 4343 717 4405 maxime
735 4344 950 4430 expendebant
970 4359 1061 4433 atque
1082 4348 1240 4436 appende-

95 4434 187 4509 tant,
208 4441 241 4493 ut
255 4428 371 4495 exirem
381 4424 508 4491 tandem
520 4426 591 4490 illae
604 4428 729 4510 figurae,
743 4452 818 4516 quas
832 4430 911 4497 adeo
924 4434 1119 4516 affectabant,
1133 4436 1239 4521 parisa,

83 318 128 382 ⁹2
455 310 866 383 COMMENTARIUS
996 332 1000 339 ’
