2700 4972
321 33 346 86 'J

282 296 285 301 ’
325 310 389 379 an
417 308 589 386 tarsu
615 266 933 384 sertatum
1001 282 1004 287 ’
1044 312 1050 417 j
1122 298 1215 382 <aa

79 482 131 551 dis
148 481 240 549 donis
253 482 480 567 ,contralegem
494 482 631 549 Cinciam
652 482 758 564 [latam
771 484 809 549 U.
830 482 865 551 G.
879 482 963 562 ¹549,
984 483 1041 550 sed
1057 489 1121 568 jam
1144 497 1215 551 ante

78 570 246 638 Claudium
271 571 487 655 imperatorem
508 574 694 651 neglectam,
716 592 748 635 v.
771 571 817 635 Pl.
839 581 870 633 et
885 568 1038 653 Donum]
1061 584 1162 651 notat,
1185 584 1216 635 et

77 678 191 721 eorum
209 656 442 733 illiberalitatem
462 658 648 741 perstringit,
670 656 722 741 qui
741 657 851 719 talibus
867 657 1043 725 muneribus
1060 648 1137 721 illos¹
1149 658 1267 720 ‹to-eu

77 754 189 806 nerent
212 742 288 819 [imo
305 740 385 803 recte
405 743 585 803 observante
598 742 743 805 bleistero
760 744 860 805 solam
877 746 969 806 notat¹
984 745 1143 807 avaritiam
1158 765 1216 829 pa-

77 839 257 906 tronorum,
280 847 357 910 <puae
376 828 426 888 vel
446 829 484 887 ab
507 827 544 889 iis
569 826 650 889 dona
672 849 734 888 uon
757 822 906 913 repudiet,
933 828 1042 912 quihus
1057 830 1135 891 nihil
1153 840 1216 891 erat

77 924 202 999 praeter
223 932 350 975 suornm
368 932 510 992 agrorum
531 911 690 990 fructum]:
719 911 757 974 de
787 935 847 997 quo
873 916 959 1000 plura
979 914 1136 979 luvenalis
1162 915 1216 976 ille

77 1002 151 1063 loco
165 998 284 1060 Satirae
301 994 375 1060 Vll.
409 992 589 1085 =[Pinguem
604 996 737 1060 Umbros
752 999 880 1083 exphcat
892 999 1054 1063 llleisterus
1071 996 1113 1060 cta
1129 997 1217 1061 loeio

77 1079 238 1170 quibued.
248 1080 375 1146 -Pereii
389 1081 485 1168 (Lips.
504 1082 598 1163 1810)
616 1105 645 1168 p.
661 1087 702 1148 56
717 1088 793 1145 bene
807 1085 945 1162 nutritos,
960 1087 1123 1147 habiliores
1139 1082 1220 1161 (cler

77 1167 198 1233 durch
223 1165 299 1230 seia
324 1162 558 1230 Gerateabretl
581 1167 838 1253 malagenam-te
863 1167 1105 1250 Laadmaaa):
1136 1168 1221 1255 quod

77 1276 194 1320 venun
214 1275 283 1317 esse
309 1264 432 1339 aparct
455 1255 551 1335 ‘etiam
579 1276 597 1316 e
623 1255 755 1316 collectis
779 1275 798 1315 a
819 1253 928 1335 Scalig.
958 1254 1159 1341 ap..Taulrm.
1179 1254 1222 1317 ad
1333 1282 1336 1287 ·

77 1341 183 1407 Plaut.
206 1340 273 1403 Mil.
293 1275 349 1416 Ill,
375 1344 401 1417 t,
424 1341 483 1417 53,
510 1340 604 1403 Voss.
624 1338 664 1400 ad
693 1338 799 1401 Catull.
819 1338 951 1419 XXIX,
979 1347 1034 1421 113
1062 1340 1119 1405 sed
1137 1339 1223 1425 qnod

77 1426 183 1492 Web.
205 1428 266 1487 hnc
286 1427 378 1486 refert
393 1424 576 1486 Umbrorum
597 1427 747 1574 populmn
765 1426 859 1489 fuisse
880 1420 1095 1507 ἁβροδίαιτον
1115 1446 1223 1505 παρα-

78 1508 237 1595 πλησίως
259 1530 295 1573 τε
317 1504 481 1590 βιοτεύειν
498 1514 568 1587 τοῖς
581 1515 632 1573 Ae
657 1514 724 1589 οῖς,
746 1513 811 1590 ejus
827 1510 906 1575 tides
928 1524 993 1577 esto
1007 1511 1222 1599 penes-Theo·

90 1600 263 1685 portlpum,
284 1595 394 1660 Athen.
414 1592 491 1660 XII.
512 1618 541 1683 p.
557 1597 630 1663 527.
649 1596 702 1677 a]

101 1722 105 1729 '
177 1714 258 1797 [75.,
272 1710 391 1797 Piper.
420 1713 596 1800 „Tempore
609 1712 705 1777 Persii
723 1714 812 1800 piper
829 1736 937 1778 verum
955 1713 1097 1779 Indicum
1120 1717 1226 1797 magni

87 1802 218 1867 venibat
245 1810 277 1861 et
327 1794 451 1863 eadere
482 1797 678 1875 emebatur,
715 1808 755 1861 ut
779 1821 905 1862 aarum
933 1800 992 1865 vet
1017 1812 1226 1888 argeutum

88 1888 137 1952 Pl.
152 1886 197 1949 H·
212 1884 250 1949 N·
331 1890 383 1964 ,7.
404 1884 519 1970 Piperis
538 1889 679 1948 arborem
693 1889 756 1963 jam
777 1885 901 1970 quidem
921 1886 1005 1951 Italia
1024 1889 1148 1966 habuit,
1171 1886 1229 1950 sed

89 1970 200 2045 Indica
218 1962 377 2037 viliorem:
400 1967 520 2033 deerat
539 1968 630 2033 testa
652 1970 719 2033 itta
737 1971 923 2034 maturitas
945 1971 1087 2057 ideoque
1109 1983 1145 2035 et
1165 1994 1228 2035 ru-

87 2077 222 2145 garum
237 2052 438 2142 celerisque
455 2053 660 2119 similitude.
682 2056 757 2119 Plin.
771 2057 866 2120 ibid.“
908 2059 953 2122 Pl.
968 2080 985 2120 e
998 2059 1144 2121 llleistero
1160 2061 1181 2120 l.
1198 2060 1229 2136 l.,

91 2144 144 2229 qui
156 2144 247 2223 hujus
262 2142 383 2222 ⁴generis
397 2144 484 2228 piper
498 2143 635 2205 Marsum
652 2144 793 2204 clientem
809 2156 939 2231 patrono
964 2142 1109 2208 obtulisse
1129 2144 1230 2219 anbu-

93 2229 247 2307 advertit.]
476 2258 479 2263 ·
989 2274 993 2283 .

180 2335 233 2396 te.
264 2325 458 2416 Maeaaqae
489 2325 581 2416 praed
604 2327 724 2413 prima
748 2314 901 2394 abaciam
933 2322 1242 2417 defeceram]

94 2414 177 2489 Orca
206 2425 254 2479 est
280 2410 382 2497 ὕρχη,
414 2438 472 2501 qua
494 2417 633 2479 similiter
652 2414 761 2479 Graeci
785 2418 824 2479 aa
853 2422 1034 2481 salsamenta
1058 2420 1230 2480 utebantur.

95 2498 224 2567 scieas:
258 2493 406 2582 ὕρχας,
435 2499 576 2583 κεράμια
605 2496 720 2583 ἀγγεῖα
748 2499 948 2568 ὑποδεκτικοὶ
977 2502 1137 2585 ταρίχων,
1166 2497 1230 2566 do‘e

97 2580 180 2653 aiala
196 2582 331 2670 ἔχονται
351 2590 416 2648 fere
431 2599 534 2651 tamen
548 2590 800 2652 salsamentorum
813 2610 887 2653 vasa
904 2602 933 2652 et
947 2585 1055 2652 Graeci
1068 2601 1098 2651 et
1113 2600 1232 2652 veteres

96 2670 198 2738 Latini
215 2669 376 2747 aeremia
402 2671 557 2753 dixerunt3
590 2674 709 2759 prima
736 2696 820 2737 orca
845 2677 897 2738 vel
923 2696 997 2738 vere
1023 2676 1135 2760 prima,
1162 2694 1233 2735 cum
1260 2680 1263 2685 '

96 2762 199 2848 plures
220 2757 310 2819 datae
324 2759 436 2819 fuerint
453 2780 471 2820 a
486 2761 659 2838 clientibus,
682 2763 734 2823 vel
749 2784 806 2846 pro
819 2773 903 2846 parte
914 2762 1013 2846 prima
1026 2782 1061 2822 ac
1078 2760 1233 2844 superiore

77 2866 206 2923 ,orcae3
225 2842 312 2905 idem
326 2844 477 2927 utriusque
490 2846 741 2930 interpretationis
755 2858 799 2908 est
811 2868 934 2909 sensus:
956 2857 1072 2921 tantam
1084 2842 1237 2925 ejusmodi
1269 2842 1285 2895 ἰ

98 2950 265 2995 munerum
280 2930 400 3013 copiam
411 2930 517 2994 solitos
536 2942 680 3016 patronos
698 2934 852 3018 accipere,
873 2942 908 2993 ut
921 2952 1007 2994 orcas
1024 2932 1157 3011 integras
1168 2930 1236 2990 iha-

99 3028 147 3080 tas
161 3014 275 3103 perdiu
286 3022 428 3079 servent·
444 3013 447 3017 ’
1229 3038 1234 3047 ·

190 3139 244 3199 772
269 3129 341 3196 Hie
355 3131 485 3218 aliquis
498 3129 541 3195 de
556 3142 662 3222 geute
685 3132 824 3199 hircosa
843 3128 1084 3198 centurionum
1099 3129 1236 3210 Dicat]

102 3222 263 3286 Hactenus
282 3222 334 3281 hic
359 3220 465 3282 doctor
483 3221 524 3281 ita
546 3243 619 3283 suos
644 3219 806 3306 discipulos
834 3220 874 3283 ad
898 3220 1111 3306 philosophiae
1137 3217 1239 3282 studia

103 3302 257 3385 incitavit,
279 3304 527 3391 tanquam‘apud
544 3328 652 3368 omnes
677 3318 827 3369 constaret
851 3306 889 3369 de
906 3308 985 3370 illius
1006 3306 1186 3392 praestantia
1208 3306 1250 3366 et'

104 3393 144 3456 ad
162 3397 286 3455 beatam
298 3392 394 3455 vitam
409 3392 602 3454 necessitate:
624 3388 704 3453 nime
725 3414 846 3455 memor
858 3392 979 3455 Romae
998 3415 1032 3456 se
1046 3394 1123 3453 haec
1140 3389 1240 3451 dicere

105 3478 310 3559 etjuvenilvus
323 3476 487 3556 Romanis,
509 3499 637 3563 quorum
649 3499 735 3540 aures
750 3500 856 3540 eorum
873 3480 1000 3541 vocibus
1017 3472 1152 3564 quotidie
1170 3496 1242 3559 per-

105 3566 276 3649 sonabant,
297 3562 349 3648 qui
359 3564 571 3648 philosophiae
591 3562 727 3626 studium
745 3562 910 3627 irridebant
932 3576 963 3626 et
985 3564 1158 3625 amoribus
1172 3560 1242 3623 Re-

85 3650 208 3713 'manis
229 3649 364 3711 alienum
377 3648 565 3729 dictitabant,
586 3648 625 3710 ad
647 3650 721 3712 istos
743 3650 913 3711 orationem
930 3650 1078 3712 convertit
1097 3659 1128 3711 et
1146 3647 1243 3710 vitam

106 3738 249 3823 ipsorum
270 3736 310 3795 ob
329 3733 406 3795 illud
427 3735 544 3819 ipsum,
568 3733 652 3819 quod
676 3734 904 3820 philosophiam
924 3745 1121 3819 aspernentur
1131 3738 1152 3809 ,¹·
1161 3732 1255 3804 vitiis

109 3823 256 3884 omnibus
268 3840 336 3883 esse
355 3820 520 3882 obnoxiam
534 3823 659 3905 prebat,
681 3832 770 3904 atque
782 3822 823 3883 ita
839 3810 940 3898 allicit,
960 3842 1001 3885 ne
1015 3818 1088 3904 quid
1099 3815 1244 3903 ponderis

110 3906 192 3992 apud
208 3904 376 3990 discipulos
392 3927 464 3968 suos
483 3908 595 3967 horum
609 3928 703 3968 voces
715 3909 854 3968 habeant·
897 3904 1035 3977 Primum
1046 3906 1136 3985 igitur
1150 3922 1247 3962 unum

112 3995 247 4077 aliquem
262 3993 391 4053 istorum
406 3990 521 4053 inducit
540 3991 701 4072 agrestium
716 4003 746 4052 et
762 3992 937 4077 opicorum,
958 3992 1011 4075 qui
1028 3990 1069 4065 ad
1088 3987 1193 4073 studia
1203 3985 1248 4046 rei
1317 4031 1321 4039 .

112 4078 266 4155 militaris,
289 4099 352 4139 non
371 4079 602 4163 philosophiae,
629 4077 790 4139 Romanos
809 4098 843 4139 se
865 4079 1015 4161 applicare
1033 4076 1144 4137 dehere
1163 4071 1249 4151 jacti-

112 4168 234 4227 tabant:
256 4163 305 4225 his
317 4164 387 4229 totis
400 4185 516 4225 novem
531 4164 680 4227 continuis
692 4164 830 4225 versibus
844 4184 898 4224 eos
910 4161 1104 4246 reprehendit
1116 4180 1150 4220 ac
1161 4155 1249 4230 ridet,

134 4252 166 4311 ui
185 4249 362 4313 doctoribus
383 4250 549 4334 sapientiae
572 4270 698 4334 operam
719 4250 889 4329 navabant,
911 4246 1023 4311 deinde
1045 4242 1300 4330 sequ'crrtibusaffi

114 4272 238 4399 duobus
253 4334 393 4399 versibus
405 4333 575 4397 ostenditur
586 4338 646 4397 hoc
664 4334 749 4413 vulgi
761 4333 973 4397 Romanorum
994 4345 1024 4396 ct
1038 4336 1250 4418 plerumnque

116 4423 257 4487 omnium
268 4418 515 4502 mejudicium,
528 4418 617 4484 -hanc'
636 4418 676 4485 de
695 4420 891 4510 philosophia
910 4420 1102 4487 sententiam.
1173 4444 1195 4485 ,·
