2700 4972
92 312 95 319 ¹
149 338 204 438 'aa
514 312 929 437 somniarimus

162 540 307 604 historiae
319 562 422 605 rerum
432 541 695 618 memorabilium,
718 561 794 626 quae
808 538 869 602 ruri
881 548 952 601 sunt
962 540 1075 601 factae:
1096 560 1172 602 nam
1183 539 1238 625 qui
1252 562 1299 603 rus

102 676 109 693 .
162 637 216 688 aut
233 628 377 690 rustibam
393 628 489 690 vitam
502 627 626 690 laudare
640 626 865 708 aggredientur,
887 625 919 685 in
934 645 1002 686 rem
1013 644 1103 687 suam
1113 626 1184 688 illas
1204 626 1298 688 histo-

162 713 222 776 n'as
243 713 318 775 scite
339 713 556 794 converterint3
576 734 667 799 porro
689 710 842 791 ejusmodi
859 710 1004 772 historiae
1022 722 1111 789 sunt,
1131 732 1211 859 qpae
1233 712 1296 773 heic

162 809 339 878 tanguntur,
361 798 470 862 Parilia
483 799 550 863 sive
562 797 682 861 Romae
698 798 780 860 urbis
792 798 877 876 origo
891 807 923 857 et
936 793 1064 857 Romuli
1082 817 1119 858 ac
1162 797 1228 857 emi
1243 817 1295 859 na-

112 882 242 946 llltales
264 894 296 945 et
315 884 351 946 L.
373 881 503 962 Quintio
529 883 705 947 Cincinnato
723 882 822 945 delata
836 881 997 954 dictatura,
1014 903 1086 943 cum
1101 903 1155 944 rus
1175 884 1293 945 coleret.
1330 916 1334 925 ·

162 969 329 1047 [Hactenus
340 981 437 1051 recte3
459 970 700 1054 insequentibus
720 972 846 1032 aberrat.
889 966 993 1029 Heroa
1013 978 1043 1029 et
1062 966 1190 1047 grandia
1207 968 1294 1031 moli-

162 1066 265 1132 untur,
286 1075 394 1118 sensus
409 1067 440 1117 et
452 1056 578 1118 affectus
593 1057 790 1136 magnificos,
812 1054 865 1139 qui
880 1073 920 1114 ne
936 1050 1035 1133 idyllii
1046 1050 1174 1137 quidem
1195 1053 1293 1115 humi-

160 1142 277 1202 litatem
288 1141 479 1225 tranquillam
490 1141 560 1204 stilo
573 1140 793 1226 assequuntur]
837 1137 902 1201 Sed
915 1137 1144 1202 observandum
1160 1150 1208 1203 eat
1222 1138 1294 1225 poli-

160 1236 225 1286 tam
238 1224 392 1305 sigillatim
403 1228 479 1288 haec
492 1227 535 1289 ita
548 1249 705 1290 recensere
718 1248 782 1287 non
801 1236 946 1309 tanquam
962 1224 1135 1303 rhetorem,
1158 1224 1213 1311 qui
1226 1246 1293 1287 suos

162 1309 327 1411 discipulos
338 1311 472 1375 instituat
485 1323 515 1374 et
530 1311 570 1374 ad
582 1315 684 1375 fontes
704 1310 834 1391 digitum
849 1308 1003 1389 intendat,
1023 1307 1080 1373 sed
1093 1322 1129 1372 ut
1143 1309 1294 1373 satiricum

162 1398 401 1461 cachmnonem:
423 1401 524 1461 solent
533 1409 636 1460 autem
651 1409 682 1460 et
702 1396 811 1459 satirici
821 1394 932 1480 poeitae
952 1405 984 1461 et
1004 1395 1115 1457 comici
1134 1408 1167 1459 et
1180 1416 1294 1475 omnes,

162 1482 261 1565 quiin
277 1481 435 1567 carpendis
447 1484 529 1547 vitiis
541 1494 714 1562 versantur,
736 1480 777 1544 ad
792 1482 981 1560 singulorum
994 1480 1076 1542 facta
1089 1502 1185 1567 saepe
1201 1502 1251 1545 res
1270 1480 1278 1496 '

161 1587 239 1645 cere,
257 1578 292 1628 ut
305 1569 454 1650 quasisub
468 1572 610 1652 exemplo
628 1567 758 1631 doceant
771 1579 802 1630 et
816 1567 913 1630 acrius
927 1577 1080 1650 pungant3
1101 1564 1189 1629 haud
1206 1565 1248 1628 du
1269 1568 1293 1629 'e

59 1724 62 1731 ¹
160 1649 282 1715 Persius
299 1674 393 1738 saepe
413 1655 447 1715 in
466 1655 527 1715 hoc
544 1656 649 1717 libello
667 1653 700 1715 id
723 1654 811 1728 fecit,
842 1664 878 1714 ut
897 1653 1000 1738 paullo
1021 1663 1092 1736 post
1110 1653 1186 1737 ipsis
1205 1653 1293 1715 etiam

160 1735 292 1800 Neronis
307 1740 446 1802 versibus
460 1741 584 1825 prolatis
596 1752 627 1803 et
635 1739 751 1802 Satirae
763 1759 836 1801 suae
849 1738 987 1801 insertim
1009 1758 1118 1801 verum
1130 1760 1191 1801 nos
1203 1736 1293 1801 hodie

160 1823 280 1887 amissis
290 1825 462 1888 auctoribus
472 1825 518 1887 illi
530 1826 706 1910 aequalibus
723 1836 754 1887 et
768 1823 918 1886 memoria
939 1844 1042 1885 rerum
1055 1824 1180 1887 illarum
1199 1824 1294 1887 extin-

160 1911 316 1991 ctalmulta
337 1931 464 1973 necesse
485 1924 532 1974 est
551 1912 705 1992 ignorare:
725 1911 804 1972 haec
822 1908 894 1971 ideo
916 1907 1065 1982 dicimus,
1086 1908 1158 1993 quia
1173 1930 1294 1995 persua-

158 2012 229 2055 sum
242 1995 393 2058 habemus
407 1995 546 2059 Persium
565 1999 624 2061 isto
638 1998 727 2073 loco,
749 1996 804 2058 ubi
823 2016 875 2058 ms
894 2006 1031 2057 saturum
1048 1992 1209 2081 describit,
1235 2016 1295 2059 cer·
1329 2024 1332 2049 =

157 2088 225 2139 trun
238 2079 370 2164 aliquem
382 2102 509 2142 suorum
527 2083 700 2166 aequalium
713 2079 828 2158 ridere,
850 2081 902 2164 qui
919 2080 953 2141 in
972 2101 1011 2141 eo
1029 2092 1211 2160 argumento
1233 2082 1295 2145 ine·

157 2174 210 2248 pte
223 2175 314 2251 atque
328 2166 487 2243 infeliciter
498 2169 597 2230 luerat
610 2177 764 2230 versatus:
787 2167 915 2228 omnino
931 2167 992 2227 hoc
1006 2165 1049 2228 ita
1065 2186 1134 2229 esse
1153 2166 1294 2231 evincunt

157 2250 210 2312 rel
220 2250 273 2311 illa
288 2253 396 2329 verba,
419 2253 528 2336 quibus
546 2252 597 2314 hic
618 2256 704 2316 locus
723 2250 882 2314 clauditur:
911 2248 1013 2334 Euge
1034 2248 1160 2335 poe'to,
1188 2252 1295 2339 quibus

157 2334 306 2413 significat
316 2347 381 2399 tam
391 2337 531 2423 ineptum
545 2360 666 2401 carmen
677 2339 836 2400 recitatum
846 2337 1048 2400 uilrilominus
1058 2337 1155 2401 fuisse
1167 2348 1200 2401 et
1212 2336 1295 2487 Ψι-

47 2422 55 2445 ’
156 2439 210 2481 sus
229 2441 360 2500 magnos
378 2424 493 2487 tulisse.
536 2421 622 2501 Quid
642 2423 837 2508 potissimum
855 2422 888 2485 in
908 2444 947 2485 eo
968 2422 1113 2507 poemate
1130 2445 1220 2511 repre
1242 2446 1296 2487 en·

156 2502 242 2566 deret
256 2504 393 2585 Persius,
416 2529 455 2569 eo
472 2509 587 2572 amisso
612 2509 786 2572 nescimuse
814 2507 870 2570 sed
897 2506 1009 2571 docent
1035 2510 1178 2573 rhetores·
1194 2511 1297 2590 hujus-

156 2586 246 2651 modi
262 2589 386 2654 rudium
405 2593 599 2674 ingeniorum
620 2595 855 2658 exercitamenta
874 2595 980 2658 valeo
998 2595 1125 2656 nomine
1145 2596 1238 2659 solita
1251 2616 1297 2659 re-

156 2674 322 2759 prehendi,
344 2677 429 2762 quod
448 2677 533 2741 arida
551 2691 653 2743 essent
672 2691 762 2765 atque
785 2682 908 2759 jejuna,
935 2680 988 2743 vel
1005 2691 1127 2759 contra,
1155 2680 1241 2767 quod
1258 2680 1297 2744 si-

157 2781 255 2823 nuosa
271 2773 301 2823 et
317 2763 468 2827 accersitis
481 2763 742 2850 descriptionibus,
755 2766 789 2827 in
805 2786 894 2850 quas,
908 2764 952 2827 ait
964 2761 1189 2847 Quintilianus,
1209 2766 1297 2853 pleri-

157 2866 216 2929 que
228 2847 400 2911 imitatione
412 2849 552 2934 poeticae
564 2851 704 2914 licentiae
717 2850 876 2929 ducuntur,
889 2850 1017 2915 lasciva:
1038 2871 1079 2913 an
1090 2851 1184 2931 igitur
1193 2864 1297 2915 utrun-
1338 2854 1340 2913 l

156 2952 217 3016 que
229 2931 349 2997 Persius
363 2935 482 3021 carpit?
502 2936 578 3021 quid
589 2936 702 3001 aridius
714 2949 767 3000 aut
777 2936 909 3018 jejunius
927 2936 1004 3023 fingi
1019 2932 1124 3021 potest
1145 2942 1242 3024 quani
1261 2937 1295 3017 si,

107 3023 157 3081 115
165 3038 237 3079 cum
248 3018 412 3083 institueris
425 3042 477 3084 rus
495 3034 632 3085 saturum
642 3020 780 3101 laudare,
803 3022 880 3084 circa
902 3024 1018 3099 corbes,
1041 3024 1166 3103 focum,
1231 3044 1296 3089 reos

156 3113 188 3165 et
202 3105 332 3167 foenum
343 3106 539 3175 immoreris?
563 3109 645 3173 levia
657 3108 744 3172 enim
758 3110 815 3172 ista
831 3118 902 3173 sunt
922 3128 958 3169 ac
977 3107 1066 3169 nihili
1085 3128 1161 3192 prae
1175 3044 1295 3173 bienni

157 3185 335 3275 Cererisque
357 3193 552 3273 muneribus,
573 3197 727 3257 fructuum
747 3195 851 3280 eopia,
879 3193 1020 3274 gregibus
1041 3203 1133 3279 atque
1153 3194 1295 3259 mmeritis

155 3274 281 3359 aliisque
293 3277 406 3356 multis,
426 3279 580 3364 inquibus
593 3280 670 3343 sitae
683 3291 755 3344 sunt
768 3300 911 3359 agrorum
925 3277 1049 3343 diritim
1061 3299 1097 3341 ac
1113 3281 1296 3360 suavitates;

154 3378 256 3422 rursus
268 3359 393 3424 sinuosa
411 3384 447 3424 ac
459 3365 573 3428 lasciva
591 3365 632 3429 sit
644 3366 742 3429 oratio
761 3386 888 3428 necesse
903 3375 962 3444 est,
994 3365 1022 3427 si
1037 3363 1198 3443 historias,
1221 3386 1296 3453 quae

153 3443 224 3505 heic
237 3455 416 3525 tangamtur,
437 3450 507 3511 fuse
521 3452 713 3536 prosequaris
730 3472 788 3514 nec
809 3448 940 3513 modum
959 3470 1078 3515 serves:
1099 3448 1185 3537 quod
1207 3454 1298 3534 longe

155 3527 370 3594 difficillimum
384 3543 439 3597 est

246 3628 316 3695 Ubi
335 3631 478 3717 corbes]
500 3636 540 3701 Et
558 3634 676 3700 corbes
690 3649 722 3701 et
743 3635 905 3704 corbulae
919 3637 1001 3726 apud
1018 3637 1062 3701 rei
1078 3639 1212 3705 rusticae
1226 3638 1295 3705 seri-

155 3727 259 3803 ptores
271 3718 394 3805 passim.
1218 3758 1222 3767 ·

242 3825 294 3886 72.
316 3818 366 3885 Et
377 3816 510 3907 focus]
540 3824 651 3913 Scripti
668 3825 809 3913 quidam:
838 3825 888 3892 Et
900 3822 1026 3912 fucus,
1047 3846 1229 3914 perperam:
1251 3846 1298 3889 ea-

155 3903 257 3968 minus
269 3908 438 3973 luculentus
449 3934 511 3974 non
526 3913 655 3976 minima
670 3934 740 3999 pars
753 3925 800 3978 est
813 3912 1049 3978 commodorum
1064 3912 1149 3976 vitae
1160 3913 1296 3977 ωεῆωο.

155 3989 302 4071 Virgilius
318 3991 393 4070 [Ecl.
411 3995 453 4075 V,
469 3999 541 4078 70]:

240 4090 336 4158 Ante
355 4093 490 4181 focum,
511 4097 542 4161 si
554 4095 678 4189 frigus
700 4098 785 4174 erit‚·
810 4097 841 4161 si
863 4098 1001 4177 messis,
1024 4099 1060 4164 in
1082 4097 1231 4175 umbra,·
1271 4176 1276 4181 ¹

156 4206 187 4283 et
202 4199 348 4299 fortasse,
366 4200 419 4285 qui
431 4202 483 4302 bic
495 4201 628 4283 ridetur,
641 4202 742 4352 tpoie‘ta
762 4204 857 4267 alium
877 4206 981 4266 locum
1003 4215 1067 4266 erat
1085 4201 1223 4268 imitatus
1241 4224 1295 4291 pa-

155 4303 224 4347 rum
237 4285 379 4365 fehcrter,
402 4288 458 4350 ubi
471 4290 578 4351 focum
588 4291 640 4352 lau
662 4300 693 4351 at
706 4288 794 4353 Maro
819 4287 892 4369 [Ecl.
909 4287 983 4368 VII,
1007 4291 1049 4355 49
1070 4290 1169 4375 sqq.]:

241 4380 314 4448 Hic
326 4381 434 4473 focus
456 4397 493 4453 et
512 4386 615 4454 tedae
634 4387 781 4477 pingues
788 4412 801 4470 3
822 4388 880 4455 bic
897 4388 1076 4478 plurimus
1097 4390 1195 4478 ignis

242 4466 388 4560 Semper
402 4483 439 4540 et
459 4472 603 4541 assidua
620 4484 740 4565 postes
753 4471 913 4567 fieligine
934 4473 1048 4565 nigris
