2700 4972
85 314 88 323 ⁵
153 376 198 441 aa
507 346 923 438 corrnaurralus
1032 426 1035 431 ,

155 543 300 607 historiae
312 564 414 607 rerum
424 541 688 619 memorabilium,
711 562 787 627 quae
801 539 862 603 ruri
875 549 946 602 sunt
955 541 1068 601 factae:
1089 539 1231 625 nam-qui
1244 562 1288 603 ras
1297 562 1311 587 .-

96 680 102 695 .
155 641 209 691 aut
227 630 371 692 rustidam
386 630 482 693 vitam
495 627 619 691 laudare
633 627 858 709 aggredientur,
880 627 912 686 in
927 645 996 704 rem
1007 644 1097 688 suam
1107 626 1179 689 illas
1198 626 1287 688 histo-

155 715 215 779 rias
237 715 311 777 scite
332 715 549 795 converterint3
570 736 661 800 porro
683 710 835 791 ejusmodi
853 711 997 772 historiae
1015 722 1105 789 sunt,
1124 732 1205 859 qpae
1226 711 1286 773 heic

155 811 332 880 tanguntur,
354 800 463 864 Parilia
477 801 543 864 sive
555 799 676 863 Romae
692 799 773 861 urbis
785 799 870 876 origo
885 806 916 857 et
929 793 1058 858 Romuli
1075 818 1113 859 ac
1157 797 1221 857 erni
1236 817 1285 861 ua·

106 884 237 948 tlltales
257 897 288 948 et
309 886 345 948 L.
367 883 496 964 Quintio
522 884 699 949 Cincinnato
716 884 815 946 delata
830 882 990 954 dictatrna,
1008 903 1080 943 cum
1095 903 1150 945 rus
1169 884 1282 945 coleret.

155 971 322 1049 [Hactenus
334 983 430 1053 recte3
452 972 694 1056 insequentibus
713 973 839 1033 aberrat.
882 966 987 1031 Heroa
1006 979 1037 1029 et
1055 967 1184 1049 grandia
1200 967 1283 1031 moli-

155 1068 258 1134 untur,
280 1078 387 1120 sensus
402 1069 433 1120 et
446 1057 572 1120 affectus
586 1057 784 1137 magnificos,
805 1054 859 1141 qui
874 1074 914 1115 ne
929 1051 1028 1134 idyllii
1040 1052 1168 1139 quidem
1189 1053 1283 1115 hurni-

153 1145 271 1204 litatem
281 1143 473 1227 tranquillam
484 1143 554 1207 stilo
567 1141 787 1227 assequuntur]
831 1138 896 1201 Sed
909 1137 1140 1202 observandum
1154 1150 1202 1202 eat
1215 1138 1284 1225 poil-
1329 1186 1332 1197 .

154 1239 219 1289 tam
231 1228 385 1309 sigillatim
397 1230 473 1290 haec
486 1229 528 1291 ita
541 1250 699 1291 recensere
712 1248 776 1288 non
795 1237 940 1310 tanquam
956 1224 1130 1305 rhetorem,
1153 1223 1208 1311 qui
1220 1246 1284 1287 suus

156 1312 321 1413 discipulos
332 1314 466 1376 instituat
479 1325 509 1375 ct
523 1313 562 1376 ad
576 1317 678 1376 fontes
699 1311 828 1392 digitum
842 1307 997 1390 intendat,
1017 1308 1074 1373 sed
1087 1322 1123 1373 ut
1138 1309 1284 1373 satiricum
1326 1350 1331 1393 :

156 1400 395 1464 cachmnonem:
417 1401 518 1462 solent
527 1410 630 1462 autem
645 1411 676 1461 et
695 1398 805 1460 satirici
816 1395 926 1481 politae
946 1406 978 1461 et
998 1395 1110 1469 cornici
1128 1408 1162 1459 et
1175 1416 1285 1475 ornnes,

156 1484 209 1569 qui
221 1484 254 1545 in
272 1483 429 1569 carpendis
441 1486 523 1549 vitiis
535 1496 708 1562 versantur,
730 1482 771 1545 ad
786 1482 974 1561 singulorum
988 1481 1070 1543 faeta
1083 1502 1180 1567 saepe
1263 1480 1272 1497 '
1313 1546 1316 1551 ,

155 1589 233 1647 cere,
251 1581 285 1631 ut
299 1571 384 1653 quasi
391 1573 448 1633 sub
462 1573 604 1654 exemplo
622 1569 752 1633 doceant
765 1580 796 1630 et
810 1567 908 1631 acrius
921 1577 1075 1652 pungant;
1096 1564 1184 1633 haud
1196 1502 1285 1629 qm

155 1653 276 1717 Persius
293 1676 387 1740 saepe
408 1657 440 1717 in
460 1657 521 1717 hoc
539 1659 643 1719 libello
660 1654 694 1717 id
717 1655 805 1728 fecit,
837 1665 873 1715 ut
891 1654 995 1738 paullo
1015 1663 1087 1736 post
1103 1653 1181 1737 ipsis
1189 1652 1284 1717 ,etiam
1329 1714 1332 1735 ,

154 1738 286 1802 Neronis
300 1741 440 1804 versibus
454 1743 578 1828 prolatis
590 1740 745 1804 etSatirae
756 1760 830 1803 suae
843 1738 981 1801 insertis:
1002 1759 1113 1803 rerum
1125 1760 1186 1803 nos
1198 1736 1285 1801 hodie

154 1825 274 1889 amissis
284 1827 456 1890 auctoribus
466 1828 511 1888 illi
524 1828 700 1912 aequalibus
717 1837 748 1888 et
762 1824 912 1887 memoria
933 1844 1036 1885 rerum
1049 1824 1183 1887 illarum·
1194 1824 1286 1889 exttn
1329 1830 1332 1875 ἰ

154 1921 201 1972 cta
211 1913 311 1993 multa
332 1933 458 1975 necesse
479 1924 526 1976 est
545 1913 699 1993 ignorare:
720 1913 798 1974 haec
816 1908 888 1972 ideo
910 1908 1059 1982 dicimus,
1080 1908 1155 1994 quia
1166 1930 1286 2011 persua-
1330 1902 1332 1921 '

153 2016 224 2058 sum
237 1997 387 2060 habemus
402 1997 540 2060 Persium
559 1999 618 2061 isto
633 2000 721 2075 loco,
743 1996 798 2058 ubi
818 2016 869 2059 rus
888 2007 1025 2057 saturum
1042 1992 1205 2083 describit,
1229 2016 1287 2059 cer·
1330 2058 1332 2062 Α

151 2091 219 2142 turn
232 2082 364 2166 aliquem
376 2104 504 2144 suorum
522 2084 695 2167 aequalium
707 2081 821 2158 ridere,
844 2082 896 2165 qui
912 2081 947 2142 in
966 2101 1005 2142 eo
1024 2092 1208 2160 argumento
1227 2082 1286 2167 ine-

151 2175 204 2251 pte
217 2177 308 2253 atque
322 2168 481 2245 infeliciter
492 2171 592 2231 brerat
605 2179 758 2232 versatus:
781 2168 909 2228 omnino
926 2168 987 2228 hoc
1000 2165 1044 2227 ita
1059 2187 1130 2231 esse
1149 2166 1286 2249 erinqpnt
1315 2220 1319 2225 .

27 2320 34 2337 .
152 2253 267 2314 velilla
282 2255 390 2331 verba,
413 2255 523 2338 quihus
540 2255 591 2317 hic
613 2257 698 2316 locus
718 2251 876 2315 clauditur:
906 2249 1008 2335 Euge
1028 2248 1156 2336 poeta,
1183 2246 1286 2339 qm'ba'rt

151 2336 300 2416 significat
311 2350 376 2400 tam
385 2339 526 2425 ineptum
539 2361 662 2403 carmen
672 2340 831 2401 recitatum
841 2337 1042 2401 nihilominus
1052 2337 1151 2401 luisse
1162 2348 1196 2401 et
1253 2334 1257 2343 “
1312 2386 1316 2407 ,

42 2424 49 2447 ’
151 2441 205 2484 sus
223 2443 355 2502 magnos
372 2426 488 2488 tulisse.
530 2422 616 2503 Quid
637 2425 831 2510 potissimum
850 2423 883 2485 in
903 2445 941 2486 eo
955 2422 1108 2509 poemate
1126 2445 1216 2511 repre
1236 2446 1288 2497 en·

151 2504 237 2568 deret
251 2507 388 2587 Persius,
410 2531 449 2571 eo
467 2510 582 2573 amisso
607 2511 780 2574 nescimus:
808 2507 865 2571 sed
891 2506 1004 2573 docent
1029 2509 1289 2591 rhetores-,hujus

150 2590 240 2653 modi
257 2592 380 2656 rudium
400 2595 594 2675 ingeniorum
615 2596 849 2660 exercitamenta
868 2596 921 2659 vel
937 2614 975 2656 eo
992 2595 1122 2657 nomine
1141 2595 1233 2659 solita
1246 2616 1290 2663 te·

150 2677 318 2762 prehendi,
339 2679 424 2764 quod
443 2679 526 2747 arida
546 2692 648 2745 essent
666 2692 756 2766 atque
780 2684 902 2760 jejuna,
930 2681 983 2744 rel
1000 2690 1122 2759 contra,
1151 2679 1236 2767 qued
1252 2680 1289 2744 si·

152 2784 250 2826 nuosa
266 2775 297 2826 et
312 2766 463 2829 accersitis
475 2765 737 2852 descriptionibus,
751 2767 784 2828 in
798 2786 889 2851 quas,
903 2764 947 2827 ait
958 2762 1185 2847 Quintilianus,
1206 2765 1289 2853 pleti-

54 2894 56 2899 -
152 2868 211 2932 que
222 2848 395 2913 imitatione
407 2850 548 2936 politicae
559 2852 699 2917 licentiae
712 2851 870 2930 ducuntur,
884 2850 1012 2915 lasciva:
1033 2870 1074 2915 an
1085 2851 1181 2932 igitur
1190 2864 1290 2915 utrun-

151 2954 212 3018 que
223 2932 344 2999 Persius
358 2937 476 3023 carpit?
497 2938 572 3023 quid
584 2937 697 3003 aridius
709 2949 761 3000 aut
772 2934 904 3018 jejunius
922 2936 999 3017 fingi
1012 2932 1121 3022 'potest
1141 2940 1238 3025 quani
1255 2936 1287 3017 α’,

101 3026 152 3083 115
160 3041 233 3081 cum
243 3020 407 3085 institueris
420 3044 471 3086 rus
490 3036 627 3087 saturum
637 3021 774 3102 laudare,
798 3022 875 3085 circa
897 3024 1013 3099 corbes,
1035 3024 1162 3103 focum,
1227 3044 1288 3089 reae

151 3116 183 3168 et
196 3108 326 3169 foenum
338 3108 534 3175 immoreris?
558 3110 639 3175 levia
652 3109 739 3173 enirn
753 3111 810 3173 ista
826 3120 897 3173 sunt
917 3129 953 3170 ac
972 3107 1061 3171 nihili
1081 3129 1158 3193 prae
1171 3044 1288 3173 Viriathi

152 3189 330 3278 Cererisque
352 3195 547 3273 muneribus,
568 3198 721 3258 fructuum
742 3195 847 3280 copia,
874 3194 1015 3275 gregibus
1036 3203 1130 3279 atque
1149 3194 1288 3265 armentis

150 3277 276 3361 aliisque
288 3279 401 3358 multis,
421 3281 575 3365 inquibus
588 3281 665 3345 sitae
678 3293 750 3345 sunt
763 3300 906 3360 agrorum
920 3278 1044 3344 divitiae
1056 3299 1093 3341 ac
1109 3281 1289 3361 suavitatem

149 3382 252 3424 rursus
263 3361 389 3426 sinuosa
406 3385 442 3426 ac
453 3366 568 3430 lasciva
587 3367 627 3430 sit
640 3366 736 3429 oratio
756 3386 882 3428 necesse
898 3377 957 3444 est,
989 3365 1017 3427 si
1032 3362 1196 3445 historiae,
1218 3385 1290 3453 qnae

149 3446 219 3593 didi
232 3457 412 3595 qlahnmguntur,
432 3452 502 3513 fuse
516 3452 708 3537 prosequaris
725 3472 783 3514 nec
804 3449 935 3514 modum
953 3470 1074 3515 servesr
1094 3448 1184 3537 quod
1205 3454 1292 3535 leuge

218 3554 233 3594 c
310 3555 365 3596 um
380 3545 434 3599 est.
975 3562 978 3573 ·

242 3631 312 3697 Ubi
331 3634 473 3719 corbes]
496 3638 536 3702 Et
553 3635 671 3702 corbes
685 3650 717 3703 et
738 3635 901 3703 corbulae
914 3638 997 3726 apud
1013 3637 1058 3701 rei
1073 3598 1290 3707 antiociae

150 3729 254 3804 ptores
266 3721 390 3807 passim.
1098 3764 1101 3769 -
1216 3758 1236 3819 χ

186 3904 194 3921 ⁸
237 3828 289 3889 72.
312 3820 362 3887 Ec
372 3818 505 3908 socna]
535 3825 646 3914 Scripti
663 3826 805 3915 quidam:
833 3825 883 3892 Et
896 3823 1021 3913 fucus,
1041 3846 1227 3913 perperam:
1248 3846 1293 3890 aa·

151 3928 253 3970 mmus
264 3911 434 3975 luculentus
444 3936 507 3976 non
521 3914 650 3977 minima
664 3935 735 4001 pars
748 3926 795 3978 est
808 3913 1045 3979 commodorum
1059 3912 1147 3977 ritae
1158 3914 1292 3979 rusticae

151 3991 298 4074 Virgilius
314 3994 388 4072 [Ecl.
407 3997 448 4077 V,
465 4001 537 4079 70]:

237 4094 331 4160 Ante
351 4095 485 4183 focum,
506 4098 538 4162 si
550 4096 673 4190 frigus
695 4098 780 4175 erit;
805 4097 837 4163 ci
858 4098 996 4177 messis,
1019 4098 1056 4164 in
1078 4097 1229 4176 ombrm
1268 4176 1272 4182 ,

152 4209 183 4285 qt
197 4201 344 4277 fortasse,
362 4202 415 4287 qui
426 4204 478 4267 hic
491 4203 624 4284 ridetur,
668 4203 738 4267 oe'ta
758 4204 853 4269 alium
873 4207 976 4266 locum
998 4215 1063 4266 erat
1081 4200 1221 4270 imitatus
1238 4225 1292 4293 pa·

151 4305 220 4349 rum
233 4286 375 4367 fehciter,
398 4289 454 4353 ubi
467 4227 689 4355 iociunlaudat
702 4289 790 4354 Maro
814 4287 979 4369 [Ec1.V11,
1003 4291 1045 4356 49
1066 4292 1167 4375 sqq.]:

237 4382 310 4450 Hic
322 4383 430 4474 focus
452 4399 489 4455 el
508 4388 611 4456 ledae
630 4389 797 4478 pingues3
818 4388 876 4456 bic
892 4389 1072 4479 plurimus
1093 4390 1193 4479 ignia

238 4468 384 4562 Semper
398 4485 435 4541 el
455 4474 598 4543 desidua
616 4485 735 4566 postea
749 4472 909 4568 finligine
930 4474 1044 4566 nigri3
