<?xml version="1.0" encoding="UTF-8"?>
<!DOCTYPE html PUBLIC "-//W3C//DTD XHTML 1.0 Transitional//EN"
    "http://www.w3.org/TR/xhtml1/DTD/xhtml1-transitional.dtd">
<html xmlns="http://www.w3.org/1999/xhtml" xml:lang="en" lang="en">
 <head>
  <title>
</title>
<meta http-equiv="Content-Type" content="text/html;charset=utf-8" />
  <meta name='ocr-system' content='tesseract 3.04.00' />
  <meta name='ocr-capabilities' content='ocr_page ocr_carea ocr_par ocr_line ocrx_word'/>
</head>
<body>
  <div class='ocr_page' id='page_1' title='image "./satirarumliber00persgoog_0110.png"; bbox 0 0 2700 4972; ppageno 0'>
   <div class='ocr_carea' id='block_1_1' title="bbox 224 326 1216 449">
    <p class='ocr_par' dir='ltr' id='par_1_1' title="bbox 224 326 1216 449">
     <span class='ocr_line' id='line_1_1' title="bbox 224 326 1216 449; baseline 0.001 -26"><span class='ocrx_word' id='word_1_1' title='bbox 224 378 228 385; x_wconf 93' lang='lat'><em>·</em></span> <span class='ocrx_word' id='word_1_2' title='bbox 296 327 364 423; x_wconf 74' lang='lat' dir='ltr'>&#39;lo</span> <span class='ocrx_word' id='word_1_3' title='bbox 387 354 555 423; x_wconf 74' lang='lat' dir='ltr'>pensu</span> <span class='ocrx_word' id='word_1_4' title='bbox 582 356 681 423; x_wconf 74' lang='lat' dir='ltr'>sar.</span> <span class='ocrx_word' id='word_1_5' title='bbox 701 354 998 449; x_wconf 76' lang='lat' dir='ltr'>raonooou.</span> <span class='ocrx_word' id='word_1_6' title='bbox 1173 326 1216 424; x_wconf 79' lang='lat' dir='ltr'>aa</span> 
     </span>
    </p>
   </div>
   <div class='ocr_carea' id='block_1_2' title="bbox 16 527 1214 699">
    <p class='ocr_par' dir='ltr' id='par_1_2' title="bbox 16 527 1214 699">
     <span class='ocr_line' id='line_1_2' title="bbox 16 527 1214 617; baseline 0.004 -26"><span class='ocrx_word' id='word_1_7' title='bbox 16 560 21 571; x_wconf 92' lang='lat'>·</span> <span class='ocrx_word' id='word_1_8' title='bbox 73 530 129 592; x_wconf 90' lang='lat' dir='ltr'>bus</span> <span class='ocrx_word' id='word_1_9' title='bbox 149 550 219 593; x_wconf 88' lang='lat' dir='ltr'>non</span> <span class='ocrx_word' id='word_1_10' title='bbox 241 529 361 594; x_wconf 89' lang='lat' dir='ltr'>canoris</span> <span class='ocrx_word' id='word_1_11' title='bbox 384 541 608 616; x_wconf 80' lang='lat' dir='ltr'>comparantur3</span> <span class='ocrx_word' id='word_1_12' title='bbox 631 528 763 617; x_wconf 87' lang='lat' dir='ltr'>denique</span> <span class='ocrx_word' id='word_1_13' title='bbox 783 529 914 595; x_wconf 83' lang='lat' dir='ltr'>feminas</span> <span class='ocrx_word' id='word_1_14' title='bbox 942 530 1036 595; x_wconf 86' lang='lat' dir='ltr'>etiam</span> <span class='ocrx_word' id='word_1_15' title='bbox 1055 527 1214 596; x_wconf 88' lang='lat' dir='ltr'>Romanas</span> 
     </span>
     <span class='ocr_line' id='line_1_3' title="bbox 71 615 698 699; baseline 0.005 -23"><span class='ocrx_word' id='word_1_16' title='bbox 71 615 163 699; x_wconf 88' lang='lat' dir='ltr'>poesi</span> <span class='ocrx_word' id='word_1_17' title='bbox 191 615 347 680; x_wconf 82' lang='lat' dir='ltr'>studtiisse</span> <span class='ocrx_word' id='word_1_18' title='bbox 368 620 540 698; x_wconf 80' lang='lat' dir='ltr'>memorat]</span> <span class='ocrx_word' id='word_1_19' title='bbox 565 638 569 659; x_wconf 80' lang='lat'><em>¹</em></span> <span class='ocrx_word' id='word_1_20' title='bbox 692 660 698 667; x_wconf 90' lang='lat'>-</span> 
     </span>
    </p>
   </div>
   <div class='ocr_carea' id='block_1_3' title="bbox 59 714 1323 3720">
    <p class='ocr_par' dir='ltr' id='par_1_3' title="bbox 117 714 1268 809">
     <span class='ocr_line' id='line_1_4' title="bbox 117 714 1268 809; baseline 0.003 -26"><span class='ocrx_word' id='word_1_21' title='bbox 117 716 170 783; x_wconf 80' lang='lat'>14.</span> <span class='ocrx_word' id='word_1_22' title='bbox 207 714 362 783; x_wconf 80' lang='lat' dir='ltr'>Contere</span> <span class='ocrx_word' id='word_1_23' title='bbox 384 718 505 785; x_wconf 82' lang='lat' dir='ltr'>credas</span> <span class='ocrx_word' id='word_1_24' title='bbox 526 717 734 805; x_wconf 75' lang='lat' dir='ltr'><em>Pegaseium</em></span> <span class='ocrx_word' id='word_1_25' title='bbox 752 716 879 799; x_wconf 79' lang='lat' dir='ltr'>melos]</span> <span class='ocrx_word' id='word_1_26' title='bbox 909 717 1013 783; x_wconf 87' lang='lat' dir='ltr'>Prima</span> <span class='ocrx_word' id='word_1_27' title='bbox 1041 721 1143 782; x_wconf 83' lang='lat' dir='ltr'>fronte</span> <span class='ocrx_word' id='word_1_28' title='bbox 1167 718 1213 786; x_wconf 83' lang='lat' dir='ltr'>vi-</span> <span class='ocrx_word' id='word_1_29' title='bbox 1260 784 1268 809; x_wconf 50' lang='lat' dir='ltr'><strong><em>s</em></strong></span> 
     </span>
    </p>

    <p class='ocr_par' dir='ltr' id='par_1_4' title="bbox 72 801 1125 969">
     <span class='ocr_line' id='line_1_5' title="bbox 72 801 839 873; baseline 0.012 -9"><span class='ocrx_word' id='word_1_30' title='bbox 72 801 161 866; x_wconf 87' lang='lat' dir='ltr'>detur</span> <span class='ocrx_word' id='word_1_31' title='bbox 185 803 274 866; x_wconf 90' lang='lat' dir='ltr'>idem</span> <span class='ocrx_word' id='word_1_32' title='bbox 295 804 396 868; x_wconf 85' lang='lat' dir='ltr'>dicere</span> <span class='ocrx_word' id='word_1_33' title='bbox 425 828 496 868; x_wconf 89' lang='lat' dir='ltr'>cum</span> <span class='ocrx_word' id='word_1_34' title='bbox 517 806 666 868; x_wconf 79' lang='lat' dir='ltr'>Martiali:</span> <span class='ocrx_word' id='word_1_35' title='bbox 723 829 730 850; x_wconf 72' lang='lat'>⁸</span> <span class='ocrx_word' id='word_1_36' title='bbox 800 838 802 845; x_wconf 93' lang='lat'>·</span> <span class='ocrx_word' id='word_1_37' title='bbox 836 864 839 873; x_wconf 95' lang='grc'><em>,</em></span> 
     </span>
     <span class='ocr_line' id='line_1_6' title="bbox 158 886 1125 969; baseline 0.001 -17"><span class='ocrx_word' id='word_1_38' title='bbox 158 887 239 953; x_wconf 80' lang='lat' dir='ltr'>Sint</span> <span class='ocrx_word' id='word_1_39' title='bbox 261 888 488 969; x_wconf 81' lang='lat' dir='ltr'>Mecoeuatee,</span> <span class='ocrx_word' id='word_1_40' title='bbox 511 914 580 954; x_wconf 81' lang='lat' dir='ltr'>non</span> <span class='ocrx_word' id='word_1_41' title='bbox 604 889 765 965; x_wconf 82' lang='lat' dir='ltr'>deerunt,-</span> <span class='ocrx_word' id='word_1_42' title='bbox 785 886 926 967; x_wconf 79' lang='lat' dir='ltr'>Flacca,</span> <span class='ocrx_word' id='word_1_43' title='bbox 948 889 1125 968; x_wconf 80' lang='lat' dir='ltr'>Marones,</span> 
     </span>
    </p>

    <p class='ocr_par' dir='ltr' id='par_1_5' title="bbox 59 971 1323 3708">
     <span class='ocr_line' id='line_1_7' title="bbox 70 971 1212 1060; baseline 0.006 -25"><span class='ocrx_word' id='word_1_44' title='bbox 70 975 155 1060; x_wconf 87' lang='lat' dir='ltr'>atqui</span> <span class='ocrx_word' id='word_1_45' title='bbox 174 977 268 1060; x_wconf 90' lang='lat' dir='ltr'>plane</span> <span class='ocrx_word' id='word_1_46' title='bbox 289 978 435 1039; x_wconf 88' lang='lat' dir='ltr'>contraria</span> <span class='ocrx_word' id='word_1_47' title='bbox 457 999 544 1039; x_wconf 89' lang='lat' dir='ltr'>mens</span> <span class='ocrx_word' id='word_1_48' title='bbox 565 976 675 1039; x_wconf 87' lang='lat' dir='ltr'>Persii:</span> <span class='ocrx_word' id='word_1_49' title='bbox 705 978 764 1038; x_wconf 91' lang='lat' dir='ltr'>boc</span> <span class='ocrx_word' id='word_1_50' title='bbox 785 977 850 1038; x_wconf 84' lang='lat' dir='ltr'>vult</span> <span class='ocrx_word' id='word_1_51' title='bbox 872 976 974 1039; x_wconf 86' lang='lat' dir='ltr'>enim:</span> <span class='ocrx_word' id='word_1_52' title='bbox 994 977 1069 1039; x_wconf 89' lang='lat' dir='ltr'>istos</span> <span class='ocrx_word' id='word_1_53' title='bbox 1092 971 1212 1060; x_wconf 76' lang='grc' dir='ltr'><em>ἀφυεῖς</em></span> 
     </span>
     <span class='ocr_line' id='line_1_8' title="bbox 67 1060 1211 1150; baseline 0.003 -26"><span class='ocrx_word' id='word_1_54' title='bbox 67 1060 309 1140; x_wconf 81' lang='lat' dir='ltr'>versificatores,</span> <span class='ocrx_word' id='word_1_55' title='bbox 330 1063 357 1125; x_wconf 92' lang='lat' dir='ltr'>si</span> <span class='ocrx_word' id='word_1_56' title='bbox 375 1066 473 1125; x_wconf 89' lang='lat' dir='ltr'>semel</span> <span class='ocrx_word' id='word_1_57' title='bbox 492 1063 610 1141; x_wconf 81' lang='lat' dir='ltr'>liberati</span> <span class='ocrx_word' id='word_1_58' title='bbox 630 1062 742 1127; x_wconf 68' lang='lat' dir='ltr'>sierint</span> <span class='ocrx_word' id='word_1_59' title='bbox 759 1081 905 1125; x_wconf 81' lang='lat' dir='ltr'><strong>aerumna</strong></span> <span class='ocrx_word' id='word_1_60' title='bbox 927 1060 1113 1126; x_wconf 87' lang='lat' dir='ltr'>domesticae</span> <span class='ocrx_word' id='word_1_61' title='bbox 1133 1086 1211 1150; x_wconf 88' lang='lat' dir='ltr'>pau-</span> 
     </span>
     <span class='ocr_line' id='line_1_9' title="bbox 68 1145 1259 1233; baseline 0.008 -26"><span class='ocrx_word' id='word_1_62' title='bbox 68 1147 213 1232; x_wconf 87' lang='lat' dir='ltr'>pertatis,</span> <span class='ocrx_word' id='word_1_63' title='bbox 225 1145 314 1209; x_wconf 82' lang='lat' dir='ltr'>adeo</span> <span class='ocrx_word' id='word_1_64' title='bbox 336 1149 457 1233; x_wconf 87' lang='lat' dir='ltr'>spiritus</span> <span class='ocrx_word' id='word_1_65' title='bbox 479 1151 628 1226; x_wconf 80' lang='lat' dir='ltr'>attollere,</span> <span class='ocrx_word' id='word_1_66' title='bbox 650 1159 698 1225; x_wconf 85' lang='lat' dir='ltr'>ut,</span> <span class='ocrx_word' id='word_1_67' title='bbox 723 1168 793 1209; x_wconf 89' lang='lat' dir='ltr'>cum</span> <span class='ocrx_word' id='word_1_68' title='bbox 813 1147 883 1209; x_wconf 88' lang='lat' dir='ltr'>illos</span> <span class='ocrx_word' id='word_1_69' title='bbox 903 1146 1012 1210; x_wconf 86' lang='lat' dir='ltr'>videas</span> <span class='ocrx_word' id='word_1_70' title='bbox 1030 1161 1083 1211; x_wconf 91' lang='lat' dir='ltr'>aut</span> <span class='ocrx_word' id='word_1_71' title='bbox 1100 1171 1207 1215; x_wconf 84' lang='lat' dir='ltr'>versus</span> <span class='ocrx_word' id='word_1_72' title='bbox 1224 1174 1259 1227; x_wconf 65' lang='lat'>29</span> 
     </span>
     <span class='ocr_line' id='line_1_10' title="bbox 67 1231 1260 1322; baseline 0.003 -28"><span class='ocrx_word' id='word_1_73' title='bbox 67 1232 144 1295; x_wconf 74' lang='lat' dir='ltr'>suos&#39;</span> <span class='ocrx_word' id='word_1_74' title='bbox 165 1233 327 1296; x_wconf 75' lang='lat' dir='ltr'>recitantes</span> <span class='ocrx_word' id='word_1_75' title='bbox 349 1233 470 1311; x_wconf 85' lang='lat' dir='ltr'>audias,</span> <span class='ocrx_word' id='word_1_76' title='bbox 492 1235 746 1318; x_wconf 87' lang='lat' dir='ltr'>incomparabiles</span> <span class='ocrx_word' id='word_1_77' title='bbox 768 1231 876 1318; x_wconf 74' lang='lat' dir='ltr'>politas</span> <span class='ocrx_word' id='word_1_78' title='bbox 898 1254 965 1295; x_wconf 89' lang='lat' dir='ltr'>esse</span> <span class='ocrx_word' id='word_1_79' title='bbox 988 1256 1128 1315; x_wconf 89' lang='lat' dir='ltr'>censeas,</span> <span class='ocrx_word' id='word_1_80' title='bbox 1152 1239 1260 1322; x_wconf 75' lang='lat' dir='ltr'>quitto)</span> 
     </span>
     <span class='ocr_line' id='line_1_11' title="bbox 68 1316 1208 1405; baseline 0.007 -27"><span class='ocrx_word' id='word_1_81' title='bbox 68 1318 213 1379; x_wconf 86' lang='lat' dir='ltr'>omnium</span> <span class='ocrx_word' id='word_1_82' title='bbox 223 1319 362 1405; x_wconf 84' lang='lat' dir='ltr'>priorum</span> <span class='ocrx_word' id='word_1_83' title='bbox 375 1321 541 1382; x_wconf 88' lang='lat' dir='ltr'>luminibus</span> <span class='ocrx_word' id='word_1_84' title='bbox 554 1320 782 1382; x_wconf 74' lang='lat' dir='ltr'>obstruxerintr.</span> <span class='ocrx_word' id='word_1_85' title='bbox 796 1316 918 1380; x_wconf 70' lang='lat' dir='ltr'>credits</span> <span class='ocrx_word' id='word_1_86' title='bbox 933 1319 1024 1398; x_wconf 83' lang='lat' dir='ltr'>igitur</span> <span class='ocrx_word' id='word_1_87' title='bbox 1034 1342 1099 1383; x_wconf 92' lang='lat' dir='ltr'>non</span> <span class='ocrx_word' id='word_1_88' title='bbox 1119 1344 1158 1385; x_wconf 88' lang='lat' dir='ltr'>ex</span> <span class='ocrx_word' id='word_1_89' title='bbox 1168 1324 1208 1386; x_wconf 94' lang='lat' dir='ltr'>il·</span> 
     </span>
     <span class='ocr_line' id='line_1_12' title="bbox 66 1404 1208 1489; baseline 0.007 -24"><span class='ocrx_word' id='word_1_90' title='bbox 66 1405 170 1465; x_wconf 88' lang='lat' dir='ltr'>lorum</span> <span class='ocrx_word' id='word_1_91' title='bbox 191 1404 319 1489; x_wconf 90' lang='lat' dir='ltr'>opibus,</span> <span class='ocrx_word' id='word_1_92' title='bbox 343 1416 395 1466; x_wconf 87' lang='lat' dir='ltr'>aut</span> <span class='ocrx_word' id='word_1_93' title='bbox 417 1427 486 1466; x_wconf 91' lang='lat' dir='ltr'>cum</span> <span class='ocrx_word' id='word_1_94' title='bbox 505 1406 628 1487; x_wconf 82' lang='lat' dir='ltr'>illorum</span> <span class='ocrx_word' id='word_1_95' title='bbox 650 1404 783 1466; x_wconf 89' lang='lat' dir='ltr'>carmina</span> <span class='ocrx_word' id='word_1_96' title='bbox 803 1406 901 1483; x_wconf 87' lang='lat' dir='ltr'>legas,</span> <span class='ocrx_word' id='word_1_97' title='bbox 931 1404 986 1467; x_wconf 92' lang='lat' dir='ltr'>sed</span> <span class='ocrx_word' id='word_1_98' title='bbox 1008 1427 1079 1468; x_wconf 91' lang='lat' dir='ltr'>cum</span> <span class='ocrx_word' id='word_1_99' title='bbox 1101 1408 1208 1480; x_wconf 83' lang='lat' dir='ltr'>audias</span> 
     </span>
     <span class='ocr_line' id='line_1_13' title="bbox 70 1488 1208 1575; baseline 0.004 -23"><span class='ocrx_word' id='word_1_100' title='bbox 70 1510 124 1552; x_wconf 87' lang='lat' dir='ltr'>sua</span> <span class='ocrx_word' id='word_1_101' title='bbox 146 1488 368 1575; x_wconf 70' lang='lat' dir='ltr'>praedicantes.</span> <span class='ocrx_word' id='word_1_102' title='bbox 391 1488 451 1572; x_wconf 83' lang='lat' dir='ltr'>[cf.</span> <span class='ocrx_word' id='word_1_103' title='bbox 479 1489 519 1552; x_wconf 89' lang='lat' dir='ltr'>ad</span> <span class='ocrx_word' id='word_1_104' title='bbox 551 1491 612 1570; x_wconf 73' lang='lat' dir='ltr'>ts]</span> <span class='ocrx_word' id='word_1_105' title='bbox 649 1488 756 1552; x_wconf 84' lang='lat' dir='ltr'>Melos</span> <span class='ocrx_word' id='word_1_106' title='bbox 779 1491 983 1571; x_wconf 85' lang='lat' dir='ltr'>membranae¹</span> <span class='ocrx_word' id='word_1_107' title='bbox 999 1514 1127 1558; x_wconf 89' lang='lat' dir='ltr'>omnes:</span> <span class='ocrx_word' id='word_1_108' title='bbox 1150 1497 1208 1558; x_wconf 83' lang='lat' dir='ltr'>etsi</span> 
     </span>
     <span class='ocr_line' id='line_1_14' title="bbox 67 1572 1206 1664; baseline 0.005 -27"><span class='ocrx_word' id='word_1_109' title='bbox 67 1572 292 1637; x_wconf 85' lang='lat' dir='ltr'>dubitationem</span> <span class='ocrx_word' id='word_1_110' title='bbox 312 1587 453 1651; x_wconf 82' lang='lat' dir='ltr'>veterum</span> <span class='ocrx_word' id='word_1_111' title='bbox 475 1573 800 1662; x_wconf 79' lang='lat' dir='ltr'>critico&#39;rum&#39;produnt</span> <span class='ocrx_word' id='word_1_112' title='bbox 827 1576 943 1638; x_wconf 87' lang='lat' dir='ltr'>scholia</span> <span class='ocrx_word' id='word_1_113' title='bbox 963 1578 1099 1659; x_wconf 83' lang='lat' dir='ltr'>vetusta,</span> <span class='ocrx_word' id='word_1_114' title='bbox 1128 1602 1206 1664; x_wconf 90' lang='lat' dir='ltr'>quae</span> 
     </span>
     <span class='ocr_line' id='line_1_15' title="bbox 66 1660 1205 1747; baseline 0.005 -24"><span class='ocrx_word' id='word_1_115' title='bbox 66 1670 191 1724; x_wconf 81' lang='lat' dir='ltr'>uector</span> <span class='ocrx_word' id='word_1_116' title='bbox 217 1663 257 1723; x_wconf 90' lang='lat' dir='ltr'>ab</span> <span class='ocrx_word' id='word_1_117' title='bbox 286 1662 351 1724; x_wconf 90' lang='lat' dir='ltr'>aliis</span> <span class='ocrx_word' id='word_1_118' title='bbox 380 1662 471 1725; x_wconf 86' lang='lat' dir='ltr'>scribi</span> <span class='ocrx_word' id='word_1_119' title='bbox 499 1673 655 1727; x_wconf 87' lang='lat' dir='ltr'>testantur.</span> <span class='ocrx_word' id='word_1_120' title='bbox 695 1660 751 1741; x_wconf 88' lang='lat' dir='ltr'>[Ita</span> <span class='ocrx_word' id='word_1_121' title='bbox 778 1662 893 1723; x_wconf 88' lang='lat' dir='ltr'>habent</span> <span class='ocrx_word' id='word_1_122' title='bbox 922 1667 943 1727; x_wconf 82' lang='lat'>2</span> <span class='ocrx_word' id='word_1_123' title='bbox 975 1662 1073 1728; x_wconf 78' lang='lat' dir='ltr'>Co&#39;dd.</span> <span class='ocrx_word' id='word_1_124' title='bbox 1103 1665 1205 1747; x_wconf 77' lang='lat' dir='ltr'>Polit,</span> 
     </span>
     <span class='ocr_line' id='line_1_16' title="bbox 65 1744 1207 1834; baseline 0.008 -27"><span class='ocrx_word' id='word_1_125' title='bbox 65 1744 198 1824; x_wconf 72' lang='lat' dir='ltr'>Ebrmr,</span> <span class='ocrx_word' id='word_1_126' title='bbox 226 1768 322 1828; x_wconf 86' lang='lat' dir='ltr'>marg.</span> <span class='ocrx_word' id='word_1_127' title='bbox 346 1747 529 1827; x_wconf 87' lang='lat' dir='ltr'>Lindenbr.‚</span> <span class='ocrx_word' id='word_1_128' title='bbox 559 1748 691 1822; x_wconf 67' lang='lat' dir='ltr'>asch„</span> <span class='ocrx_word' id='word_1_129' title='bbox 719 1757 750 1808; x_wconf 91' lang='lat' dir='ltr'>et</span> <span class='ocrx_word' id='word_1_130' title='bbox 770 1745 857 1808; x_wconf 90' lang='lat' dir='ltr'>Mon.</span> <span class='ocrx_word' id='word_1_131' title='bbox 881 1751 918 1827; x_wconf 83' lang='lat'>8,</span> <span class='ocrx_word' id='word_1_132' title='bbox 945 1749 998 1834; x_wconf 90' lang='lat' dir='ltr'>qui</span> <span class='ocrx_word' id='word_1_133' title='bbox 1018 1771 1047 1813; x_wconf 87' lang='lat' dir='ltr'>v.</span> <span class='ocrx_word' id='word_1_134' title='bbox 1073 1755 1110 1819; x_wconf 85' lang='lat'>11</span> <span class='ocrx_word' id='word_1_135' title='bbox 1136 1775 1207 1816; x_wconf 89' lang='lat' dir='ltr'>cum</span> 
     </span>
     <span class='ocr_line' id='line_1_17' title="bbox 64 1828 1207 1924; baseline 0.004 -29"><span class='ocrx_word' id='word_1_136' title='bbox 64 1829 196 1895; x_wconf 86' lang='lat' dir='ltr'>Puteani</span> <span class='ocrx_word' id='word_1_137' title='bbox 217 1831 296 1897; x_wconf 83' lang='lat' dir='ltr'>cod.</span> <span class='ocrx_word' id='word_1_138' title='bbox 319 1835 459 1897; x_wconf 81' lang='lat' dir='ltr'>exhibet:</span> <span class='ocrx_word' id='word_1_139' title='bbox 482 1828 673 1919; x_wconf 48' lang='lat' dir='ltr'>refulgeat&amp;</span> <span class='ocrx_word' id='word_1_140' title='bbox 701 1830 783 1894; x_wconf 90' lang='lat' dir='ltr'>unde</span> <span class='ocrx_word' id='word_1_141' title='bbox 811 1832 954 1911; x_wconf 86' lang='lat' dir='ltr'>conjicias</span> <span class='ocrx_word' id='word_1_142' title='bbox 980 1836 1069 1921; x_wconf 80' lang='lat' dir='ltr'>hunc¹</span> <span class='ocrx_word' id='word_1_143' title='bbox 1084 1859 1207 1924; x_wconf 86' lang='lat' dir='ltr'>quoque</span> 
     </span>
     <span class='ocr_line' id='line_1_18' title="bbox 67 1915 1205 2006; baseline 0.005 -26"><span class='ocrx_word' id='word_1_144' title='bbox 67 1927 190 1981; x_wconf 81' lang='lat' dir='ltr'>nector</span> <span class='ocrx_word' id='word_1_145' title='bbox 216 1920 328 1999; x_wconf 86' lang='lat' dir='ltr'>legere.</span> <span class='ocrx_word' id='word_1_146' title='bbox 372 1918 496 1981; x_wconf 75' lang='lat' dir='ltr'>Accedit</span> <span class='ocrx_word' id='word_1_147' title='bbox 526 1917 576 1981; x_wconf 89' lang='lat' dir='ltr'>ed.</span> <span class='ocrx_word' id='word_1_148' title='bbox 605 1915 741 1981; x_wconf 78' lang='lat' dir='ltr'>vindeb:</span> <span class='ocrx_word' id='word_1_149' title='bbox 768 1916 854 1983; x_wconf 75' lang='lat'><strong>1492</strong></span> <span class='ocrx_word' id='word_1_150' title='bbox 885 1918 918 1980; x_wconf 92' lang='lat' dir='ltr'>in</span> <span class='ocrx_word' id='word_1_151' title='bbox 946 1917 1026 1984; x_wconf 89' lang='lat' dir='ltr'>Bibl.</span> <span class='ocrx_word' id='word_1_152' title='bbox 1051 1919 1205 2006; x_wconf 85' lang='lat' dir='ltr'>-Gotting.]</span> 
     </span>
     <span class='ocr_line' id='line_1_19' title="bbox 64 2000 1207 2091; baseline 0.008 -27"><span class='ocrx_word' id='word_1_153' title='bbox 64 2000 144 2065; x_wconf 87' lang='lat' dir='ltr'>Puto</span> <span class='ocrx_word' id='word_1_154' title='bbox 164 2004 280 2065; x_wconf 89' lang='lat' dir='ltr'>mirum</span> <span class='ocrx_word' id='word_1_155' title='bbox 302 2004 360 2067; x_wconf 91' lang='lat' dir='ltr'>illis</span> <span class='ocrx_word' id='word_1_156' title='bbox 381 2006 484 2069; x_wconf 82' lang='lat' dir='ltr'>visrnn</span> <span class='ocrx_word' id='word_1_157' title='bbox 506 2026 573 2067; x_wconf 86' lang='lat' dir='ltr'>esse</span> <span class='ocrx_word' id='word_1_158' title='bbox 588 2002 727 2089; x_wconf 79' lang='lat' dir='ltr'>Persium</span> <span class='ocrx_word' id='word_1_159' title='bbox 747 2002 779 2065; x_wconf 93' lang='lat' dir='ltr'>in</span> <span class='ocrx_word' id='word_1_160' title='bbox 800 2024 923 2067; x_wconf 90' lang='lat' dir='ltr'>carmen</span> <span class='ocrx_word' id='word_1_161' title='bbox 943 2005 1088 2091; x_wconf 83' lang='lat' dir='ltr'>Latinum</span> <span class='ocrx_word' id='word_1_162' title='bbox 1110 2010 1207 2073; x_wconf 88' lang='lat' dir='ltr'>licen-</span> 
     </span>
     <span class='ocr_line' id='line_1_20' title="bbox 63 2085 1278 2165; baseline 0.009 -15"><span class='ocrx_word' id='word_1_163' title='bbox 63 2087 139 2150; x_wconf 86' lang='lat' dir='ltr'>tiam</span> <span class='ocrx_word' id='word_1_164' title='bbox 154 2086 376 2152; x_wconf 81' lang='lat' dir='ltr'>Graecanicam</span> <span class='ocrx_word' id='word_1_165' title='bbox 396 2091 568 2154; x_wconf 80' lang='lat' dir='ltr'>invexisse:</span> <span class='ocrx_word' id='word_1_166' title='bbox 590 2094 663 2153; x_wconf 80' lang='lat' dir='ltr'>nam</span> <span class='ocrx_word' id='word_1_167' title='bbox 685 2085 852 2153; x_wconf 85' lang='lat' dir='ltr'>siGraecis</span> <span class='ocrx_word' id='word_1_168' title='bbox 873 2091 965 2161; x_wconf 85' lang='lat' dir='ltr'>literis</span> <span class='ocrx_word' id='word_1_169' title='bbox 986 2094 1041 2156; x_wconf 75' lang='lat' dir='ltr'>vel·</span> <span class='ocrx_word' id='word_1_170' title='bbox 1051 2094 1208 2160; x_wconf 80' lang='lat' dir='ltr'>levissime</span> <span class='ocrx_word' id='word_1_171' title='bbox 1275 2158 1278 2165; x_wconf 88' lang='grc'><strong>,</strong></span> 
     </span>
     <span class='ocr_line' id='line_1_21' title="bbox 62 2174 1209 2265; baseline 0.009 -29"><span class='ocrx_word' id='word_1_172' title='bbox 62 2174 150 2237; x_wconf 90' lang='lat' dir='ltr'>tincti</span> <span class='ocrx_word' id='word_1_173' title='bbox 166 2187 272 2254; x_wconf 84' lang='lat' dir='ltr'>erant,</span> <span class='ocrx_word' id='word_1_174' title='bbox 301 2198 393 2261; x_wconf 87' lang='lat' dir='ltr'>quam</span> <span class='ocrx_word' id='word_1_175' title='bbox 413 2178 480 2240; x_wconf 76' lang='lat' dir='ltr'>rim</span> <span class='ocrx_word' id='word_1_176' title='bbox 501 2178 634 2255; x_wconf 83' lang='lat' dir='ltr'>babeant</span> <span class='ocrx_word' id='word_1_177' title='bbox 652 2174 786 2263; x_wconf 78' lang='lat' dir='ltr'>liquidae</span> <span class='ocrx_word' id='word_1_178' title='bbox 808 2189 1010 2263; x_wconf 81' lang='lat' dir='ltr'>consonantes</span> <span class='ocrx_word' id='word_1_179' title='bbox 1031 2179 1114 2265; x_wconf 91' lang='lat' dir='ltr'>apud</span> <span class='ocrx_word' id='word_1_180' title='bbox 1133 2184 1209 2246; x_wconf 87' lang='lat' dir='ltr'>illo--</span> 
     </span>
     <span class='ocr_line' id='line_1_22' title="bbox 62 2258 1204 2348; baseline 0.011 -27"><span class='ocrx_word' id='word_1_181' title='bbox 62 2260 264 2347; x_wconf 70' lang='lat' dir='ltr'>rum&#39;poiitas,</span> <span class='ocrx_word' id='word_1_182' title='bbox 285 2284 350 2323; x_wconf 91' lang='lat' dir='ltr'>non</span> <span class='ocrx_word' id='word_1_183' title='bbox 366 2263 666 2347; x_wconf 76' lang='lat' dir='ltr'>poterant-ignorare.</span> <span class='ocrx_word' id='word_1_184' title='bbox 701 2262 857 2325; x_wconf 90' lang='lat' dir='ltr'>Homerus</span> <span class='ocrx_word' id='word_1_185' title='bbox 869 2261 902 2324; x_wconf 88' lang='lat' dir='ltr'>in</span> <span class='ocrx_word' id='word_1_186' title='bbox 917 2258 1037 2348; x_wconf 78' lang='lat' dir='ltr'>duobus</span> <span class='ocrx_word' id='word_1_187' title='bbox 1053 2268 1204 2333; x_wconf 86' lang='lat' dir='ltr'>continuis</span> 
     </span>
     <span class='ocr_line' id='line_1_23' title="bbox 61 2338 1203 2435; baseline 0.011 -27"><span class='ocrx_word' id='word_1_188' title='bbox 61 2347 203 2409; x_wconf 80' lang='lat' dir='ltr'>versibus</span> <span class='ocrx_word' id='word_1_189' title='bbox 231 2348 341 2429; x_wconf 84' lang='lat' dir='ltr'>hymni</span> <span class='ocrx_word' id='word_1_190' title='bbox 361 2349 393 2409; x_wconf 91' lang='lat' dir='ltr'>in</span> <span class='ocrx_word' id='word_1_191' title='bbox 416 2348 602 2410; x_wconf 84' lang='lat' dir='ltr'>Mercurium</span> <span class='ocrx_word' id='word_1_192' title='bbox 624 2358 654 2409; x_wconf 93' lang='lat' dir='ltr'>et</span> <span class='ocrx_word' id='word_1_193' title='bbox 675 2347 819 2433; x_wconf 87' lang='lat' dir='ltr'>corripuit</span> <span class='ocrx_word' id='word_1_194' title='bbox 840 2357 871 2409; x_wconf 88' lang='lat' dir='ltr'>et</span> <span class='ocrx_word' id='word_1_195' title='bbox 890 2338 1034 2434; x_wconf 79' lang='lat' dir='ltr'>produxit</span> <span class='ocrx_word' id='word_1_196' title='bbox 1062 2351 1103 2431; x_wconf 81' lang='lat' dir='ltr'>[v.</span> <span class='ocrx_word' id='word_1_197' title='bbox 1128 2352 1203 2435; x_wconf 82' lang='lat'>502]</span> 
     </span>
     <span class='ocr_line' id='line_1_24' title="bbox 61 2430 1219 2535; baseline 0.011 -43"><span class='ocrx_word' id='word_1_198' title='bbox 61 2431 200 2535; x_wconf 75' lang='lat' dir='ltr'>priorem</span> <span class='ocrx_word' id='word_1_199' title='bbox 222 2432 308 2497; x_wconf 77' lang='lat' dir='ltr'>vocis</span> <span class='ocrx_word' id='word_1_200' title='bbox 329 2431 437 2515; x_wconf 81' lang='grc' dir='ltr'><em>μέλος.</em></span> <span class='ocrx_word' id='word_1_201' title='bbox 462 2432 535 2511; x_wconf 89' lang='lat' dir='ltr'>[Sed</span> <span class='ocrx_word' id='word_1_202' title='bbox 559 2455 637 2495; x_wconf 89' lang='lat' dir='ltr'>recc.</span> <span class='ocrx_word' id='word_1_203' title='bbox 652 2455 715 2495; x_wconf 91' lang='lat' dir='ltr'>uno</span> <span class='ocrx_word' id='word_1_204' title='bbox 737 2448 888 2496; x_wconf 87' lang='lat' dir='ltr'>consensu</span> <span class='ocrx_word' id='word_1_205' title='bbox 907 2430 1053 2520; x_wconf 78' lang='lat' dir='ltr'>probant:</span> <span class='ocrx_word' id='word_1_206' title='bbox 1072 2435 1219 2504; x_wconf 68' lang='grc' dir='ltr'>καλὸν1</span> 
     </span>
     <span class='ocr_line' id='line_1_25' title="bbox 61 2517 1262 2606; baseline 0.008 -25"><span class='ocrx_word' id='word_1_207' title='bbox 61 2518 199 2600; x_wconf 68' lang='lat' dir='ltr'>actaea]</span> <span class='ocrx_word' id='word_1_208' title='bbox 235 2517 391 2605; x_wconf 80' lang='lat' dir='ltr'>Antipater</span> <span class='ocrx_word' id='word_1_209' title='bbox 407 2518 576 2599; x_wconf 81' lang='lat' dir='ltr'>[Sidonius]</span> <span class='ocrx_word' id='word_1_210' title='bbox 600 2541 617 2581; x_wconf 90' lang='lat' dir='ltr'>e</span> <span class='ocrx_word' id='word_1_211' title='bbox 639 2518 817 2600; x_wconf 89' lang='lat' dir='ltr'>igrammate</span> <span class='ocrx_word' id='word_1_212' title='bbox 837 2518 870 2580; x_wconf 90' lang='lat' dir='ltr'>in</span> <span class='ocrx_word' id='word_1_213' title='bbox 883 2519 1106 2587; x_wconf 86' lang='lat' dir='ltr'>Anacreontem</span> <span class='ocrx_word' id='word_1_214' title='bbox 1127 2525 1206 2606; x_wconf 87' lang='lat' dir='ltr'>[ejus</span> <span class='ocrx_word' id='word_1_215' title='bbox 1260 2559 1262 2564; x_wconf 95' lang='lat'>·</span> 
     </span>
     <span class='ocr_line' id='line_1_26' title="bbox 61 2540 1205 2692; baseline 0.009 -25"><span class='ocrx_word' id='word_1_216' title='bbox 61 2608 114 2682; x_wconf 82' lang='grc'>76,</span> <span class='ocrx_word' id='word_1_217' title='bbox 141 2603 182 2666; x_wconf 88' lang='grc' dir='ltr'>Τ.</span> <span class='ocrx_word' id='word_1_218' title='bbox 204 2602 245 2682; x_wconf 89' lang='lat' dir='ltr'>II,</span> <span class='ocrx_word' id='word_1_219' title='bbox 267 2627 299 2690; x_wconf 91' lang='lat' dir='ltr'>p.</span> <span class='ocrx_word' id='word_1_220' title='bbox 313 2610 366 2669; x_wconf 82' lang='lat'>27.</span> <span class='ocrx_word' id='word_1_221' title='bbox 387 2603 441 2668; x_wconf 91' lang='lat' dir='ltr'>Br.</span> <span class='ocrx_word' id='word_1_222' title='bbox 464 2616 494 2667; x_wconf 87' lang='lat' dir='ltr'>et</span> <span class='ocrx_word' id='word_1_223' title='bbox 514 2605 589 2681; x_wconf 64' lang='lat' dir='ltr'>lac„</span> <span class='ocrx_word' id='word_1_224' title='bbox 610 2540 677 2667; x_wconf 64' lang='lat' dir='ltr'>itt.</span> <span class='ocrx_word' id='word_1_225' title='bbox 691 2602 765 2684; x_wconf 87' lang='lat' dir='ltr'>Vll,</span> <span class='ocrx_word' id='word_1_226' title='bbox 787 2604 862 2687; x_wconf 79' lang='lat'><strong>80]:</strong></span> <span class='ocrx_word' id='word_1_227' title='bbox 883 2598 1003 2690; x_wconf 78' lang='grc' dir='ltr'><strong><em>Ἀκμὴν</em></strong></span> <span class='ocrx_word' id='word_1_228' title='bbox 1024 2607 1059 2673; x_wconf 82' lang='lat' dir='ltr'>oi</span> <span class='ocrx_word' id='word_1_229' title='bbox 1079 2607 1205 2692; x_wconf 76' lang='grc' dir='ltr'><strong><em>λυρόεν</em></strong></span> 
     </span>
     <span class='ocr_line' id='line_1_27' title="bbox 63 2684 1257 2778; baseline 0.008 -26"><span class='ocrx_word' id='word_1_230' title='bbox 63 2688 108 2768; x_wconf 78' lang='grc' dir='ltr'>[τι</span> <span class='ocrx_word' id='word_1_231' title='bbox 128 2690 306 2769; x_wconf 62' lang='lat' dir='ltr'>interficitur</span> <span class='ocrx_word' id='word_1_232' title='bbox 324 2691 357 2751; x_wconf 90' lang='lat' dir='ltr'>in</span> <span class='ocrx_word' id='word_1_233' title='bbox 380 2689 463 2772; x_wconf 86' lang='lat' dir='ltr'>edd]</span> <span class='ocrx_word' id='word_1_234' title='bbox 485 2689 643 2772; x_wconf 60' lang='grc' dir='ltr'><em>μελίζεται</em></span> <span class='ocrx_word' id='word_1_235' title='bbox 672 2684 757 2772; x_wconf 76' lang='grc' dir='ltr'>ἀμφὶ</span> <span class='ocrx_word' id='word_1_236' title='bbox 780 2685 970 2778; x_wconf 71' lang='lat' dir='ltr'>Rubrii-tort·</span> <span class='ocrx_word' id='word_1_237' title='bbox 989 2690 1204 2762; x_wconf 78' lang='lat' dir='ltr'>Christodorus</span> <span class='ocrx_word' id='word_1_238' title='bbox 1253 2709 1257 2720; x_wconf 92' lang='grc'><strong>’</strong></span> 
     </span>
     <span class='ocr_line' id='line_1_28' title="bbox 61 2771 1203 2867; baseline 0.011 -30"><span class='ocrx_word' id='word_1_239' title='bbox 61 2775 92 2837; x_wconf 87' lang='lat' dir='ltr'>in</span> <span class='ocrx_word' id='word_1_240' title='bbox 114 2775 245 2856; x_wconf 84' lang='lat' dir='ltr'>Aglaum</span> <span class='ocrx_word' id='word_1_241' title='bbox 277 2773 501 2860; x_wconf 63' lang='lat' dir='ltr'>[insuperiori</span> <span class='ocrx_word' id='word_1_242' title='bbox 528 2779 596 2839; x_wconf 79' lang='grc' dir='ltr'>τῶν</span> <span class='ocrx_word' id='word_1_243' title='bbox 618 2771 733 2858; x_wconf 79' lang='grc' dir='ltr'><em>ἀγαλμ.</em></span> <span class='ocrx_word' id='word_1_244' title='bbox 764 2796 795 2839; x_wconf 87' lang='lat' dir='ltr'>v.</span> <span class='ocrx_word' id='word_1_245' title='bbox 818 2780 898 2857; x_wconf 80' lang='lat'><strong>2683</strong></span> <span class='ocrx_word' id='word_1_246' title='bbox 930 2777 968 2840; x_wconf 88' lang='lat' dir='ltr'>T.</span> <span class='ocrx_word' id='word_1_247' title='bbox 990 2777 1046 2858; x_wconf 90' lang='lat' dir='ltr'><strong>III,</strong></span> <span class='ocrx_word' id='word_1_248' title='bbox 1073 2803 1104 2867; x_wconf 89' lang='lat' dir='ltr'>p.</span> <span class='ocrx_word' id='word_1_249' title='bbox 1129 2786 1203 2848; x_wconf 85' lang='lat'>170.</span> 
     </span>
     <span class='ocr_line' id='line_1_29' title="bbox 59 2854 1204 2948; baseline 0.007 -24"><span class='ocrx_word' id='word_1_250' title='bbox 59 2860 153 2941; x_wconf 79' lang='lat' dir='ltr'>JacJ,</span> <span class='ocrx_word' id='word_1_251' title='bbox 176 2854 319 2944; x_wconf 61' lang='lat' dir='ltr'>”Aptans</span> <span class='ocrx_word' id='word_1_252' title='bbox 349 2857 490 2944; x_wconf 78' lang='grc' dir='ltr'>εἱστήκει</span> <span class='ocrx_word' id='word_1_253' title='bbox 514 2856 742 2944; x_wconf 77' lang='grc' dir='ltr'><em>χρησμολόγος</em></span> <span class='ocrx_word' id='word_1_254' title='bbox 772 2861 856 2938; x_wconf 71' lang='lat' dir='ltr'>[scer</span> <span class='ocrx_word' id='word_1_255' title='bbox 882 2861 1134 2948; x_wconf 79' lang='grc' dir='ltr'>Χρησμηγόρὸς]</span> <span class='ocrx_word' id='word_1_256' title='bbox 1163 2864 1204 2934; x_wconf 80' lang='grc' dir='ltr'>ὅν</span> 
     </span>
     <span class='ocr_line' id='line_1_30' title="bbox 62 2946 1203 3036; baseline 0.007 -27"><span class='ocrx_word' id='word_1_257' title='bbox 62 2968 136 3010; x_wconf 76' lang='grc' dir='ltr'>τινα</span> <span class='ocrx_word' id='word_1_258' title='bbox 160 2947 256 3031; x_wconf 76' lang='grc' dir='ltr'><strong><em>φασί.</em></strong></span> <span class='ocrx_word' id='word_1_259' title='bbox 302 2946 511 3035; x_wconf 81' lang='lat' dir='ltr'>Pegaseium</span> <span class='ocrx_word' id='word_1_260' title='bbox 534 2949 678 3010; x_wconf 81' lang='lat' dir='ltr'>sonnatio</span> <span class='ocrx_word' id='word_1_261' title='bbox 701 2946 805 3009; x_wconf 88' lang='lat' dir='ltr'>Ionica</span> <span class='ocrx_word' id='word_1_262' title='bbox 830 2948 919 3010; x_wconf 88' lang='lat' dir='ltr'>metri</span> <span class='ocrx_word' id='word_1_263' title='bbox 941 2971 1063 3016; x_wconf 85' lang='lat' dir='ltr'>caussa:</span> <span class='ocrx_word' id='word_1_264' title='bbox 1076 2948 1203 3036; x_wconf 68' lang='lat' dir='ltr'>¹llp&#39;yu-</span> 
     </span>
     <span class='ocr_line' id='line_1_31' title="bbox 63 3026 1202 3125; baseline 0.007 -29"><span class='ocrx_word' id='word_1_265' title='bbox 63 3045 134 3108; x_wconf 80' lang='grc' dir='ltr'>σος,</span> <span class='ocrx_word' id='word_1_266' title='bbox 159 3028 366 3116; x_wconf 79' lang='grc' dir='ltr'><em>Πηγάσειος,</em></span> <span class='ocrx_word' id='word_1_267' title='bbox 390 3026 601 3117; x_wconf 51' lang='lat' dir='ltr'>apparitor,</span> <span class='ocrx_word' id='word_1_268' title='bbox 623 3034 701 3095; x_wconf 89' lang='lat' dir='ltr'>sicut</span> <span class='ocrx_word' id='word_1_269' title='bbox 722 3026 821 3113; x_wconf 80' lang='grc' dir='ltr'><strong><em>Τήϊος</em></strong></span> <span class='ocrx_word' id='word_1_270' title='bbox 842 3055 899 3119; x_wconf 90' lang='lat' dir='ltr'>pro</span> <span class='ocrx_word' id='word_1_271' title='bbox 925 3036 1028 3110; x_wconf 80' lang='grc' dir='ltr'><strong><em>Τεῑος.</em></strong></span> <span class='ocrx_word' id='word_1_272' title='bbox 1068 3037 1202 3125; x_wconf 82' lang='lat' dir='ltr'>[Optimi</span> 
     </span>
     <span class='ocr_line' id='line_1_32' title="bbox 62 3117 1323 3204; baseline 0.007 -24"><span class='ocrx_word' id='word_1_273' title='bbox 62 3117 222 3198; x_wconf 72' lang='lat' dir='ltr'>critici‚&#39;in</span> <span class='ocrx_word' id='word_1_274' title='bbox 242 3121 351 3204; x_wconf 89' lang='lat' dir='ltr'>quibus</span> <span class='ocrx_word' id='word_1_275' title='bbox 364 3119 508 3198; x_wconf 86' lang='lat' dir='ltr'>Orellius,</span> <span class='ocrx_word' id='word_1_276' title='bbox 532 3119 725 3181; x_wconf 87' lang='lat' dir='ltr'>consentiunt</span> <span class='ocrx_word' id='word_1_277' title='bbox 745 3118 779 3179; x_wconf 88' lang='lat' dir='ltr'>in</span> <span class='ocrx_word' id='word_1_278' title='bbox 799 3120 931 3182; x_wconf 87' lang='lat' dir='ltr'>lectione</span> <span class='ocrx_word' id='word_1_279' title='bbox 947 3132 1077 3186; x_wconf 76' lang='lat' dir='ltr'>nectur-</span> <span class='ocrx_word' id='word_1_280' title='bbox 1116 3123 1202 3188; x_wconf 86' lang='lat' dir='ltr'>Con·</span> <span class='ocrx_word' id='word_1_281' title='bbox 1283 3136 1286 3143; x_wconf 93' lang='lat'>&#39;</span> <span class='ocrx_word' id='word_1_282' title='bbox 1319 3164 1323 3173; x_wconf 51' lang='grc' dir='ltr'><em>ι</em></span> 
     </span>
     <span class='ocr_line' id='line_1_33' title="bbox 60 3204 1199 3292; baseline 0.009 -25"><span class='ocrx_word' id='word_1_283' title='bbox 60 3206 242 3268; x_wconf 84' lang='lat' dir='ltr'>troversiam</span> <span class='ocrx_word' id='word_1_284' title='bbox 255 3227 311 3290; x_wconf 90' lang='lat' dir='ltr'>per</span> <span class='ocrx_word' id='word_1_285' title='bbox 326 3209 446 3268; x_wconf 88' lang='lat' dir='ltr'>saecula</span> <span class='ocrx_word' id='word_1_286' title='bbox 460 3205 582 3267; x_wconf 87' lang='lat' dir='ltr'>ductam</span> <span class='ocrx_word' id='word_1_287' title='bbox 598 3207 752 3289; x_wconf 83' lang='lat' dir='ltr'>eleganter</span> <span class='ocrx_word' id='word_1_288' title='bbox 763 3215 864 3265; x_wconf 88' lang='lat' dir='ltr'>narrat</span> <span class='ocrx_word' id='word_1_289' title='bbox 877 3204 960 3270; x_wconf 88' lang='lat' dir='ltr'>Pass.</span> <span class='ocrx_word' id='word_1_290' title='bbox 982 3229 1014 3292; x_wconf 84' lang='lat' dir='ltr'>p·</span> <span class='ocrx_word' id='word_1_291' title='bbox 1029 3213 1090 3275; x_wconf 78' lang='lat'>231</span> <span class='ocrx_word' id='word_1_292' title='bbox 1100 3216 1199 3292; x_wconf 86' lang='grc'>-36,</span> 
     </span>
     <span class='ocr_line' id='line_1_34' title="bbox 79 3286 1198 3378; baseline 0.005 -26"><span class='ocrx_word' id='word_1_293' title='bbox 79 3291 170 3354; x_wconf 84' lang='lat' dir='ltr'>uibus</span> <span class='ocrx_word' id='word_1_294' title='bbox 192 3289 341 3360; x_wconf 89' lang='lat' dir='ltr'>dictiones</span> <span class='ocrx_word' id='word_1_295' title='bbox 357 3292 473 3376; x_wconf 90' lang='lat' dir='ltr'>aliquot</span> <span class='ocrx_word' id='word_1_296' title='bbox 495 3286 785 3354; x_wconf 67' lang='lat' dir='ltr'>nectar-dirrnantes</span> <span class='ocrx_word' id='word_1_297' title='bbox 809 3287 911 3368; x_wconf 89' lang='lat' dir='ltr'>adjicit</span> <span class='ocrx_word' id='word_1_298' title='bbox 931 3290 974 3353; x_wconf 89' lang='lat' dir='ltr'>Pl.</span> <span class='ocrx_word' id='word_1_299' title='bbox 989 3315 1021 3378; x_wconf 91' lang='lat' dir='ltr'>p.</span> <span class='ocrx_word' id='word_1_300' title='bbox 1035 3292 1104 3358; x_wconf 75' lang='lat' dir='ltr'>tls</span> <span class='ocrx_word' id='word_1_301' title='bbox 1124 3342 1133 3358; x_wconf 91' lang='lat'>.</span> <span class='ocrx_word' id='word_1_302' title='bbox 1162 3335 1198 3346; x_wconf 94' lang='lat'><em>-</em></span> 
     </span>
     <span class='ocr_line' id='line_1_35' title="bbox 60 3312 1201 3462; baseline 0.005 -22"><span class='ocrx_word' id='word_1_303' title='bbox 60 3312 277 3459; x_wconf 56' lang='lat' dir='ltr'>dubimgam,⁴</span> <span class='ocrx_word' id='word_1_304' title='bbox 299 3399 357 3438; x_wconf 91' lang='lat' dir='ltr'>uae</span> <span class='ocrx_word' id='word_1_305' title='bbox 373 3399 421 3462; x_wconf 88' lang='lat' dir='ltr'>ap.</span> <span class='ocrx_word' id='word_1_306' title='bbox 434 3377 586 3439; x_wconf 75' lang='lat' dir='ltr'>Merinum</span> <span class='ocrx_word' id='word_1_307' title='bbox 606 3374 681 3455; x_wconf 51' lang='lat' dir='ltr'>Cael</span> <span class='ocrx_word' id='word_1_308' title='bbox 688 3386 909 3461; x_wconf 88' lang='lat' dir='ltr'>proponuntur,</span> <span class='ocrx_word' id='word_1_309' title='bbox 929 3379 1088 3443; x_wconf 84' lang='lat' dir='ltr'>versiones</span> <span class='ocrx_word' id='word_1_310' title='bbox 1104 3318 1201 3446; x_wconf 68' lang='lat' dir='ltr'>drae-</span> 
     </span>
     <span class='ocr_line' id='line_1_36' title="bbox 60 3458 1201 3555; baseline 0.008 -33"><span class='ocrx_word' id='word_1_311' title='bbox 60 3484 109 3527; x_wconf 77' lang='lat' dir='ltr'>cm</span> <span class='ocrx_word' id='word_1_312' title='bbox 128 3458 225 3543; x_wconf 85' lang='lat' dir='ltr'>hujds</span> <span class='ocrx_word' id='word_1_313' title='bbox 245 3463 382 3547; x_wconf 84' lang='lat' dir='ltr'>proogi,</span> <span class='ocrx_word' id='word_1_314' title='bbox 405 3484 499 3529; x_wconf 86' lang='lat' dir='ltr'>unam</span> <span class='ocrx_word' id='word_1_315' title='bbox 519 3458 616 3548; x_wconf 77' lang='lat' dir='ltr'>ipsius</span> <span class='ocrx_word' id='word_1_316' title='bbox 638 3460 724 3547; x_wconf 55' lang='lat' dir='ltr'>Cius,</span> <span class='ocrx_word' id='word_1_317' title='bbox 747 3462 874 3551; x_wconf 66' lang='lat' dir='ltr'>alterapt</span> <span class='ocrx_word' id='word_1_318' title='bbox 895 3461 1201 3555; x_wconf 53' lang='lat' dir='ltr'>Jtlbepltl&#39;sctligedj</span> 
     </span>
     <span class='ocr_line' id='line_1_37' title="bbox 61 3544 1266 3708; baseline 0.005 -96"><span class='ocrx_word' id='word_1_319' title='bbox 61 3568 100 3697; x_wconf 59' lang='lat' dir='ltr'>Bi</span> <span class='ocrx_word' id='word_1_320' title='bbox 109 3544 301 3697; x_wconf 55' lang='lat' dir='ltr'>poemptitlp</span> <span class='ocrx_word' id='word_1_321' title='bbox 322 3552 396 3650; x_wconf 35' lang='lat' dir='ltr'>‘ejus</span> <span class='ocrx_word' id='word_1_322' title='bbox 424 3544 756 3708; x_wconf 41' lang='lat' dir='ltr'>(lrffcifeffissdj</span> <span class='ocrx_word' id='word_1_323' title='bbox 772 3551 842 3612; x_wconf 79' lang='lat'>102.</span> <span class='ocrx_word' id='word_1_324' title='bbox 867 3547 977 3627; x_wconf 76' lang='lat' dir='ltr'>¹Extat</span> <span class='ocrx_word' id='word_1_325' title='bbox 996 3553 1092 3617; x_wconf 90' lang='lat' dir='ltr'>etiam</span> <span class='ocrx_word' id='word_1_326' title='bbox 1112 3548 1219 3618; x_wconf 70' lang='lat' dir='ltr'>tertia&#39;</span> <span class='ocrx_word' id='word_1_327' title='bbox 1264 3566 1266 3571; x_wconf 83' lang='grc'>’</span> 
     </span>
    </p>

    <p class='ocr_par' dir='ltr' id='par_1_6' title="bbox 100 3655 948 3720">
     <span class='ocr_line' id='line_1_38' title="bbox 100 3655 948 3720; baseline -0.001 -23"><span class='ocrx_word' id='word_1_328' title='bbox 100 3656 204 3717; x_wconf 82' lang='lat' dir='ltr'>onysn</span> <span class='ocrx_word' id='word_1_329' title='bbox 251 3655 456 3714; x_wconf 82' lang='lat' dir='ltr'>evnrneJ.</span> <span class='ocrx_word' id='word_1_330' title='bbox 509 3656 587 3720; x_wconf 78' lang='lat' dir='ltr'>pis.</span> <span class='ocrx_word' id='word_1_331' title='bbox 658 3680 667 3713; x_wconf 93' lang='lat'>,</span> <span class='ocrx_word' id='word_1_332' title='bbox 733 3677 742 3696; x_wconf 93' lang='lat'>.</span> <span class='ocrx_word' id='word_1_333' title='bbox 943 3666 948 3678; x_wconf 90' lang='lat'><strong>·</strong></span> 
     </span>
    </p>
   </div>
   <div class='ocr_carea' id='block_1_4' title="bbox 119 3780 1200 4043">
    <p class='ocr_par' dir='ltr' id='par_1_7' title="bbox 119 3780 1200 4043">
     <span class='ocr_line' id='line_1_39' title="bbox 119 3780 1200 3927; baseline -0.006 -4"><span class='ocrx_word' id='word_1_334' title='bbox 119 3854 260 3923; x_wconf 76' lang='lat' dir='ltr'>seusu</span> <span class='ocrx_word' id='word_1_335' title='bbox 291 3854 518 3921; x_wconf 75' lang='lat' dir='ltr'>morosos</span> <span class='ocrx_word' id='word_1_336' title='bbox 550 3830 707 3923; x_wconf 80' lang='lat' dir='ltr'>nonna</span> <span class='ocrx_word' id='word_1_337' title='bbox 736 3838 902 3923; x_wconf 77' lang='lat' dir='ltr'>causan</span> <span class='ocrx_word' id='word_1_338' title='bbox 916 3853 1136 3927; x_wconf 66' lang='lat' dir='ltr'>,vassum</span> <span class='ocrx_word' id='word_1_339' title='bbox 1190 3780 1200 3917; x_wconf 43' lang='grc' dir='ltr'>Ι.</span> 
     </span>
     <span class='ocr_line' id='line_1_40' title="bbox 203 3938 1072 4043; baseline 0.006 -37"><span class='ocrx_word' id='word_1_340' title='bbox 203 3940 366 4008; x_wconf 77' lang='lat' dir='ltr'>camon</span> <span class='ocrx_word' id='word_1_341' title='bbox 390 3938 633 4043; x_wconf 80' lang='lat' dir='ltr'>nxrrrssos</span> <span class='ocrx_word' id='word_1_342' title='bbox 660 3940 767 4006; x_wconf 80' lang='lat' dir='ltr'>rem</span> <span class='ocrx_word' id='word_1_343' title='bbox 787 3938 844 4003; x_wconf 78' lang='lat' dir='ltr'>ln</span> <span class='ocrx_word' id='word_1_344' title='bbox 866 3938 1072 4011; x_wconf 76' lang='lat' dir='ltr'>mooun</span> 
     </span>
    </p>
   </div>
   <div class='ocr_carea' id='block_1_5' title="bbox 141 4056 1203 4579">
    <p class='ocr_par' dir='ltr' id='par_1_8' title="bbox 141 4056 1203 4579">
     <span class='ocr_line' id='line_1_41' title="bbox 145 4056 1170 4147; baseline -0.001 -21"><span class='ocrx_word' id='word_1_345' title='bbox 145 4057 280 4146; x_wconf 75' lang='grc' dir='ltr'><strong><em>Κρήνης</em></strong></span> <span class='ocrx_word' id='word_1_346' title='bbox 309 4059 371 4146; x_wconf 83' lang='grc' dir='ltr'>μὲν</span> <span class='ocrx_word' id='word_1_347' title='bbox 398 4056 462 4127; x_wconf 76' lang='grc' dir='ltr'>οὐκ</span> <span class='ocrx_word' id='word_1_348' title='bbox 489 4059 597 4147; x_wconf 68' lang='lat' dir='ltr'>idatio</span> <span class='ocrx_word' id='word_1_349' title='bbox 625 4063 682 4144; x_wconf 78' lang='grc' dir='ltr'>τῆς</span> <span class='ocrx_word' id='word_1_350' title='bbox 705 4058 953 4145; x_wconf 62' lang='grc' dir='ltr'>Κοιβαλλίκης,Δ</span> <span class='ocrx_word' id='word_1_351' title='bbox 1031 4142 1034 4147; x_wconf 22' lang='grc'><em>,</em></span> <span class='ocrx_word' id='word_1_352' title='bbox 1167 4116 1170 4125; x_wconf 91' lang='grc'>.</span> 
     </span>
     <span class='ocr_line' id='line_1_42' title="bbox 150 4143 884 4234; baseline -0.001 -21"><span class='ocrx_word' id='word_1_353' title='bbox 150 4143 231 4213; x_wconf 75' lang='grc' dir='ltr'>οῧτ’</span> <span class='ocrx_word' id='word_1_354' title='bbox 263 4144 300 4212; x_wconf 80' lang='grc' dir='ltr'>ἐν</span> <span class='ocrx_word' id='word_1_355' title='bbox 322 4143 450 4234; x_wconf 65' lang='lat' dir='ltr'>triopa</span> <span class='ocrx_word' id='word_1_356' title='bbox 471 4144 655 4219; x_wconf 75' lang='grc' dir='ltr'><strong><em>ἐνυπνίασα</em></strong></span> <span class='ocrx_word' id='word_1_357' title='bbox 676 4148 884 4231; x_wconf 55' lang='lat' dir='ltr'>‚usquamst</span> 
     </span>
     <span class='ocr_line' id='line_1_43' title="bbox 149 4226 1171 4321; baseline -0.002 -20"><span class='ocrx_word' id='word_1_358' title='bbox 149 4229 462 4318; x_wconf 63' lang='lat' dir='ltr'>Oirnmaouxmip’</span> <span class='ocrx_word' id='word_1_359' title='bbox 489 4230 571 4299; x_wconf 76' lang='grc' dir='ltr'><strong><em>ὥστε</em></strong></span> <span class='ocrx_word' id='word_1_360' title='bbox 604 4226 945 4317; x_wconf 67' lang='grc' dir='ltr'>φανήμεναιμᾷνκιε·</span> <span class='ocrx_word' id='word_1_361' title='bbox 972 4286 991 4293; x_wconf 94' lang='grc'>..</span> <span class='ocrx_word' id='word_1_362' title='bbox 1019 4286 1022 4291; x_wconf 94' lang='grc'>.</span> <span class='ocrx_word' id='word_1_363' title='bbox 1056 4287 1063 4321; x_wconf 89' lang='lat'><strong>:</strong></span> <span class='ocrx_word' id='word_1_364' title='bbox 1090 4264 1095 4271; x_wconf 94' lang='lat'>·</span> <span class='ocrx_word' id='word_1_365' title='bbox 1141 4294 1171 4319; x_wconf 61' lang='lat'><strong><em>„</em></strong></span> 
     </span>
     <span class='ocr_line' id='line_1_44' title="bbox 141 4310 1071 4404; baseline -0.008 -16"><span class='ocrx_word' id='word_1_366' title='bbox 141 4313 378 4395; x_wconf 76' lang='grc' dir='ltr'><strong><em>Ἑλικωνιάδᾳς</em></strong></span> <span class='ocrx_word' id='word_1_367' title='bbox 398 4341 432 4383; x_wconf 80' lang='lat' dir='ltr'>ce</span> <span class='ocrx_word' id='word_1_368' title='bbox 449 4315 618 4403; x_wconf 78' lang='grc' dir='ltr'><em>-δύσχροόν</em></span> <span class='ocrx_word' id='word_1_369' title='bbox 639 4339 673 4382; x_wconf 81' lang='lat' dir='ltr'>re</span> <span class='ocrx_word' id='word_1_370' title='bbox 701 4310 898 4404; x_wconf 35' lang='grc' dir='ltr'><strong><em>Πειρήνηκ,</em></strong></span> <span class='ocrx_word' id='word_1_371' title='bbox 932 4364 946 4401; x_wconf 36' lang='grc' dir='ltr'>ἶ,</span> <span class='ocrx_word' id='word_1_372' title='bbox 1067 4350 1071 4357; x_wconf 92' lang='lat'><em>·</em></span> 
     </span>
     <span class='ocr_line' id='line_1_45' title="bbox 143 4393 1203 4491; baseline -0.002 -20"><span class='ocrx_word' id='word_1_373' title='bbox 143 4405 279 4482; x_wconf 76' lang='grc' dir='ltr'><strong><em>Κείκοις</em></strong></span> <span class='ocrx_word' id='word_1_374' title='bbox 300 4398 436 4489; x_wconf 73' lang='grc' dir='ltr'>ἀφίημ’,</span> <span class='ocrx_word' id='word_1_375' title='bbox 458 4393 507 4470; x_wconf 78' lang='lat' dir='ltr'>aiu</span> <span class='ocrx_word' id='word_1_376' title='bbox 525 4400 794 4487; x_wconf 60' lang='lat' dir='ltr'>studeamusque</span> <span class='ocrx_word' id='word_1_377' title='bbox 819 4399 959 4483; x_wconf 46' lang='lat' dir='ltr'>straden</span> <span class='ocrx_word' id='word_1_378' title='bbox 989 4456 994 4463; x_wconf 86' lang='lat'>.</span> <span class='ocrx_word' id='word_1_379' title='bbox 1073 4480 1077 4491; x_wconf 35' lang='grc' dir='ltr'>Ι</span> <span class='ocrx_word' id='word_1_380' title='bbox 1200 4476 1203 4485; x_wconf 55' lang='grc'><em>,</em></span> 
     </span>
     <span class='ocr_line' id='line_1_46' title="bbox 144 4484 1111 4579; baseline 0.002 -22"><span class='ocrx_word' id='word_1_381' title='bbox 144 4486 314 4570; x_wconf 60' lang='grc' dir='ltr'>Αὐτὸς-ὢ</span> <span class='ocrx_word' id='word_1_382' title='bbox 333 4484 670 4577; x_wconf 64' lang='grc' dir='ltr'>γευσάμενρςτᾶκελεζ</span> <span class='ocrx_word' id='word_1_383' title='bbox 690 4484 765 4577; x_wconf 38' lang='grc' dir='ltr'>γάρ,</span> <span class='ocrx_word' id='word_1_384' title='bbox 782 4492 924 4557; x_wconf 81' lang='grc' dir='ltr'><strong><em>Μοισᾶν</em></strong></span> <span class='ocrx_word' id='word_1_385' title='bbox 1005 4540 1073 4579; x_wconf 50' lang='lat' dir='ltr'>aare</span> <span class='ocrx_word' id='word_1_386' title='bbox 1091 4534 1111 4573; x_wconf 67' lang='lat'>².</span> 
     </span>
    </p>
   </div>
   <div class='ocr_carea' id='block_1_6' title="bbox 0 0 1354 4972">
    <p class='ocr_par' dir='ltr' id='par_1_9' title="bbox 0 0 1354 4972">
     <span class='ocr_line' id='line_1_47' title="bbox 0 0 1354 4972; baseline 0 3"><span class='ocrx_word' id='word_1_387' title='bbox 0 0 1354 4972; x_wconf 95' lang='lat' dir='ltr'> </span> 
     </span>
    </p>
   </div>
  </div>
 </body>
</html>
