2700 4972
65 302 147 391 'ru
439 320 849 413 corruperamus

167 497 218 562 26.
239 490 334 574 Quid
347 494 517 574 uretuasfl
540 495 644 558 Ethic
665 517 770 559 versus
785 498 841 559 sub
861 495 1228 585 adolescentis-persons

80 576 305 667 pronuntiatur:
326 580 399 713 (pnid
421 580 680 666 aliquis-metuere
698 580 825 661 debeat,
845 584 895 643 cui
908 584 989 645 -ba'ec
1011 583 1135 648 sint·od
1147 606 1210 649 ma-

81 689 157 729 num
176 665 343 753 praesidia.
378 667 499 751 planior
524 668 615 729 lectio
636 668 691 746 sit,
722 664 827 746 Quid'
840 667 1022 730 metuam?
1054 668 1113 733 sed
1130 671 1209 735 aliter

80 753 182 838 scripti
194 750 270 814 libri.
312 752 443 815 Possunt
467 763 497 815 et
517 751 623 815 Stoico
644 754 753 814 ascribi
771 747 827 816 tissi
848 750 960 834 pleon
975 756 1148 819 orationem
1162 760 1208 836 ju-

45 862 48 867 *
80 840 169 903 venis
184 838 338 899 interfanti
367 835 556 915 [εἰρωνικῶς
580 837 704 922 quidem
730 860 769 900 ex
785 838 858 917 'ejus
883 851 987 902 mente
1006 844 1104 905 rerba
1122 843 1208 904 inter-

6 954 8 961 <
77 924 205 1075 iirilfflfi’
227 943 306 1008 quae
325 925 542 1009 parentheseos
563 924 656 1003 signis
676 923 790 985 includi
812 924 925 987 debere
954 937 1037 989 recte
1063 929 1208 1013 praecepit

126 1012 196 1074 eb..

167 1010 372 1180 l'ullrixque
387 1088 460 1178 soci
479 1113 599 1157 secura
618 1090 781 1179 patella]
811 1095 896 1158 Haec
916 1096 1125 1180 superioribus
1142 1118 1209 1161 con-

78 1180 245 1244 nectenda:
267 1180 400 1257 ostendit
416 1202 454 1244 eo
469 1183 618 1258 majorem
631 1180 690 1242 sibi
701 1202 768 1259 esse
780 1179 885 1260 fidem,
905 1179 990 1265 quod
1004 1194 1035 1244 et
1046 1184 1127 1261 juste
1142 1204 1210 1269 opes

49 1280 56 1297 '
77 1288 152 1330 suae
165 1269 279 1329 fuerim
297 1278 401 1351 partae
421 1278 451 1328 et
469 1267 570 1351 superi
588 1265 751 1344 ,diligenter
771 1287 810 1328 ex
825 1267 863 1328 iis
884 1268 970 1346 culti3
992 1267 1079 1352 quod
1101 1271 1141 1341 ab
1152 1290 1210 1333 uno

11 1343 197 1433 tllttgenere
208 1353 328 1439 pietatis
340 1350 472 1415 indicat:
494 1350 526 1412 id
539 1363 642 1413 autem
660 1363 723 1429 est,
745 1351 905 1414 libationes
917 1354 988 1415 illae
1010 1375 1211 1417 rerummen-

76 1459 129 1500 sae
142 1438 362 1522 appositarum,
384 1459 463 1522 quae
475 1438 507 1499 in
517 1439 667 1522 patellam
680 1437 747 1499 fieri
763 1437 870 1499 solitae
883 1449 914 1500 et
931 1439 974 1499 ita
988 1439 1023 1499 in
1039 1441 1147 1505 focum
1159 1438 1211 1503 de-

76 1525 148 1586 ferri
166 1535 256 1608 atque
275 1522 476 1587 ibi-adoleri:
503 1523 681 1585 notissimus
701 1543 771 1584 mos
792 1522 893 1607 poiitis
911 1524 1039 1608 aliisque
1063 1525 1211 1611 scriptori-

54 1660 58 1677 ,
76 1611 149 1671 bus:
172 1611 249 1671 haec
263 1611 374 1694 patella
386 1607 506 1672 videtur
516 1608 729 1671 servarisolita
747 1608 780 1669 in
792 1611 880 1687 foco,
902 1620 936 1670 ut
952 1620 1117 1694 propterea
1133 1608 1211 1673 dica-

2 1692 132 1756 ‘stetur
150 1694 219 1757 heic
239 1691 367 1757 cultrix
380 1688 477 1779 [σείς
507 1695 560 1754 vel
580 1693 684 1776 accipe
702 1685 879 1774 simpliciter
903 1716 959 1779 pro
981 1691 1211 1776 θεραπεύων,

79 1801 151 1843 cum
169 1791 273 1859 vetere
293 1781 470 1864 interprete3
500 1775 550 1855 [dc
570 1779 654 1855 cujus
678 1797 735 1838 usu
749 1777 788 1837 in
809 1780 901 1840 sacris
923 1778 1103 1856 domesticis
1121 1783 1211 1843 multu

76 1866 127 1928 hic
141 1867 234 1938 habet
248 1865 313 1945 Pl.;
335 1865 368 1927 in
381 1865 486 1948 iisque
507 1862 650 1941 conjungi
671 1864 750 1924 solet
770 1883 841 1923 cum
858 1862 973 1927 salino:
997 1867 1211 1947 „nibilominus

77 1962 196 2029 tamen,
216 1951 438 2037 inquitWeb.,
461 1947 607 2011 llleistero
625 1947 790 2025 assentior,
811 1946 987 2032 patellam
1007 1952 1072 2013 h.l.
1095 1972 1150 2015 vas
1164 1973 1212 2013 co·

77 2036 248 2121 quinarium
264 2035 383 2113 dicenti,
405 2031 527 2097 Letete
538 2029 636 2095 stud.
652 2054 684 2118 p.
699 2037 738 2097 st
754 2053 817 2116 sq.;
838 2032 891 2112 id,
913 2035 941 2097 si
954 2035 1057 2099 totius·
1069 2037 1132 2099 loci
1147 2058 1213 2101 sen-

76 2123 204 2184 tentiam
220 2133 410 2209 spectamus,
435 2123 497 2200 jam
522 2120 722 2204 comprobant
741 2121 835 2181 verba
856 2116 1051 2205 cultrixque
1064 2117 1147 2269 (oei
1164 2140 1213 2183 ee-

79 2209 210 2289 cuma]
227 2208 396 2270 attactam
414 2226 555 2284 secura,
584 2205 738 2289 quianon
762 2204 803 2267 sit
824 2217 940 2283 metus,
963 2227 1003 2268 nc
1024 2228 1064 2270 re
1098 2218 1213 2294 propter

56 2284 213 2379 'inopiam
227 2295 277 2358 vel
294 2304 417 2378 propter
431 2291 683 2371 irreligiositatem
699 2287 819 2351 deficiat
833 2288 917 2375 quod
934 2292 967 2352 in
981 2295 1130 2377 patellam
1143 2314 1212 2357 cuu-

75 2379 201 2459 jiciatur.
246 2379 378 2456 [Vocem
394 2389 561 2439 extremam
575 2383 626 2437 est
643 2385 725 2438 reste
737 2374 806 2441 Cas.
827 2376 862 2438 in
875 2378 1021 2440 lemmate
1037 2378 1158 2463 omisit3
1174 2378 1213 2451 in

47 2536 50 2541 ,
76 2476 200 2529 recentt.
219 2463 288 2527 edd.
310 2461 508 2526 suadentibus
522 2460 621 2525 Codd.
662 2462 818 2539 annuitis]
1190 2504 1211 2527 ,,

65 2602 68 2607 .
162 2554 214 2614 at.
237 2544 315 2611 Hoc
331 2546 455 2627 salisP]
481 2545 567 2626 Quid
583 2483 659 2612 aisl]
673 2547 771 2630 inquit
784 2545 906 2609 Stoicus
921 2547 1045 2629 doctor3
1067 2570 1108 2611 an
1119 2545 1212 2613 itastis

25 2690 35 2697 .
76 2637 231 2699 bonorum
251 2636 306 2697 tria
328 2655 395 2696 esse
418 2655 544 2714 genera,
567 2632 679 2710 anirui,
703 2633 852 2718 corporis,
880 2636 1039 2713 fortunae,
1070 2634 1211 2719 equibus

12 2726 44 2745 '''
75 2721 172 2784 anirni
184 2724 267 2784 bona
281 2721 324 2783 ita
341 2721 502 2799 excellunt,
522 2730 556 2780 ut
569 2721 635 2782 sola
657 2716 716 2779 dici
737 2739 811 2793 vere
828 2720 910 2781 bona
923 2720 1121 2797 mereantur?
1144 2731 1210 2781 tuns

37 2806 168 2886 'igitur
188 2806 267 2870 adeo
287 2827 409 2886 amens,
430 2817 466 2867 ut
484 2801 625 2867 fortunae
649 2825 794 2883 munera,
817 2826 895 2889 quae
918 2826 958 2867 an
977 2807 1010 2867 in
1031 2806 1123 2869 bonis
1140 2826 1210 2867 cen-
1250 2864 1254 2875 ,

76 2890 173 2956 sentia
187 2893 248 2955 sint
262 2913 328 2955 non
341 2892 485 2956 convenit
496 2892 575 2953 inter
588 2890 758 2975 sapientes,
781 2889 822 2951 ad
838 2892 927 2953 beate
941 2890 1113 2954 vivendum
1123 2900 1209 2976 putes
1250 2923 1254 2975 ;

73 2978 130 3041 tibi
149 2978 335 3049 esse-satis?
355 2978 398 3040 ita
418 2978 534 3063 exponi
554 2975 646 3039 debet
665 2970 703 3038 τὰ
718 2971 823 3036 satis.-
846 2974 942 3039 Stoici
963 2977 1048 3039 enim
1067 2974 1209 3039 adfinem

74 3065 178 3126 omnia
193 3067 345 3142 referunt,
365 3075 400 3126 ut
412 3085 506 3149 saepe
520 3062 713 3125 monuimus:
735 3082 828 3147 quare
848 3059 936 3123 sotis
957 3081 1032 3125 esse
1048 3061 1120 3124 heic
1134 3062 1209 3127 rotet

72 3172 128 3236 pro
143 3172 268 3215 summo
282 3152 366 3214 bono
383 3149 509 3214 censeri.
918 3178 923 3189 ¹

91 3288 98 3296 ..
160 3234 218 3299 Ao
234 3232 358 3297 deceat
370 3233 571 3320 pulmonem
590 3251 750 3318 rumpere
766 3231 892 3311 ventis,
915 3228 975 3311 Su]
996 3231 1045 3295 An
1063 3234 1209 3320 sapiente

72 3321 160 3398 facis,
178 3320 263 3407 quod
276 3342 332 3406 pro
353 3313 399 3383 ter
411 3321 603 3384 nobilitatem
617 3318 736 3399 generis
746 3317 790 3378 tui
804 3319 916 3383 attollis
931 3318 1077 3404 spiritus?
1100 3326 1209 3384 ventos

76 3409 227 3514 apppellat,
264 3342 353 3492 quoti
376 3407 514 3469 usitatius
550 3405 654 3467 dicunt
680 3400 841 3489 spiritus,
882 3401 992 3467 Graeci
1022 3398 1161 3488 φύσημα
1184 3412 1210 3466 el

75 3514 195 3575 oysson:
230 3492 274 3554 sic
295 3491 433 3577 spiritum
458 3512 579 3575 quoque
607 3491 712 3569 illum,
743 3512 835 3574 quem
867 3488 1042 3553 anhelando
1068 3490 1210 3575 ducimus,

75 3590 188 3645 vocant
205 3586 346 3641 ventum
365 3577 474 3664 optimi
491 3577 662 3660 scriptores
681 3576 800 3655 Latinis
825 3595 982 3660 rumpere
1003 3576 1074 3638 heic
1095 3589 1142 3641 est
1158 3578 1211 3639 im-

75 3666 159 3752 plere
173 3684 264 3749 supra
280 3661 428 3727 modum:
451 3663 495 3725 sic
517 3662 550 3723 in
564 3662 678 3741 V[13]
704 3681 863 3746 rumpere
883 3659 1026 3738 buccas,
1049 3661 1083 3723 id
1099 3663 1212 3726 estim-

74 3753 159 3837 plere
177 3770 213 3811 ac
228 3750 361 3834 φυσᾷνε
383 3749 426 3811 ita
442 3766 601 3833 rumpere
616 3743 743 3810 ltorrea
764 3746 911 3810 Sidonius
927 3747 952 3810 A
976 3748 1130 3828 ollinaris,
1151 3744 1212 3811 libri

74 3835 165 3923 primi
176 3835 263 3921 epist
273 3833 352 3898 Vlll
369 3833 528 3914 {imovlp
552 3837 750 3898 innumeros
765 3833 920 3896 cumulos
929 3769 1101 3921 ffugibus
1115 3841 1212 3920 rupto

74 3918 247 4007 congestis
262 3918 390 3983 lzorreu
408 3916 548 3983 dobunt.

138 4009 190 4071 28.
200 4004 393 4068 Stemmete
409 4004 500 4092 quod
506 4002 618 4069 Tusco
635 4025 773 4068 romum
783 4001 968 4068 millesime
983 4001 1114 4085 ducis]
1124 4001 1212 4085 Quod

74 4111 186 4175 genere
199 4104 283 4155 ortus
298 4114 332 4155 es
350 4090 429 4154 adeo
443 4102 582 4156 vebistae
594 4093 770 4171 nobilitatis,
790 4105 825 4154 ut
835 4092 1016 4155 millesimus
1031 4093 1073 4157 sis
1087 4115 1105 4155 a
1120 4092 1211 4177 primo

72 4189 215 4265 parente,
242 4178 296 4262 qui
316 4178 349 4239 in
369 4189 531 4241 stemmate
547 4190 601 4240 tuo
627 4180 810 4257 collocatur3
828 4178 870 4239 ait
895 4173 1024 4255 Ήιεοο,
1047 4179 1119 4264 quia
1139 4176 1212 4239 anti-

72 4264 286 4351 quissimarum
301 4261 423 4325 Rornae
435 4264 619 4327 familiarum
634 4285 702 4348 pars
717 4264 853 4326 maxima
866 4284 906 4325 ex
918 4263 1038 4327 Etruria
1054 4272 1211 4338 reuersut3

73 4358 193 4413 ramus
217 4360 264 4412 est
275 4348 420 4413 familiae
439 4351 565 4413 soboles
587 4371 627 4412 ex
648 4350 741 4434 stirpe
762 4348 908 4428 deducta,
936 4353 988 4412 vel
1009 4370 1166 4414 successor
1180 4347 1209 4409 in

21 4433 166 4499 attrecta
179 4437 279 4518 linea3
302 4431 467 4516 Gregorius
482 4434 639 4516 Nyssenus
660 4431 744 4517 Περὶ
761 4428 920 4515 θεότητος
940 4435 1021 4502 υἱοῦ
1035 4432 1093 4503 sul
1115 4432 1209 4499 ursi-
