2700 4972
127 358 228 443 ,tta
527 364 987 471 comsummatus
1081 419 1085 425 ,
1151 320 1154 325 ’

82 584 85 589 -
163 534 326 602 Conclusio
343 538 421 598 haec
432 548 479 601 est
494 536 707 619 ultimatotius
720 536 963 615 deliberationis,
983 536 1063 621 quae
1084 537 1237 601 hactenus
1255 548 1298 601 eat

162 622 289 703 agitata3
309 623 414 685 referri
425 634 528 686 autem
540 625 618 686 haec
631 627 726 688 verba
741 623 854 686 debent
867 622 908 685 ad
930 623 984 684 illa
1001 621 1219 707 praecedentia
1228 648 1249 687 r

154 746 160 755 ·
246 703 304 770 Ne
320 706 410 772 milui
422 707 640 796 Polydamas
654 719 689 772 et
705 705 873 772 Troiirdea
889 704 1090 771 Labeonem

149 796 154 812 '
252 790 509 866 Praetulerim,

160 878 205 942 ibi
223 879 343 942 dicebat
363 879 437 942 ideo
459 878 597 943 damnari
616 881 777 943 consilium
797 902 889 944 suum
904 878 945 942 dc
960 877 1058 942 Satira
1078 877 1243 943 scribenda
1260 882 1295 943 ab

112 966 221 1031 resilto
241 987 297 1028 suo
316 968 485 1040 monitore,
508 967 577 1050 quia
598 988 739 1051 proceres
753 966 888 1029 Romani
916 967 969 1047 uel
992 964 1148 1051 Labeonla
1171 960 1297 1029 Iliadem

33 1062 36 1067 ’
158 1050 828 1201 {lttdl‘btttltlttbltslll
849 1050 1299 1216 tttltbtl'lffittltb

159 1222 219 1311 qui·
231 1159 463 1371 vdgoxdcceptt
480 1159 603 1301 ’esseda
630 1226 686 1286 has
701 1245 771 1286 suas
787 1157 1296 1286 Satiresqcommutareipnimbun

40 1326 43 1331 ·
158 1309 251 1392 pluris
270 1307 401 1371 faciebat
446 1309 541 1371 ersius
554 1330 751 1389 generosam,
775 1330 834 1393 qua
849 1310 941 1370 utitur
956 1308 991 1369 in
1008 1310 1068 1369 hoc
1081 1308 1162 1371 libro
1181 1306 1216 1369 in
1236 1330 1294 1371 car-

157 1392 267 1478 pendis
282 1394 377 1472 vitiis,
400 1395 584 1473 libertatem,
608 1416 700 1481 quam
717 1397 894 1479 cujusquam
910 1394 1036 1473 gratiam
1050 1404 1103 1455 aut
1117 1414 1210 1477 spem
1222 1394 1294 1457 ullu·

156 1499 226 1539 rum
241 1479 490 1541 commodorum:
510 1481 769 1560 virimagnanimi
788 1482 864 1542 haec
884 1490 965 1541 certa
977 1479 1066 1541 nota!
1112 1476 1178 1540 Dio
1202 1476 1292 1561 Chry-

157 1575 313 1641 sostumus
324 1566 357 1626 in
371 1587 407 1627 ea
420 1564 537 1645 [altera]
560 1564 600 1627 de
613 1565 728 1629 invidia
745 1567 801 1644 [or.
815 1563 998 1641 LXXVIII,
1010 1587 1041 1649 p.
1058 1567 1130 1642 660,
1147 1568 1192 1627 36
1205 1564 1291 1669 ⁸¹14]ss

157 1642 179 1711 ὁ
196 1644 281 1728 πρὸς
295 1644 456 1733 α’λήθειαν
473 1645 627 1731 ἀνδρεῖος
640 1648 697 1714 καί
712 1647 931 1732 μεγαλόφρων
946 1642 1009 1714 οὐκ
1023 1643 1066 1712 dv
1078 1642 1223 1729 πρόοιτο
1239 1669 1291 1753 αρν

156 1728 346 1815 ἐλευθερίαν
361 1735 421 1818 τὴν
434 1731 541 1801 αὑτοῦ
552 1734 609 1800 ναί
621 1732 681 1819 τὴν
694 1735 894 1819 ααῤῥησίαν,
906 1736 1003 1818 τιμῆς
1014 1728 1300 1819 τινοςᾶνίμννῃ,

156 1841 212 1900 ριν
223 1816 246 1902 ἢ
259 1818 431 1903 δυνάμεως
447 1817 662 1904 ἢχρημάνων.
684 1824 789 1885 Labeo
803 1823 871 1884 heic
886 1823 918 1883 in
932 1823 1110 1905 exemplum
1119 1819 1288 1885 nominatur

39 1957 42 1962 .
155 1927 264 1968 eorum
277 1907 447 1993 poetarum,
460 1911 512 1993 qui
525 1921 596 1971 tunc
610 1909 761 1971 florebant
777 1921 807 1970 et
819 1909 912 1988 gloria
925 1918 956 1969 et
968 1906 1071 1987 gratia,
1086 1902 1145 1969 sed
1159 1909 1226 1985 ejus
1238 1926 1288 1969 aa·

154 1992 292 2053 minatim
311 1994 345 2052 fit
369 1994 489 2055 mentio.
504 2006 627 2079 propior
645 1996 833 2079 superiorem
846 2015 986 2056 versum:
996 2002 1133 2055 'sbenue
1148 1986 1288 2063 enimn·

153 2089 237 2154 rant,
263 2078 314 2162 qui
330 2077 369 2139 ad
391 2078 522 2141 Neronis
541 2077 670 2141 Iliadem
694 2082 774 2140 hunc
796 2083 900 2140 locum
918 2081 1062 2140 referunt.
1105 2075 1286 2141 Satiraseb·

155 2174 260 2242 ganter
273 2154 467 2245 αέριφρίίζει
481 2163 600 2228 duabus
616 2163 758 2227 adhibitis
774 2165 873 2227 notis:
897 2162 981 2248 quod
1003 2164 1043 2225 sit
1059 2183 1185 2227 carmen
1205 2184 1285 2249 oper·
1312 2170 1316 2183 '

111 2296 114 2305 .
153 2258 221 2310 tum
234 2259 264 2310 et
280 2247 319 2310 ad
336 2248 528 2313 movendum
540 2251 636 2333 risum
652 2251 839 2336 appositum:
862 2271 954 2334 quam
968 2250 1048 2311 belle
1062 2246 1285 2311 haec‘naanan

154 2335 219 2411 ejus
236 2335 353 2413 generis
372 2336 540 2397 carminum
556 2337 715 2421 aperiunt?
739 2357 797 2421 qua
818 2334 857 2396 de
876 2357 909 2397 re
929 2333 1044 2396 dictum
1065 2345 1112 2397 est
1129 2355 1189 2399 suo
1209 2336 1284 2415 loco;

153 2426 312 2500 opertum
326 2423 469 2483 translata
481 2442 546 2484 vox
560 2443 578 2483 a
592 2422 683 2484 sacris
700 2423 888 2506 opertaneis,
912 2441 990 2505 quae
1011 2412 1182 2503 μυστήρια
1199 2416 1285 2483 Grae·

73 2534 77 2541 ·
152 2503 213 2580 cis,
235 2504 289 2564 ubi
306 2506 434 2567 obscure
449 2516 480 2568 et
492 2501 540 2570 δι’
557 2506 724 2588 ἀἰνιγμῶν
751 2528 784 2570 es
802 2506 925 2570 divinae
939 2506 1146 2586 significantur
1161 2505 1238 2586 [ime
1250 2502 1284 2567 ad

151 2587 257 2651 Midae
271 2589 501 2653 similitudinem
515 2530 846 2678 perstrenuquirmodo
860 2614 932 2663 usus
945 2587 1019 2672 est];
1037 2588 1154 2653 ridere
1169 2608 1283 2669 meunt,

152 2670 214 2755 τὴν
232 2670 314 2757 ίμὴν
327 2673 514 2759 ααῤῥησίαν
526 2676 582 2757 καί
598 2674 783 2760 ἐμααιγμόν
797 2677 895 2759 [Bene
909 2672 971 2740 Pl:
993 2675 1161 2756 „Similiter
1171 2676 1282 2741 Patron

152 2757 217 2822 Sat.
239 2761 299 2827 52:
329 2759 447 2832 Meum
472 2761 565 2826 enim
585 2762 781 2848 intelligere
798 2762 894 2827 ανίία
912 2761 1065 2848 paeanio
1093 2759 1283 2843 vendo.“·];
1317 2828 1320 2833 ,

151 2851 227 2906 tom
239 2842 303 2924 nil,
325 2846 409 2931 quo'd
422 2849 509 2911 initio
528 2852 619 2928 hujus
636 2849 866 2939 deliberationis
874 2860 1034 2935 tantopere
1047 2850 1195 2913 elevabaa
1208 2846 1283 2927 vulgi

149 2931 298 2993 iudicium
312 2945 443 2997 secutus.
831 2940 835 2947 ’

236 3012 355 3080 Nulla
380 3016 444 3082 tibi
463 3016 575 3083 vendo
594 3016 743 3102 Iliade]
768 3014 861 3102 Πρὸς
881 3012 1040 3099 οὐδεμίαν
1060 3031 1116 3082 σοι
1135 3011 1284 3096 ἀλλαξαί-

152 3122 220 3185 μην
228 3095 370 3168 ’ίλαίδαα
392 3118 513 3170 montes
531 3107 595 3168 auri
607 3130 670 3170 non
684 3118 837 3184 meream,
861 3116 892 3167 ut
906 3115 1023 3166 mutato
1042 3104 1171 3183 ingenio
1187 3106 1283 3167 fieren

150 3188 255 3251 Labeo
270 3191 322 3254 vel
337 3190 464 3274 quilibet
477 3193 554 3255 alius
571 3214 610 3255 ex
628 3195 694 3256 istis
716 3193 827 3278 ineptis
846 3191 964 3276 poetis,
986 3190 1039 3274 qui
1056 3190 1245 3253 assentando
1258 3198 1296 3277 et·

150 3274 263 3336 misere
276 3276 479 3339 versificando
489 3276 624 3343 Neronis
638 3280 802 3341 amicitiam
822 3277 903 3339 nacti
916 3278 1009 3356 vulgo
1026 3296 1081 3336 ceu
1105 3277 1190 3339 beati
1203 3295 1283 3363 prae·

99 3357 304 3430 medicantur.
347 3359 449 3441 Digna
468 3382 532 3424 vox
551 3384 702 3443 generoso
720 3364 839 3426 animo!
870 3363 966 3447 qualis
987 3362 1038 3445 illa
1054 3359 1236 3425 Promeibei
1248 3356 1283 3423 ad

154 3442 435 3532 Mercuriumapud
450 3447 636 3530 Aeschylum
673 3451 765 3515 965s
787 3449 826 3530 .]:
978 3468 980 3477 ·

241 3532 307 3614 Τῆς
325 3532 386 3613 σῆς
406 3531 557 3611 λατρείας
579 3533 640 3615 τὴν
657 3451 744 3619 duria
763 3472 982 3613 ίνσνραξίαν,

151 3696 209 3778 [cf
236 3618 366 3764 I{lantrude
386 3611 546 3765 luporuo’,
568 3614 632 3684 οὐκ
652 3616 697 3684 ἂν
718 3612 892 3702 ἀλλάξαιμ’
914 3612 987 3702 ἐγώ·

206 3720 217 3764 .“
262 3722 320 3763 ass.
364 3748 373 3764 .
395 3708 414 3767 3
438 3709 457 3768 9
479 3725 493 3766 s
516 3752 522 3766 .
779 3708 788 3763 ἵ.
1309 3762 1313 3767 .

239 3791 309 3851 123.
332 3724 475 3851 ίίαιίααί
494 3706 687 3876 dedicataque
709 3778 830 3878 afflirte
855 3786 1025 3868 Cratino]
1048 3785 1085 3850 In
1102 3789 1165 3850 hac
1185 3786 1282 3851 ultima

151 3868 269 3932 Satirae
290 3873 376 3936 istius
395 3885 479 3958 parte
502 3877 705 3963 philosophos
725 3879 860 3939 imitatur
873 3876 1009 3952 Persius,
1023 3948 1027 3954 Ι
1039 3894 1119 3958 quos
1141 3892 1283 3959 persaepe

149 3967 196 4018 est
206 3955 327 4035 videre,
354 3961 479 4043 qualem·
495 3963 641 4024 lectorem
656 3962 844 4039 desiderent,
870 3962 979 4047 quibus
992 3959 1172 4045 scripserint
1186 3966 1235 4039 et,
1254 3966 1283 4019 ut

148 4041 352 4126 philosophus
368 4046 399 4105 lo
421 4046 513 4124 uitur,
536 4048 602 4130 quis
623 4051 740 4111 futtuus
755 4050 795 4112 sit
810 4047 932 4122 οίκαίος
949 4040 1132 4127 ἀκροατὴς,
1157 4043 1283 4125 diligen·

119 4193 123 4204 ,
148 4139 195 4190 ter
210 4129 369 4212 explicare.
438 4132 497 4192 acit
516 4133 577 4193 hoc
593 4133 767 4197 Aristoteles
782 4135 816 4195 in
836 4135 935 4218 primo
951 4131 1234 4196 Nicomacheorum
1250 4128 1283 4191 li-

149 4215 215 4275 bro.
257 4212 367 4276 Strabo
378 4215 472 4278 etiem
486 4230 623 4281 accurate
642 4220 675 4279 in
689 4220 789 4303 primo
808 4223 878 4282 τῶν
890 4212 1224 4300 μενγραφονμένωνα
1244 4213 1283 4277 sie

150 4310 182 4362 et
200 4295 336 4362 Galenus
358 4320 423 4361 nun
443 4323 505 4363 uno
526 4305 615 4380 loco,
640 4302 815 4389 Simplicius
835 4305 869 4366 in
890 4302 1080 4391 Epictetum,
1109 4323 1181 4363 cum
1201 4298 1283 4363 initio

149 4395 215 4447 tum
228 4384 318 4466 alibi,
340 4396 430 4471 atque
446 4388 497 4449 alii
509 4389 614 4468 magni
625 4390 682 4452 scri
703 4400 802 4454 tores:
824 4391 916 4453 simul
936 4410 1010 4452 vero
1032 4386 1155 4451 Persius
1175 4385 1218 4448 ad
1236 4386 1284 4448 illa

148 4470 310 4534 monitoris
320 4472 367 4533 sui
380 4473 535 4571 superiora
545 4476 649 4553 verba,
665 4410 752 4554 (iuis
767 4473 862 4563 leget
877 4473 993 4539 baec?
1013 4474 1094 4538 serio
1109 4468 1285 4558 responden
