2700 4972
185 162 191 170 -
255 78 258 83 ¹
336 135 400 201 ro
428 107 598 201 ainau
629 132 850 238 samanar
877 133 925 200 11.
1021 212 1024 225 ¹
1134 141 1198 207 m

588 614 667 686 ΑΙ)

25 832 526 947 Αειν-τοττι·
632 828 1283 925 οοοοΝοΑΜ.-

56 1124 167 1231 Haec
178 1154 278 1222 Satira
296 1156 510 1239 gravissimum
524 1138 658 1220 continet
671 1169 894 1239 argumentum,
916 1154 959 1222 dc
967 1159 1133 1247 precibus
1150 1185 1193 1227 ac
1199 1178 1250 1234 169

56 1242 165 1319 votis,
187 1266 208 1307 e
225 1245 431 1330 penetralibus
454 1248 519 1323 ejus
544 1245 760 1330 philosophiae
782 1243 1014 1332 depromptum,
1044 1270 1122 1333 quae
1142 1251 1218 1313 fuit‘

56 1331 214 1399 veteribus
225 1331 414 1417 sapientibus
433 1350 489 1414 pro
512 1331 682 1410 theologia:
704 1353 778 1393 nam
792 1329 983 1395 Deus.esset
1005 1354 1045 1395 an
1067 1357 1147 1414 non,
1170 1348 1201 1399 et

57 1428 176 1481 curaret
195 1416 336 1479 mortalia
357 1437 470 1494 necne,
495 1418 529 1477 in
551 1417 686 1501 physicis
711 1419 774 1480 suis
792 1419 928 1502 plerique
943 1420 1200 1505 philosophorum

57 1502 294 1588 quaesiverunt,
306 1522 426 1567 ¹eorum
439 1522 524 1578 vero,
539 1523 617 1586 quae
634 1501 674 1563 ad
689 1495 845 1583 ὁσιότητα
860 1507 1037 1587 spectabant
1051 1518 1083 1568 et
1096 1508 1201 1569 homi-

58 1604 134 1651 num
156 1584 305 1651 adversus
328 1585 404 1650 deos
430 1588 549 1665 officia,
571 1599 688 1673 partem
706 1609 852 1667 magnam
869 1594 902 1649 in
924 1591 1024 1652 ethica
1042 1589 1201 1703 disciplina

31 1748 33 1755 Ι
58 1685 129 1738 sunt
141 1674 305 1758 complexis
348 1671 423 1751 Ejus
439 1673 558 1752 generis
580 1684 627 1735 est
647 1672 745 1735 Satira
764 1675 856 1735 haec:
879 1675 927 1735 cui
943 1675 970 1736 si
989 1688 1122 1739 metrum
1144 1677 1201 1741 de-
1268 1752 1271 1757 ⁵

57 1761 178 1838 trahas„
191 1760 269 1823 nihil
284 1759 329 1821 illi
341 1757 380 1821 ad
392 1758 639 1843 philosophicam
654 1760 833 1838 gravitatem
852 1758 996 1839 defuerit,
1018 1783 1083 1823 non
1101 1764 1209 1844 magis„
1306 1758 1308 1763 ’

58 1866 153 1931 quum
173 1845 265 1909 alicui
287 1844 450 1907 ePlatonis
466 1844 550 1908 libris
564 1843 756 1909 Plutarchive
776 1856 829 1907 aut
844 1847 977 1924 cujusvis
998 1848 1129 1911 aliorum
1148 1852 1201 1913 vel

57 1932 179 2023 primae
202 1924 296 1993 notee'
320 1931 587 2015 philosophorum.
635 1927 719 1992 Inter
741 1931 840 1994 varias
866 1943 971 1994 autem
997 1935 1201 2017 quaestiones,

59 2014 266 2103 quiae-cadunt
285 2016 319 2077 in
339 2018 550 2106 trpctationem
567 2012 643 2094 περὶ
657 2009 828 2098 ὁσιότητος
849 2028 879 2078 et
895 2016 935 2079 de
956 2039 1031 2082 vero
1055 2021 1202 2106 superdm

59 2104 160 2182 cultu,
182 2122 247 2165 non
259 2101 388 2163 minima
407 2103 534 2179 catilla,
556 2123 635 2186 quae
652 2100 691 2163 de
710 2114 793 2167 recte
815 2101 932 2164 orando
953 2105 1081 2179 numine
1102 2104 1202 2191 dequo

58 2187 143 2255 votis
154 2186 304 2251 faciendis
317 2188 394 2267 agit:
414 2187 575 2273 multiplex
596 2188 680 2249 enim
700 2189 978 2253 mortaliumerror
990 2190 1023 2251 in
1038 2192 1096 2253 hac
1115 2203 1201 2276 parte
1238 2262 1241 2267 ¹
1303 2214 1307 2223 ¹

59 2276 142 2339 solet
160 2273 294 2352 versari,
317 2285 351 2335 ut
370 2295 434 2335 non
451 2273 518 2336 sine
536 2272 646 2336 baussa
664 2272 761 2335 Stoici
782 2274 1003 2359 pronuntiarint
1024 2278 1126 2339 solum
1142 2292 1252 2347 stt-170

81 2358 287 2443 ‘entemecire
305 2380 391 2420 orare
410 2372 508 2437 recte,
530 2361 631 2421 solum
649 2380 717 2422 esse
733 2358 932 2424 sacerdotem.
977 2362 1136 2427 Hierocles
1152 2362 1203 2440 [ad

172 2442 214 2509 V·.
234 2451 263 2509 1.
282 2466 312 2529 p.
328 2447 378 2509 25.
403 2443 452 2507 ed.
473 2444 594 2524 Paris.]:
607 2512 611 2517 ,
624 2439 706 2509 ὅθεν
722 2442 779 2511 aab
798 2441 903 2527 μόνος
922 2443 1031 2527 ἱερεύς
1053 2443 1071 2511 ὁ
1093 2445 1204 2529 σοφός

10 2586 13 2594 .
60 2529 202 2613 λέγεται,
223 2528 350 2609 (Stoicis
365 2552 496 2617 nempe,
518 2529 661 2610 Diogene
681 2542 758 2594 teste
773 2553 807 2594 ac
821 2528 991 2615 Stobaeor)
1010 2526 1114 2616 μόνος
1124 2539 1203 2601 θεο-
1249 2590 1253 2597 .

61 2610 183 2701 pride,
210 2609 314 2697 μόνος
339 2611 434 2690 εἰδώς
454 2610 636 2691 edicebat.-
663 2639 764 2701 neque
788 2619 866 2679 haec
885 2628 1004 2681 tantum
1027 2618 1204 2683 Stoicorum
1275 2672 1284 2697 .,

10 2750 15 2759 .
31 2754 34 2759 .
59 2704 120 2779 fnit
137 2702 298 2779 sententia,
319 2701 375 2763 sed
396 2713 426 2763 et
440 2703 697 2788 philosophorum
714 2704 859 2780 aliorum,
881 2704 934 2787 qui
947 2705 980 2765 in
995 2706 1056 2767 hoc
1072 2727 1204 2769 consen-

61 2789 158 2868 tirmt,
196 2787 330 2869 copriam
363 2788 520 2873 hilosophi
539 2786 664 2850 laudem
684 2809 752 2851 esse
772 2790 852 2851 bene
866 2786 973 2851 Deum
989 2811 1084 2852 orare.
1128 2792 1255 2866 illa-(91)

60 2876 167 2939 ximus
174 2809 293 2955 ¹'lycius
308 2810 423 2936 Xle.
446 2873 673 2936 dissertatione:
696 2869 739 2936 όὶν
761 2867 869 2957 ἐξέλῃς
888 2877 950 2938 τοῦ
967 2874 1046 2958 βίον
1064 2879 1205 2958 φιλοσο-

61 2956 166 3041 φίαν,
188 2954 305 3035 ἐξεῖλες
320 2953 425 3023 αὐτοῦ
443 2954 482 3023 τό
496 2954 666 3037 ζότινρον,
688 2955 726 3023 τό
743 2954 908 3041 ἔμπνουν,
930 2956 968 3024 τό
987 2956 1142 3039 ζωτικὸν,
1164 2959 1202 3031 τό

61 3040 170 3129 μόνον
186 3040 346 3127 εὔξασθαι
357 3040 582 3126 ἐπιστάμενον.
626 3043 690 3107 Sed
702 3067 767 3107 non
785 3044 948 3107 defuerunt
960 3047 1037 3111 olim
1057 3048 1109 3132 qui
1126 3048 1204 3113 deos

61 3142 212 3213 negarent
225 3152 294 3195 esse
314 3130 461 3194 orandos:
484 3151 564 3215 quae
585 3130 643 3192 fuit
665 3131 814 3193 sententia
838 3129 1077 3212 Cyrenaicorum
1100 3136 1205 3219 philo·

62 3216 253 3305 raphanum,
270 3227 305 3278 ut
317 3218 421 3283 scribit
441 3215 601 3295 Clemens,
624 3228 714 3301 atque
736 3216 877 3279 omnium
896 3216 1109 3304 illorum,'qui
1124 3220 1207 3286 djai.

62 3324 138 3367 nem
156 3301 383 3389 providentiam
400 3305 567 3382 negabant,
589 3323 720 3387 quorum
740 3303 893 3388 praecipui
912 3307 1035 3367 fuerunt
1044 3304 1204 3388 Epicurei:

62 3391 126 3453 hoc
143 3388 231 3453 enim
252 3391 351 3471 semel
376 3389 494 3473 posito,
523 3410 649 3473 superos
671 3390 806 3451 humana
828 3411 892 3450 non
918 3411 1038 3468 curare,
1071 3390 1206 3476 sequitur

64 3474 239 3539 necdssario
251 3477 360 3537 trustra
374 3496 441 3537 esse
462 3475 514 3559 qui
533 3496 628 3559 opem
649 3475 719 3537 illos
731 3486 866 3560 poscant.
909 3474 1006 3559 Atque
1023 3478 1113 3556 hujus
1133 3499 1206 3541 sen-

31 3594 34 3598 ·
63 3561 181 3623 tentiae
199 3559 498 3641 etimdristotelem
516 3562 611 3623 fuisse
635 3559 718 3646 apud
738 3559 868 3622 Sextum
884 3558 1073 3645 Empiricum
1090 3563 1205 3627 scimus

64 3646 142 3727 legi:
165 3644 223 3709 sed
236 3667 295 3709 nos
311 3667 434 3709 summo
453 3646 522 3710 viro
545 3646 687 3725 injuriam
707 3646 773 3708 lieri
795 3667 859 3707 non
877 3643 1060 3712 dubitamus.
1103 3648 1206 3712 llIaxi-

64 3753 136 3803 mus
148 3753 226 3796 vero
242 3731 363 3813 Tyrius,
385 3732 568 3812 cognomine
581 3732 772 3808 Platonicus,
795 3730 868 3815 quid
886 3753 978 3817 super
992 3754 1031 3795 eo
1049 3737 1206 3813 censuerit,

66 3840 106 3891 ex
122 3821 189 3898 ejus
204 3816 331 3881 diatriba
348 3818 410 3896 illa,
431 3820 516 3897 cujus
528 3816 625 3879 modo
642 3816 851 3895 meminimus,
867 3819 935 3880 sciri
951 3829 1060 3903 potest.
1097 3819 1206 3882 Enim-

66 3924 142 3969 vero
161 3894 215 3991 ciui
226 3914 372 3984 negarent
390 3925 458 3966 esse
469 3901 637 3980 orandum,
658 3902 834 3988 paucissimi
847 3913 965 3966 tantum
982 3906 1090 3969 furiosi
1104 3908 1207 3992 philo-

67 3990 174 4076 sophi,
196 4001 304 4076 postea
319 3988 483 4052 deterior'es
499 3990 548 4052 his
569 4000 600 4051 et
620 3990 779 4075 pauciores
797 3990 942 4051 haeretici
962 3992 1000 4053 ab
1023 3994 1109 4055 omni
1126 4012 1205 4055 aevo

67 4077 249 4140 extiterunt:
272 4085 303 4137 at
320 4077 402 4137 male
417 4097 503 4138 orare
515 4098 578 4137 non
595 4096 779 4160 paucorum,
797 4074 853 4139 sed
874 4076 1015 4139 omnium
1031 4077 1207 4141 monalium

69 4163 245 4227 communis
258 4182 341 4225 error
350 4183 473 4246 semper
482 4162 555 4241 t'uit,
577 4163 616 4223 iis
633 4163 706 4223 solis
720 4162 870 4246 exceptis,
913 4163 973 4224 uia
990 4183 1064 4225 vero
1083 4163 1207 4247 sapien-

69 4250 127 4312 tiae
143 4247 273 4311 doctore
293 4246 423 4312 fuissem
447 4245 571 4309 eruditi:
600 4250 681 4310 hene
696 4246 781 4311 enim
800 4267 888 4310 orare
934 4268 1021 4326 eum,
1042 4258 1077 4311 ut
1091 4248 1208 4313 -alicuhi
