2700 4972
167 344 214 429 so
380 290 384 297 ¹
510 324 937 411 ‘corinna-rimus

170 534 228 590 τος
248 509 352 598 λόγου
372 513 422 594 τίς
446 514 496 601 εἴη
521 511 701 603 βέλτιστος,
729 507 789 581 ἆτ’
814 508 921 582 αὐτοῦ
945 506 1155 597 ἀρξαμένους
1181 506 1294 593 πάντας
1331 492 1342 511 ’

162 596 225 664 ’ἐπὶ
239 598 276 665 cd
291 598 399 682 ὄνομα
412 596 520 666 αὐτοῦ
528 598 780 686 ’κατενεχθῆναι
1040 622 1045 636 ··

259 687 309 751 64.
331 684 418 751 Nisi
435 688 592 750 carmina
605 687 707 751 molli
724 683 828 751 Nunc
846 683 987 747 demum
1008 704 1153 763 numero
1168 679 1293 774 fluere}

171 770 290 857 ludicia
314 773 486 837 auditorum
515 776 623 861 carpit,
653 775 711 860 qui·
729 796 799 837 eam
823 774 922 835 solam
943 774 1115 834 orationem
1137 773 1296 856 probabant

171 860 238 922 sire
259 857 419 943 ἔμμετρον
435 855 685 943 εἰνυόμετρου,
706 864 797 946 'quae
818 870 921 920 tenera
945 857 1110 943 quaedam‘
1127 857 1297 920 elocutionis

172 956 239 1006 cute
262 958 342 1009 esset
364 959 487 1033 operta}
505 958 539 1008 ut
556 948 659 1010 scribit
679 957 709 1008 et
731 944 937 1023 Quintilianus
953 945 1031 1006 libro
1050 942 1093 1006 V.
1118 943 1218 1028 capite
1231 940 1297 1005 ΧΗ.

173 1028 290 1112 [§.·18],
312 1033 366 1094 ubi
380 1031 528 1112 ostendit,
551 1031 633 1117 quod
647 1043 677 1094 et
689 1033 761 1093 alibi
774 1031 897 1115 repetit,
920 1052 938 1091 e
958 1029 1202 1092 declamatorum
1216 1028 1298 1091 scho-

154 1117 208 1179 ‘lis
224 1119 303 1181 hanc
320 1117 359 1180 de
380 1119 569 1183 rurationem
579 1120 731 1180 masculae
745 1117 889 1179 orationis
903 1137 1054 1178 manasse.
1336 1124 1344 1139 '

257 1205 308 1269 65.
375 1200 474 1287 t²per
496 1200 571 1267 leve
601 1223 734 1268 severos
759 1192 932 1290 Effundant
957 1199 1125 1281 junctura
1153 1197 1298 1291 unguen]
1338 1262 1340 1267 ,

121 1293 173 1349 toa
183 1285 388 1366 Quintilianus
400 1289 533 1352 ibidem:
556 1286 639 1352 dum
658 1287 749 1350 ledia
770 1292 840 1350 sint
863 1283 1042 1364 acuitido,
1065 1291 1299 1372 quantumcu-

172 1372 268 1437 ἰαυοῖ
294 1373 383 1438 nibil
405 1372 569 1441 interesse
592 1371 826 1449 arbitrarium
848 1374 891 1436 sic
913 1371 994 1459 apud
1017 1370 1154 1451 Graecos
1172 1371 1300 1451 rhetoras

173 1453 305 1542 λειότης
324 1456 497 1543 ὀνομάτων
516 1473 546 1524 et
559 1459 711 1524 λεαίνειν.
724 1455 783 1543 τὴν
805 1454 1031 1542 κατασκευὴνε
1052 1456 1170 1521 locutio
1190 1458 1229 1519 ab
1246 1465 1301 1516 arte

172 1546 273 1607 fabrili
286 1549 445 1611 translata:
470 1548 609 1633 namqui
622 1569 775 1609 marmora
786 1547 906 1632 poliunt
925 1556 977 1606 aut
990 1545 1090 1625 ligna,
1113 1540 1216 1628 operis
1229 1540 1301 1603 levi-

173 1632 268 1693 ¹tatem
282 1654 385 1712 ungue
398 1635 573 1718 explorant:
597 1632 679 1717 quod
699 1635 819 1718 proprie
840 1627 1037 1712 ἑξονυχίζὲιν
1053 1627 1174 1691 'dicunt
1218 1624 1301 1689 Sido·

173 1719 242 1779 nius
255 1718 439 1803 'Apollinaris
457 1719 535 1780 lrbro
550 1716 611 1781 IX.
630 1720 757 1804 epistola
771 1716 842 1781 Vll.
866 1715 906 1778 ad
924 1715 1106 1779 tessellarios
1126 1724 1159 1776 et
1173 1712 1302 1799 psepho·

172 1805 272 1865 thetas
296 1804 413 1867 retulit:
445 1805 489 1866 sic
518 1804 602 1867 enim
627 1803 723 1866 Persii
751 1807 844 1868 verba
866 1799 1086 1884 τεριὲφςαοει
1108 1796 1302 1877 [Structuro

164 1883 277 1972 fortia
295 1897 331 1950 et
338 1884 449 1975 firmo
465 1886 805 2036 conjunctionumpue
824 1885 1089 1973 p'erjircetorum
1109 1905 1206 1947 nexo
1229 1902 1301 1979 coq-

173 1971 265 2036 suria
288 1971 543 2052 insolabilibus,
573 1975 637 2036 sed
656 1996 719 2036 nec
753 1973 822 2036 rinc
843 1973 955 2036 minus
983 1969 1119 2035 lubrico
1146 1978 1183 2033 et
1202 1966 1303 2033 Ζαανιι

175 2080 218 2121 oc
240 2057 353 2121 modis
375 2056 530 2121 omnibus
553 2059 782 2134 erotundata,
811 2081 853 2123 ne
882 2057 1074 2122 'salebrosas
1099 2076 1211 2143 possa
1222 2052 1303 2144 juo-

175 2152 293 2208 ·cturor
306 2166 369 2229 per
383 2165 562 2207 cameram
583 2143 701 2231 palati
721 2144 877 2209 volutata
900 2142 1095 2223 balbutiat]
1135 2138 1229 2207 Toto
1248 2137 1303 2203 da·

174 2228 278 2330 nique
302 2231 448 2376 (lopuitur
460 2231 500 2294 de
514 2243 660 2295 structura
676 2232 840 2314 orationis)
864 2229 1000 2318 liquida
1015 2249 1166 2317 prorsus
1189 2235 1225 2293 et
1245 2223 1303 2289 du-
1342 2224 1344 2245 '

177 2313 281 2390 utilia,
304 2337 344 2380 νο
360 2314 416 2379 ati
427 2337 504 2378 cum
521 2315 746 2403 crystallinas
761 2325 896 2381 crustas
912 2328 974 2379 out
990 2312 1233 2404 onychintinas
1245 2332 1304 2377 nou

175 2399 328 2488 impacto
359 2398 491 2489 digitus
520 2422 635 2490 uirgae
660 2400 872 2488 perlabitur.-
904 2402 1031 2489 quippe
1052 2401 1084 2465 si
1109 2398 1206 2471 nibil
1221 2418 1305 2463 ,eum

176 2486 315 2551 rimosis
338 2484 490 2550 obicibus
512 2497 696 2574 exceptum
707 2498 811 2552 tenax
823 2490 987 2570 sructura
1008 2494 1216 2551 remoretur.
1248 2482 1306 2550 Sul

176 2584 207 2637 et
224 2573 490 2636 marmorariorum
504 2595 539 2636 ac
560 2578 771 2638 statuariorum
783 2580 914 2641 verbum
931 2587 977 2639 est
995 2572 1210 2657 ἐξονυχίζειντ
1230 2570 1306 2634 undo

175 2653 214 2722 ἐν
234 2654 330 2742 ὄνυχι
350 2652 369 2723 ὁ
393 2654 498 2742 πηλός
521 2658 693 2743 γίγνεσθαι
715 2661 835 2741 dicitur,
866 2685 936 2724 cum
956 2663 1061 2723 ultima
1086 2671 1181 2722 restat
1202 2676 1306 2721 manus

140 2736 143 2747 ¹
176 2746 263 2832 operi
286 2743 499 2824 admovenda,
529 2757 563 2807 ut
583 2749 616 2809 in
635 2749 746 2810 celebri
763 2746 844 2810 dicto
863 2748 1011 2830 Polycleti
1032 2744 1305 2849 plastaesipnificis

177 2830 236 2935 [ap.
250 2830 401 2893 Plutarch.
418 2833 670 2912 Συμποσιακῶν
690 2831 731 2894 ll.
751 2857 781 2920 p.
806 2839 877 2898 636.
901 2832 966 2914 G.]:
991 2825 1227 2916 χαλεπώτατον
1245 2826 1307 2896 ἐστι

175 2937 214 2978 το
233 2912 349 2999 ἔργον.
373 2910 454 2979 ὄταν
468 2915 503 2981 ἐν
516 2911 611 3002 ὄνυχι
624 2913 641 2983 ὁ
652 2913 753 3002 πηλὸς
763 2914 906 3002 γένηται.
932 2919 994 2997 [Sic
1009 2931 1039 2981 et
1054 2918 1150 2997 Pars,
1167 2914 1306 2981 Schneid

175 2998 262 3066 Lex.
283 3023 314 3065 r.
340 2996 437 3082 ὄνυξ,
459 3003 586 3090 interpp.
603 3006 709 3068 Horat.
728 3006 766 3070 al.
796 3006 860 3084 „At
884 3004 1012 3067 dubium
1033 3014 1200 3068 moverrmt
1216 3002 1318 3069 Wn·

176 3089 372 3150 ckelmannus
395 3080 519 3182 ejusque
538 3090 669 3155 editores
682 3090 792 3171 Meyer
810 3103 841 3154 et
856 3089 986 3153 Schulze
1010 3086 1085 3169 (W
1080 3083 1159 3151 erle
1181 3088 1256 3153 Vol.
1270 3086 1307 3151 V.

71 3216 90 3229 κ
174 3172 286 3237 Dresd.
310 3178 402 3239 1812.
427 3197 457 3260 p.
480 3180 552 3241 386.
582 3177 655 3241 Vol.
677 3175 764 3239 Vlll.
795 3182 886 3242 1820.
915 3199 946 3262 p.
969 3173 1116 3259 372).“·
1147 3175 1195 3241 Pl.
1224 3173 1308 3247 ,Vita

174 3259 426 3323 Winckelmanni
439 3263 620 3324 sententiam
633 3263 726 3325 etiam
740 3261 983 3348 apRiemerum,
999 3259 1085 3323 Lex.
1095 3254 1157 3324 Gr.
1173 3283 1205 3325 v.
1220 3254 1307 3339 ὄνυξ

175 3342 239 3405 Sed
260 3347 323 3422 jam
343 3355 462 3408 veteres
478 3347 510 3407 in
530 3368 565 3408 ea
586 3370 620 3410 re
642 3350 794 3428 errabant,
819 3360 853 3410 ut
872 3351 903 3411 h.
923 3351 943 3410 l.
960 3348 1090 3411 Persius.
1133 3342 1225 3437 Effi⁴

175 3440 221 3491 est
236 3431 341 3507 facile,
364 3431 471 3493 leniter
484 3434 683 3512 transmittat]
1166 3458 1169 3462 ⁴
1226 3448 1257 3501 '.

261 3519 311 3581 66.
336 3512 410 3595 Scit
433 3514 572 3578 tendere
593 3539 730 3581 versum
746 3513 827 3580 Non
846 3539 946 3581 secus
960 3539 1003 3584 oc
1028 3513 1061 3579 si
1079 3514 1178 3580 oculo
1195 3514 1309 3583 rubri·

174 3619 251 3662 com
266 3597 402 3686 dirigat
417 3600 510 3685 uno]
534 3600 633 3681 Quasi
648 3603 744 3683 dicat,
767 3605 899 3689 optimus
914 3617 960 3668 est
978 3598 1126 3668 versuum‘
1144 3606 1251 3669 faber:
1269 3604 1311 3669 si-

172 3686 245 3747 rnile
264 3685 338 3747 illud
364 3684 477 3750 Cratini
500 3689 533 3750 in
563 3687 784 3753 Eumenidibus
819 3686 1033 3768 [Εὐνείδαις,
1054 3712 1085 3775 p.
1108 3694 1151 3755 22
1172 3688 1309 3771 Runth:

172 3765 325 3845 τέκτονος
339 3765 538 3853 εὐπαλάμων
551 3769 684 3857 ὄμυωυε
715 3773 798 3861 quod
816 3774 893 3838 ridet
915 3777 1012 3838 Aristo
1034 3778 1131 3838 hanes
1156 3776 1190 3838 in
1214 3775 1309 3841 Ranis

173 3855 249 3935 [imo
264 3854 395 3940 Equitib.
407 3859 479 3937 529,
498 3882 599 3944 neque
612 3860 728 3942 ridetl:
750 3859 806 3924 sed
823 3874 903 3923 caret
918 3799 1158 3945 culpal‘ersius‚
1180 3863 1235 3948 qui
1248 3885 1309 3925 non

173 3962 212 4003 ex
231 3963 362 4026 persona
382 3966 435 4006 sua
459 3946 520 4006 hoc
540 3946 627 4027 dicit3
655 3969 763 4011 verum
785 3947 896 4032 ineptis
920 3961 950 4010 et
966 3947 1113 4033 imperitis
1129 3949 1309 4012 hominibus

173 4028 406 4091 convenientem
421 4026 554 4094 attribuit
566 4054 755 4095 sermonem:
778 4032 943 4117 quodcum
958 4034 1050 4096 etiam
1062 4034 1095 4093 in
1113 4036 1308 4120 sequentibus

88 4144 93 4153 ι
171 4112 331 4192 ingeniose
339 4116 377 4177 ab
391 4137 429 4177 eo
442 4115 481 4177 sit
493 4119 616 4197 factum,
630 4121 724 4198 vulgo
736 4141 800 4180 non
817 4130 863 4182 est
878 4118 1135 4182 animadversum.
1169 4119 1233 4183 Cur
1247 4143 1308 4183 uno

173 4200 262 4260 oculo
290 4189 523 4283 ἀκριβέστερον
542 4225 591 4265 res
610 4203 772 4267 videamus
795 4226 830 4265 ac
855 4207 982 4284 melius,
1016 4225 1123 4267 caussa
1144 4206 1224 4268 haec
1248 4218 1307 4271 est:

126 4334 130 4341 .
172 4282 255 4369 quod
272 4284 319 4347 vis
335 4287 449 4371 optior,
472 4309 550 4375 quae
564 4291 602 4352 ab
617 4311 680 4351 uno
696 4290 846 4375 principio
863 4289 1008 4354 dividitur
1021 4292 1053 4351 in
1074 4291 1216 4370 geminos
1235 4314 1309 4355 ocu-

172 4372 233 4448 los,
257 4391 327 4431 cum
350 4373 480 4436 alterius·
495 4375 630 4460 operatio
650 4374 828 4461 impeditur,
851 4374 891 4437 ad
910 4379 1038 4438 alterum
1055 4387 1119 4438 tota
1137 4398 1172 4439 se
1192 4381 1309 4442 confert

121 4456 346 4541 109fitque'hoc
357 4456 455 4545 modo
468 4480 504 4524 se
516 4462 583 4547 ipsa
596 4458 744 4526 validior:
765 4483 828 4525 nou
844 4463 928 4524 enim
948 4473 1045 4524 cessat
1061 4462 1171 4526 otiosa·
1181 4466 1307 4527 foculus
