2700 4972
345 316 894 409 snrsasnsssraiur.
1147 348 1191 411 rr

77 533 153 575 nrm
175 511 270 576 etiarn
293 511 479 598 prudentiae.
530 508 639 574 Graeci
658 532 717 598 pm·
735 511 853 579 dranis
872 510 1026 577 cornicem
1045 513 1187 580 videntur

84 620 123 661 ea
137 619 173 661 re
189 598 382 660 nominasse:
404 594 560 660 Hesiodus
583 593 660 678 [lay.
675 596 740 665 744
751 597 827 684 sq.]:

125 680 228 767 Μηδὲ
248 680 353 764 δόμον
373 685 481 746 κοινόν
501 677 712 758 ἀνεπίξεστον
725 681 942 764 καταλείπειν,

125 765 191 853 Μή
207 791 259 834 τοι
273 765 449 852 ἐφεζομένη
466 764 577 852 κρώξῃ
598 763 762 850 λακέρυζα
774 765 928 855 κορώνην
1182 779 1232 839 10³

75 877 133 934 ve,
154 857 263 940 inquit,
287 854 418 917 domum
430 856 580 938 relinquas
592 855 815 940 imperfectam,
838 879 879 920 ne
894 867 982 942 caput
1000 856 1057 937 tibi
1074 856 1182 924 tundat

75 943 161 1003 ¹rrula
177 943 294 1003 cornix.
322 939 545 1018 .Scholiastae,·
568 937 622 1002 ἵνα
644 935 689 1022 μὴ
703 936 858 1023 ψὲγοντές
877 963 965 1017 τινες
983 935 1107 1023 τρόπον
1122 965 1181 1009 κο-

75 1022 165 1110 όνης’
183 1020 291 1090 πολλὰ
317 1020 510 1108 epotatione
537 1020 643 1089 πολλοὶ
667 1023 880 1108 φθέγγωνται
901 1025 955 1092 ἐπὶ
975 1032 1033 1112 τῷ.
1050 1024 1181 1095 ἐλλιπεῖ.

77 1134 177 1175 annes
191 1112 338 1174 Tzetzes:
361 1107 471 1193 μήτις
492 1106 713 1192 μωμοοκόπος
731 1113 808 1176 λίαν
821 1107 998 1195 κρακτικός
1013 1111 1071 1179 sal
1081 1110 1181 1193 λάλος
1293 1114 1303 1127 ⁸

75 1192 175 1272 raotola
191 1191 281 1285 αὐτῷ
302 1190 440 1279 adpone
460 1192 601 1279 καταχόῃ
621 1212 692 1261 σου.
737 1197 874 1262 Sannam
891 1221 967 1263 vero
984 1200 1077 1263 istam
1094 1204 1180 1265 aliter

74 1287 252 1364 ieronymus
272 1283 430 1368 exprimit,
453 1303 544 1366 apuam
565 1281 713 1368 descripta
734 1296 780 1346 est
798 1305 815 1346 a
836 1287 941 1348 nobis:
962 1307 1037 1348 nam
1056 1287 1088 1347 in
1111 1309 1129 1350 e
1153 1288 1161 1303 '

74 1371 114 1433 ›la
132 1368 173 1432 ad
187 1368 349 1433 Rusticum
363 1370 552 1430 monachum
569 1369 629 1453 [ep.
644 1368 702 1446 IV,
717 1369 771 1450 28]
782 1370 824 1433 ita
837 1372 957 1434 scribite
977 1366 1036 1435 Ne
1053 1310 1179 1436 crealis

75 1451 284 1517 udatoribus
305 1456 392 1529 tuis,
422 1450 491 1516 imo
515 1451 715 1517 irrisoribus
736 1475 858 1517 aurem
883 1478 927 1519 ne
946 1452 1096 1519 libenter
1114 1481 1178 1522 ao-

77 1536 256 1604 mtnotles:
279 1536 432 1625 quicum
453 1550 485 1601 te
506 1536 766 1602 adztlationibus
782 1537 942 1626 foverint
956 1551 992 1605 et
1007 1539 1177 1629 quodam·

74 1624 141 1690 odo
156 1625 325 1712 impotem
339 1623 465 1687 arentis
480 1621 675 1713 effecerint,
699 1623 732 1687 si
745 1625 857 1690 subito
876 1626 1091 1724 respexeris,
1115 1638 1179 1693 aut

74 1710 254 1777 ceniarum
277 1707 511 1794 deprehendes
530 1720 610 1797 post
632 1720 664 1773 te
688 1709 780 1774 colla
803 1733 941 1777 curvari
947 1728 964 1788 ‚'
987 1723 1048 1777 aut
1071 1736 1179 1779 manu

74 1795 220 1863 triculas
247 1794 384 1884 agitari
407 1794 517 1873 asini,
548 1806 613 1860 aut
642 1805 862 1860 aestuantem
895 1797 994 1862 oanis
1017 1798 1180 1884 protendi

74 1897 217 1972 aguam:
237 1887 304 1977 vult
319 1884 474 1945 ciconiam¹
486 1883 557 1944 colli
571 1894 658 1946 motu
671 1885 817 1970 exprimi,
839 1906 920 1964 non,
941 1896 980 1947 ut·
991 1884 1178 1966 dicebamus,

73 1972 120 2053 gisi
133 1971 346 2035 motitatione:
366 1979 468 2053 potest
481 1968 562 2047 lieri,
583 1981 617 2031 ut
630 1981 790 2054 utrumque
812 1991 926 2033 sannae
948 1992 1044 2051 genus
1060 1973 1176 2037 ciconia

73 2068 185 2121 :eretur
203 2056 283 2134 [„his
297 2057 361 2133 jure
375 2076 432 2116 suo
457 2053 633 2117 contradicit
646 2054 799 2118 Ferrarius
824 2055 871 2118 de,
886 2064 966 2118 vett.
983 2054 1177 2120 Acclama-

73 2140 153 2206 mit.
168 2140 260 2225 I.·2.:
284 2162 354 2202 eam
371 2141 463 2218 enirn,
485 2141 513 2202 si
526 2150 687 2226 utrumque
701 2144 806 2207 locum
819 2142 991 2220 contuleris,
1011 2152 1075 2205 non
1087 2155 1176 2206 motu
1254 2152 1257 2157 '

73 2231 105 2292 lli
122 2248 299 2313 expressam
319 2225 395 2287 dixit
417 2227 641 2307 Hieronymus,
664 2226 719 2289 sed
744 2225 844 2306 digitis
868 2226 1018 2291 adinstar
1040 2229 1111 2291 colli
1130 2229 1175 2292 ci-

73 2314 137 2377 nini
158 2313 298 2375 formatis
319 2323 349 2373 et
370 2312 462 2372 motis
485 2313 682 2375 exhibitam.“
710 2309 794 2391 Pl.]:
829 2333 848 2373 a
871 2323 974 2375 nostra
993 2302 1098 2377 monte
1115 2324 1175 2379 stat
1201 2380 1204 2389 ,

73 2399 257 2465 tristissimus
272 2399 431 2481 interpres,
455 2400 539 2475 cujus
554 2409 637 2460 extat
649 2397 681 2459 in
699 2399 758 2459 hos
776 2418 881 2461 versus
901 2401 1013 2477 breve,
1033 2399 1173 2463 sed'eru-
1242 2474 1244 2481 Α

73 2508 131 2549 nm
145 2485 313 2548 scholium:
339 2482 423 2568 cpuod
440 2484 523 2545 enim
536 2506 593 2546 nos
607 2485 744 2567 pluribus
761 2482 903 2562 diximus,
922 2484 976 2545 -ille
988 2485 1042 2564 sic,
1064 2505 1173 2549 manu

73 2569 205 2636 :aniam
218 2565 447 2656 significare:
470 2580 528 2630 stat
542 2570 787 2650 etHieronymus
797 2570 874 2654 ipse,
897 2572 980 2648 cujus
992 2583 1064 2633 sunt
1076 2574 1171 2635 verba

84 2657 275 2744 praefatione
288 2657 318 2716 in
335 2653 545 2738 sophoniam:
569 2652 638 2734 Qui
657 2652 688 2715 si
704 2653 833 2716 scirent
844 2653 1000 2717 Holdam
1013 2653 1099 2718 viris
1112 2666 1170 2719 ta*

72 2741 186 2807 atibus
195 2736 442 2836 proplietasse,
456 2760 634 2825 nunquam
646 2749 726 2825 post
742 2749 880 2827 tergum
895 2760 1011 2803 meum
1025 2762 1169 2805 monum
1274 2750 1278 2757 '

72 2835 257 2894 curvarent
278 2848 313 2888 in
330 2846 511 2891 ascetriam.
1086 2876 1089 2883 .

115 2910 259 2992 Pissis]
280 2912 488 2996 Antiquissimi
501 2909 626 2997 quidam
641 2913 734 2975 critici
745 2915 883 2992 legerunt
894 2907 989 2996 pisat
1011 2915 1061 2976 rel
1071 2909 1169 2998 picit.

74 2999 205 3064 omedes
220 2999 435 3078 grarnmaticus
453 2999 530 3060 libro
555 2996 571 3059 I
591 2999 666 3078 [370
680 2998 757 3077 Pus,
776 2997 829 3059 ubi
847 3018 974 3060 mancus
994 3000 1079 3062 locus
1093 2999 1168 3079 est]:

72 3088 163 3163 insa,
184 3083 324 3169 pinsas,
345 3084 510 3166 pinsore;
532 3081 654 3168 pinso,
672 3079 803 3168 pinsis,
823 3080 976 3167 pinsere3
1006 3081 1061 3144 vel
1079 3081 1169 3168 piso,

72 3194 138 3240 sas.
162 3169 299 3254 pisare3
318 3167 414 3253 pisis,
432 3166 568 3253 pisere:
591 3178 640 3229 est
656 3165 754 3253 apud
773 3167 935 3232 Persium
952 3164 1166 3256 ambiguum,

119 3254 151 3318 0
167 3253 269 3329 lane,
292 3275 315 3314 a
335 3264 432 3340 tergo
448 3274 551 3339 quem
567 3252 668 3316 nulla
685 3250 821 3315 ciconia
840 3250 958 3336 pinsit,

72 3345 139 3408 nsit
154 3338 202 3404 ad
214 3340 340 3426 piarat,
361 3341 417 3403 ael
426 3338 523 3425 pisat
537 3352 599 3402 out
608 3337 695 3424 pisit
711 3334 899 3424 legendum
912 3337 976 3400 sit:
998 3336 1061 3401 sed
1072 3360 1095 3402 a
1119 3337 1170 3403 ud

71 3441 163 3494 teres
182 3424 374 3511 reperimus
396 3449 418 3487 n
442 3424 585 3487 literam
607 3421 769 3487 additam
790 3434 824 3487 et
842 3422 956 3509 pinsit
968 3361 1159 3490 καταπιόντα
1166 3443 1219 3502 104

71 3515 184 3578 tium.
198 3509 377 3575 ordinem:
407 3521 445 3573 ot
467 3509 602 3576 Ennius
623 3508 758 3573 decimo
785 3508 1001 3573 Annalium:
1026 3509 1169 3594 pinsunt

71 3623 164 3667 ”ram
188 3595 354 3685 genibus:
386 3598 429 3659 sic
458 3598 588 3676 legimus
617 3597 877 3682 corruptissimum
902 3598 983 3659 hunc
1003 3596 1167 3664 Diomedis

71 3711 131 3750 arm
145 3688 179 3748 in
192 3685 323 3764 vulgatis
343 3684 442 3762 libris,
465 3681 577 3768 duplex
594 3684 652 3744 fuit
669 3681 816 3745 dubitatio
832 3683 1097 3761 grammaticorum
1113 3706 1168 3748 su.

71 3798 81 3836 r
102 3772 269 3836 hocloco:
294 3781 394 3829 utrum
414 3769 497 3853 prior
521 3770 637 3850 syllaba
657 3790 727 3830 cum
748 3767 877 3830 ascribi
898 3765 1023 3831 deberet
1039 3791 1090 3845 an,
1098 3772 1166 3834 sine

73 3885 83 3942 ς
106 3871 138 3922 et
149 3856 300 3940 posterior
313 3856 429 3935 syllaba
445 3875 500 3938 per
519 3852 715 3916 ascribenda
735 3863 815 3916 esset
830 3874 868 3914 an
884 3850 979 3937 peri:
1002 3857 1165 3918 nonenim

71 3956 154 4009 erant
165 3943 218 4028 qui
230 3940 379 4004 derivatas
394 3949 488 4023 voces
504 3937 628 4021 anisa,
652 3961 721 4000 cum
741 3960 797 4024 pro
811 3938 923 4024 pistillo
944 3940 1075 4026 capitur,
1096 3943 1218 4019 sinelttl)

71 4033 248 4104 scriberent,
270 4028 347 4088 sicut
355 4022 503 4108 pisitare
518 4023 627 4086 dicitur
641 4047 695 4108 pro
716 4025 877 4110 pinsitare:
897 4026 982 4105 leges
1003 4037 1034 4087 et
1049 4026 1164 4111 pisere

71 4140 80 4180 t
102 4118 242 4205 pinsere:
273 4133 347 4173 nam
371 4111 403 4171 in
423 4107 543 4172 XVIII.
564 4110 653 4172 Plinii
671 4109 708 4190 [c.
729 4108 781 4190 10]
800 4108 944 4173 meliores
964 4110 1033 4174 libri
1051 4114 1166 4177 habent

70 4213 157 4267 rente
174 4197 251 4286 pilo
262 4190 490 4281 praeferrato
514 4196 555 4273 [et
570 4197 691 4280 saepius
702 4193 847 4274 ibidemJ:
869 4204 901 4256 at
912 4193 947 4257 in
964 4196 1095 4281 septima
1106 4197 1165 4261 Vi-

71 4292 113 4354 vii
129 4291 170 4371 [c.
184 4288 212 4365 1]
228 4284 417 4345 institutione
431 4284 529 4362 leges:
552 4281 658 4344 rudus
668 4277 866 4365 pinsatione
878 4274 1032 4343 sohilore
1040 4307 1051 4355 ;
1072 4281 1164 4345 item:

70 4373 135 4440 dus
148 4369 300 4459 pinsum.
331 4366 432 4444 [Plura
447 4388 478 4430 v.
496 4368 529 4428 in
545 4367 619 4430 Lex.
648 4366 732 4429 Inter
749 4377 920 4448 grammatt.
937 4363 1046 4453 pinsit
1067 4367 1165 4453 habes

70 4459 229 4543 ‚Eutyob
246 4478 277 4542 p·
298 4453 383 4521 2184
408 4463 438 4515 et
458 4451 546 4517 Serv.
566 4450 606 4515 sd
629 4452 704 4515 Aen.
726 4450 752 4530 Ι,
776 4456 858 4531 179,
886 4451 941 4514 ubi
964 4451 1058 4517 etiam
1068 4449 1164 4519 littid-
