2700 4972
251 353 256 360 ¹
319 344 382 410 ru
411 346 585 413 rursu
613 344 843 453 sertsuu
870 352 895 416 1.
1167 361 1209 422 οι

77 527 97 580 ιι
120 537 190 578 non
212 510 322 597 'solum
349 530 511 605 properata
530 529 562 582 et
586 511 744 600 πρότερος
769 534 930 600 senectus,
960 520 1053 603 cujus
1067 526 1209 591 meminit

77 614 218 667 retaeus:
242 601 300 666 sed
317 604 495 686 αακονχία,
516 606 639 669 illuvies
653 604 821 692 et'paedor
840 609 885 688 [at
899 629 934 684 u.»
946 607 1030 675 Pass.
1045 608 1086 672 ad
1108 616 1160 691 22,
1174 632 1205 699 p.

77 693 117 753 60
130 691 212 774 sqlt
235 690 368 753 inserta
384 690 468 771 [tfile
1001 696 1016 719 ”
1200 706 1203 712 “

177 778 181 783 ’
703 782 705 789 '
801 774 915 864 'usque
931 799 1081 843 recusem
1116 832 1120 839 .

83 898 86 903 ·
145 856 279 923 Curvus
299 857 339 922 oli
359 858 398 923 iol
411 860 522 924 minui
534 862 628 924 senio
645 871 704 923 aul
719 885 864 926 coenare
881 863 954 927 sine
969 876 1087 940 sructo3
1132 926 1135 931 ,

77 957 86 1006 t
102 947 269 1008 hominem
286 945 430 1009 odiosum
444 959 474 1009 et
490 947 631 1031 δυσχερῆ
643 951 795 1011 vocabant
806 944 953 1011 senium}
966 950 1098 1015 Lucilius
1114 951 1204 1032 [XV.

78 1081 84 1094 .
108 1030 172 1096 354
196 1028 281 1116 sq.]:
314 1030 360 1094 In
392 1055 534 1096 numero
567 1056 709 1120 quorum
735 1057 825 1097 ιιααο
844 1034 983 1118 primus
1016 1035 1204 1103 Trebellius

77 1115 200 1178 tubum
215 1112 316 1195 [edd.·:
339 1117 457 1197 multo]
483 1115 781 1200 Obmarceacebat,
808 1117 937 1205 febris,
960 1121 1107 1200 serrium,
1136 1147 1201 1188 νο-

77 1202 181 1276 situs‚-
192 1203 280 1288 pue(
315 1203 399 1267 Vide
412 1203 451 1265 ad
467 1216 595 1269 sextam.
791 1216 818 1263 s

77 1328 123 1438 [X
142 1286 177 1351 O
198 1291 346 1369 mores-l]
361 1326 364 1331 ·
382 1287 522 1352 Imitatur
550 1290 596 1354 M.
619 1287 755 1354 Tullium
778 1291 813 1353 in
845 1287 1022 1374 Catilina1n3
1053 1291 1203 1361 Martialis¹

128 1375 238 1455 sm:
504 1451 510 1456 .
824 1400 827 1407 ’
1185 1403 1187 1410 ’

137 1456 323 1524 Πίιιινιιιο
339 1482 467 1540 morea,
491 1485 511 1525 ο
527 1473 704 1547 tempora,
731 1460 864 1527 Tullius
882 1460 975 1526 olim.

129 1551 188 1612 27.
216 1542 329 1677 Uspue
343 1546 474 1611 adeone
488 1546 583 1612 Scire
597 1559 692 1611 tirum
705 1547 796 1611 nilril
810 1556 875 1624 est,
898 1547 969 1622 nisi
983 1548 1115 1614 rescire
1137 1548 1201 1615 hoc

77 1628 142 1694 rint
168 1630 303 1711 alteri]
324 1630 532 1715 vConsentiunt
553 1655 661 1696 omnes
686 1646 823 1698 auctores
846 1635 1013 1718 sapientiae
1031 1658 1120 1711 eum,
1150 1638 1202 1722 qui

77 1717 150 1779 itam
161 1728 244 1779 recte
256 1730 287 1780 et
298 1721 450 1804 sapienter
465 1721 615 1797 instituat,
637 1719 714 1781 nihil
735 1721 897 1804 quicquam
909 1720 1062 1804 suscipere
1083 1733 1134 1784 aut
1152 1724 1201 1784 fa-¹

77 1824 120 1864 sse
140 1804 284 1888 opinioni
305 1825 340 1865 ac
358 1807 460 1867 fernae
483 1807 684 1884 servientem3
720 1806 835 1888 passim
856 1807 940 1884 leges
960 1804 1042 1890 apud
1065 1803 1200 1871 Graecos
1251 1829 1256 1839 ·
1315 1808 1318 1815 “

77 1889 275 1974 bilosophos:
299 1882 318 1952 ὁ
341 1888 448 1972 σοφός
472 1886 572 1954 οὐδὲν
593 1883 774 1972 ἐπιτηδεύει
795 1885 819 1975 ἢ
842 1884 977 1970 πράττει
991 1894 1055 1955 τοῦ
1071 1886 1200 1956 εὐδοκι-

77 1975 261 2057 siv-xristu:
285 1975 430 2060 insipiens
456 1998 473 2038 e
494 1979 643 2038 sonnatio
664 1977 776 2039 nullius
797 1977 856 2055 rei,
886 1977 1027 2061 quamvis
1048 1979 1198 2041 honestae

77 2063 259 2146 :.pulchrae‚
282 2061 382 2123 studio
403 2062 535 2140 ducitur,
555 2063 614 2125 uisi
627 2083 790 2149 persuasus
805 2064 845 2125 sit
868 2083 938 2125 earn
953 2063 1013 2125 sibi
1034 2064 1197 2128 utilitatem
1269 2072 1271 2077 '
1330 2102 1335 2115 ‹

77 2147 225 2232 ‚gloriam
236 2149 411 2226 allaturam3
434 2147 467 2209 id
485 2168 558 2212 vero
572 2149 658 2210 aliter
671 2149 738 2211 fieri
751 2169 815 2209 non
832 2158 950 2233 potest,
972 2148 1066 2233 quam
1086 2149 1114 2213 si
1135 2171 1196 2211 no-

77 2254 113 2293 m
130 2233 199 2295 eliis
215 2234 308 2294 fuerit
318 2235 395 2295 scire
409 2235 512 2318 ipsum
524 2232 609 2319 quod
620 2235 704 2297 sciat.
731 2232 794 2294 Dio
813 2233 1050 2314 Chrysostomus
1065 2233 1196 2297 inRho-
1215 2272 1220 2285 =
1328 2300 1330 2307 ,

78 2338 134 2379 aca
155 2318 212 2396 [or.
227 2317 360 2396 XXXI,
382 2341 412 2404 p.
428 2325 499 2397 316,
522 2320 604 2423 31.]:
627 2314 737 2393 οὐδεὶς
753 2317 894 2398 αἱρεῖται
907 2319 975 2383 τοῖν
988 2320 1143 2399 πολλῶν,
1163 2315 1195 2396 ὅ,

97 2397 144 2466 ἄν
168 2402 277 2487 οἴηται
301 2399 406 2467 καλὸν
430 2398 515 2469 εἶναι
538 2425 647 2487 μονον
671 2399 754 2468 αὐτὸ
772 2407 982 2487 πεπρᾶχθαι,
1007 2399 1133 2488 μηδένα
1158 2401 1195 2470 δὲ
1220 2478 1222 2483 ,

77 2483 224 2567 δέναι.*)
266 2489 365 2552 Multa
379 2489 512 2576 disputat
529 2492 561 2552 in
581 2480 661 2552 hanc
684 2491 868 2553 sententiam
884 2490 1005 2553 lllarcus
1022 2490 1195 2556 Antoninus

77 2574 199 2639 τεο-Ν.
227 2585 261 2645 et
277 2579 370 2638 relert
390 2575 566 2639 Eustathius
584 2578 618 2637 in
636 2569 768 2640 Ὀδυσσ.
786 2577 826 2638 As
842 2576 953 2639 veteris
969 2576 1127 2656 cujusdam
1146 2576 1194 2653 dj-
1209 2576 1246 2634 ta

77 2682 148 2725 nm:
172 2657 292 2742 Μηδὲν
313 2658 418 2737 ἐθέλον
434 2663 548 2729 καλῶν
571 2656 911 2744 ὲνεινιῖνάγνωστονι
932 2673 1023 2741 negat
1042 2664 1123 2725 velle
1144 2663 1196 2724 in-
1303 2742 1306 2747 Α

77 2768 116 2810 se
127 2747 189 2810 sibi
201 2746 316 2831 aliquid
330 2749 470 2832 pulcrum
485 2759 516 2810 et
528 2749 710 2826 honestum,
732 2769 793 2832 quo
815 2769 849 2810 se
867 2746 1040 2833 praeditum
1055 2769 1122 2811 esse
1143 2748 1195 2811 alii

77 2844 210 2901 notent:
223 2833 283 2895 nisi
293 2844 398 2895 tamen
410 2835 512 2919 potius
522 2856 578 2918 pro
590 2828 806 2915 ἀνάγνωστον
816 2835 919 2898 verior
931 2832 1021 2895 lectio
1035 2833 1075 2896 sit
1087 2828 1196 2917 ἄγνω-

77 2939 151 2983 rav:
172 2929 204 2980 et
217 2929 284 2981 tum
299 2921 358 2981 alia
372 2921 501 2983 sonasse
515 2920 606 2981 fuerit
616 2923 782 2984 verborum
795 2918 953 2996 sententia,
968 2939 1047 3003 quae
1062 2940 1127 2981 non
1148 2930 1196 2985 est

77 3007 141 3082 ujus
154 3003 234 3069 loci:
256 3005 317 3066 hoc
330 3003 459 3067 suadent
471 3003 697 3090 Theophylacti
719 3003 867 3066 Simocati
891 3006 986 3071 verba
1007 3004 1040 3065 in
1058 3002 1193 3086 Dialogo

77 3088 208 3173 [istoriae
227 3091 380 3175 praefixo:
417 3086 536 3172 Μηδὲν
561 3084 626 3172 γάρ
659 3084 829 3171 ἄγνωστον
859 3086 964 3171 ἔχοιμι
988 3083 1109 3166 καλὸν,
1147 3084 1194 3166 οἱς

77 3171 292 3259 ιονμιλαλτιῇ
305 3174 487 3262 Κυρηναίῳ
504 3175 603 3239 δοκεῖ.
648 3175 711 3239 Sed
727 3174 767 3237 ad
780 3174 920 3238 Persium
932 3171 1104 3240 redeamus.
1147 3176 1246 3257 llius)

77 3273 238 3346 rut,·quos
259 3258 369 3327 Graeci
395 3261 499 3324 dicunt
522 3258 722 3346 ἐπιδεικτιᾷν
741 3272 771 3323 et
795 3260 983 3347 φανητιᾷνι
1013 3263 1097 3340 cujus
1120 3283 1195 3325 con*

77 3349 175 3409 arium
195 3357 242 3409 est
260 3345 426 3433 disciplinis
448 3349 624 3411 incumbere
644 3358 770 3434 propter
788 3347 870 3432 ipsas
889 3358 919 3408 et
941 3337 1194 3429 ἄνειιιφοὶντονςε

77 3432 132 3496 rod
146 3432 273 3495 doctum
286 3455 321 3496 se
338 3434 442 3496 scribit
463 3431 530 3515 [1,§
557 3436 587 3512 9]
611 3433 733 3496 Marcus
753 3430 865 3517 Imper.
892 3453 910 3506 a
937 3430 1032 3494 Sexto
1052 3433 1193 3518 philoso-

77 3541 129 3601 τος
153 3530 186 3581 et
203 3520 305 3604 praeci
327 3520 387 3583 itur
409 3513 552 3582 omnibus
568 3523 606 3582 ab
630 3518 785 3605 Epicteto:
808 3514 912 3600 μηδὲν
930 3514 1059 3599 βούλου
1081 3517 1194 3587 δοκεῖν

76 3603 251 3671 :asanaa
287 3541 453 3687 diagonus
466 3604 690 3673 Nazianzenus:
711 3600 748 3670 τό
758 3604 870 3670 δονεῖν
885 3596 983 3668 οὐδὲν
997 3598 1082 3687 πρός
1095 3597 1194 3688 ἡμᾶς,

78 3865 106 3935 ⁸)
124 3863 242 3919 Mericus
260 3861 430 3917 Casaubonus
442 3861 470 3915 in
483 3861 605 3931 Epistola
621 3861 655 3914 ad
672 3863 764 3917 Laeta
783 3862 852 3927 „lta
866 3862 945 3932 vulgo
960 3859 1100 3933 accipiunt,
1135 3859 1193 3916 ussi
1219 3920 1222 3925 ¹
1261 3874 1265 3881 ¹

114 3935 173 3988 τῶν
197 3930 308 3987 πολλῶν
327 3933 361 3987 ad
379 3931 411 3986 τὰ
433 3931 528 4005 οὐδεὶς
547 3931 707 4001 pertineret,
733 3941 760 3985 et
778 3932 811 3986 de
826 3931 1008 4016 insipientibus
1029 3948 1061 3985 aa
1083 3878 1193 4002 alden

113 4003 228 4074 ingeniis
245 4004 294 4056 hoe
310 4003 481 4071 peculiariter
495 4008 626 4056 assereret
641 4002 708 4055 Dies
726 4003 795 4071 quod
811 4001 860 4056 toti
878 4001 1020 4055 slliDlouis
1033 4000 1194 4070 disputatio-

114 4072 143 4128 ni
163 4090 197 4127 ex
212 4073 338 4144 diametro
355 4073 511 4126 contrarium
528 4080 586 4136 ess,
604 4072 650 4141 qui
672 4073 700 4124 id
721 4072 779 4125 fuse
799 4071 918 4140 disputat
939 4079 966 4124 et
984 4069 1194 4135 coutenditne·
1259 4116 1267 4127 ,

115 4144 211 4197 minem
224 4143 309 4211 gratis
325 4147 352 4194 et
365 4142 421 4194 sine
436 4157 529 4196 mussa
543 4142 636 4193 bonum
652 4157 710 4194 esse
722 4150 750 4195 et
767 4141 904 4212 praeclara
924 4139 1044 4195 facinora
1064 4138 1192 4208 aggredi:

115 4214 151 4266 ds
166 4228 218 4282 qno
235 4228 282 4264 nos
297 4209 360 4264 alibi
373 4212 450 4277 fuse,
467 4211 589 4296 inopere
607 4211 678 4280 quod
695 4218 749 4264 tum
769 4210 895 4274 maxim,
916 4224 972 4263 enm
991 4210 1058 4262 haee
1079 4207 1192 4263 excude-

116 4285 231 4347 bantur,
254 4281 418 4350 urgebamus
462 4280 504 4334 lta
524 4281 607 4349 agitur
628 4280 790 4334 distinxerim
811 4287 839 4334 et
862 4279 1000 4334 verterint
1019 4273 1123 4340 ottus
1148 4276 1193 4332 arl-

117 4357 211 4420 ρεῖται
227 4353 284 4405 τῶν
297 4351 407 4405 πολλῶν
425 4343 479 4414 ὄζει
492 4344 527 4404 ἂν
539 4350 634 4419 οἴηται
646 4359 724 4405 cette
742 4350 826 4403 Nema
839 4351 914 4402 bomo
928 4356 977 4413 est,
993 4349 1063 4420 quod
1076 4364 1116 4402 sax
1123 4348 1193 4400 mul·

116 4422 160 4477 tis
170 4421 312 4490 pulchrum
328 4427 410 4490 putat
430 4426 457 4473 et
476 4420 627 4484 borsetum,
652 4423 698 4490 qui
717 4421 746 4474 id
766 4422 850 4478 solum
860 4423 968 4487 fastan
989 4418 1068 4484 velit,
1092 4432 1146 4471 sun
1163 4417 1194 4472 id

120 4491 219 4558 ιείατι,
236 4498 269 4546 ut
283 4490 487 4558 etruscum
498 4491 623 4559 πίνονθ’]
777 4508 780 4521 ·
1028 4508 1034 4519 ’
1193 4510 1221 4551 ’,
1252 4540 1282 4579 ψ

1260 4576 1275 4601 ‚a

1082 4596 1086 4607 ¹
1202 4602 1215 4613 -ι

1171 4628 1188 4637 ιΙ
1228 4624 1237 4635 ἱ
1275 4626 1279 4637 Ι

1079 4644 1082 4649 .
1137 4644 1145 4661 5
1242 4642 1245 4647 ·

1115 4640 1279 4694 [lgm
