2700 4972
172 318 240 387 eos
398 268 401 285 '
542 312 948 385 couunummus

259 483 318 551 De
328 493 435 574 gente
446 484 591 553 itircoea
608 485 865 568 centurionum]
892 486 945 553 De
962 510 1094 553 nurnero
1114 488 1293 577 commui
1328 532 1332 571 2

175 574 273 637 cultus
294 576 434 652 neglectu
458 575 585 655 gloriam
602 575 740 639 virorum
761 574 886 637 fortium
904 586 937 637 et
955 576 1134 637 militarium
1152 576 1293 655 adenem
1328 592 1332 658 ᾗ

175 655 393 729 centuriones
406 662 538 746 appellat
548 662 632 725 uiros
644 661 804 740 rnilitares3
825 655 1002 723 hircorum
1011 667 1160 747 gentem
1173 662 1292 725 nonina
1328 698 1332 745 1

174 744 314 807 illuuiem
328 741 826 827 numerusnumerous,
847 747 995 830 quoniam
1027 747 1058 807 ui
1073 746 1291 825 centurionum,
1329 790 1332 827 Ε

135 864 148 893 ,1
173 829 342 893 tribunatus
360 842 397 895 et·
404 831 483 893 alios
491 830 635 893 militares
646 832 732 892 locos
748 832 937 911 ambiebant,
956 830 1000 893 ita
1045 852 1140 895 omae
1155 832 1289 899 urebant
1330 876 1332 911 ,

172 913 331 981 iuvenalis
352 913 544 981 SatiraXIV
564 915 637 994 [198
652 913 747 999 sqq.]:
1130 962 1135 969 .

494 1017 497 1027 ’
691 997 800 1065 vitem
816 1020 919 1087 posce
938 995 1078 1077 tinette,-

260 1079 332 1147 Sed
345 1091 450 1170 caput
464 1081 634 1149 intactum
648 1080 737 1148 buxo
756 1106 924 1172 naresque
942 1083 1079 1172 pilosos

258 1167 413 1235 Aduotet
427 1178 462 1233 et
501 1168 626 1233 rondes
641 1169 789 1235 miretur
804 1168 953 1235 Laelius
966 1169 1084 1233 aios„
1116 1216 1137 1243 ,-

146 1252 258 1334 „idem
292 1256 363 1319 oeta
384 1191 529 1338 alibifiL
546 1256 617 1337 tit:
1240 1332 1244 1337 Ι
1330 1306 1332 1341 5

258 1278 415 1425 Idispido
431 1338 588 1431 membro
607 1337 745 1427 quidem
758 1348 793 1403 et
810 1336 921 1405 durae
937 1360 1004 1427 per
1023 1337 1177 1413 brachio
1190 1350 1275 1413 aetat
1330 1386 1332 1428 j

257 1423 472 1491 Promittant
492 1435 646 1489 atrocem
665 1424 835 1489 animum.
1330 1474 1332 1481 Α

172 1532 215 1577 ex
231 1512 281 1576 his
303 1522 444 1661 apparet,
459 1534 519 1575 cur
540 1510 715 1576 hircorum
742 1519 887 1599 gentem
912 1512 1147 1596 istosappellet
1169 1510 1287 1577 Persius:
1330 1498 1332 1513 ⁴

172 1617 335 1679 oamgran
357 1620 391 1661 es
403 1600 466 1661 alas
479 1598 589 1661 hircosv
600 1601 679 1663 solet
692 1599 845 1677 comitari,
867 1609 901 1659 ut
924 1608 955 1661 et
973 1598 1075 1663 omnis
1085 1597 1287 1661 imbaluitieiat

61 1737 67 1751 ,
171 1674 334 1760 ἀλουσίας
351 1704 455 1749 eomes
467 1704 587 1769 semper
601 1695 664 1747 erat
678 1682 847 1748 ὅυσυδίαε
866 1704 965 1768 neque
978 1682 1118 1762 restringi
1142 1680 1286 1747 debetrox

172 1763 313 1833 hircosa
326 1768 365 1832 ad
381 1770 457 1833 birci
471 1771 633 1844 foetorem,
657 1790 768 1835 rerum
778 1790 834 1855 pro
848 1769 958 1852 quovis
978 1768 1038 1829 aiio
1059 1766 1158 1829 odore
1176 1780 1247 1831 tetro
1259 1788 1287 1829 er
1315 1776 1323 1817 -‘

58 1928 64 1945 ι
172 1874 211 1916 ea
237 1877 330 1940 quam
355 1854 488 1918 diximus
519 1875 626 1919 caussa
650 1856 790 1937 αννατῶς
818 1852 1046 1939 accipiendum
1080 1852 1126 1915 sic
1150 1846 1287 1935 γράσωνα
1320 1920 1323 1933 ,

173 1935 282 2003 Graeci
297 1936 401 2003 dicunt
416 1960 568 2003 noneum
581 1942 697 2020 solum,
719 1941 771 2025 qui
785 1934 930 2021 γράσον,
951 1936 1044 1999 idest
1057 1936 1196 2013 hircum,
1216 1940 1286 2015 obet,

172 2023 229 2087 sed
243 2026 382 2110 quemvis
401 2023 559 2109 δυσχερῆ,
580 2036 615 2087 ut
628 2047 667 2112 ap
690 2028 760 2089 ellat
773 2024 1004 2109 Theophrastus
1023 2020 1055 2084 in
1068 2020 1286 2105 Cbmacteribm,

87 2134 90 2149 ¹
171 2110 226 2172 ubi
239 2114 326 2197 ptura
346 2109 386 2173 da
397 2112 446 2191 bis
465 2111 639 2197 scripsimus
664 2048 707 2195 {ii
722 2110 785 2177 314
800 2109 929 2187 et325].
971 2107 1189 2181 Simiitime.in
1205 2108 1287 2195 quinte

171 2215 278 2259 osores
291 2197 414 2285 philoso
436 2197 508 2261 biae
518 2207 610 2261 uocat
622 2192 797 2262 varicosos
813 2191 1143 2273 centuriones;[189].
1320 2222 1331 2285 p

119 2289 174 2347 296
258 2285 309 2347 78.
326 2286 377 2347 79.
408 2219 510 2362 guod
526 2278 641 2367 sopio,
664 2280 751 2344 sotio
773 2289 827 2345 est
848 2277 950 2358 αυἸτί,Ι
980 2279 1023 2359 [at
1046 2277 1137 2341 codd.
1162 2286 1288 2365 quotquot
1320 2283 1330 2341 ἴε

170 2365 316 2435 novimus
330 2387 455 2430 ornnes:
478 2364 519 2446 Q.
542 2365 629 2429 satis
651 2376 718 2446 est,
740 2366 839 2454 sopio
854 2387 918 2445 αα,
939 2364 1025 2451 quod
1042 2365 1156 2429 melius
1174 2386 1238 2429 esse
1250 2384 1289 2439 ra·
1328 2362 1331 2369 '

169 2450 305 2514 tionibus
320 2453 413 2513 etiam
431 2452 521 2517 evicit
534 2453 675 2532 Weber]
698 2473 765 2515 non
788 2472 860 2538 ego·
876 2471 959 2515 curo
973 2449 1060 2515 Esse
1084 2446 1177 2535 quod
1196 2448 1289 2535 Ater·

170 2532 262 2599 ailae
284 2534 547 2622 aerumnosique
571 2534 736 2618 Solones]
769 2539 838 2599 Hae
856 2549 926 2599 sunt
945 2557 1039 2601 voces
1066 2537 1152 2615 vulgi
1170 2534 1289 2605 Rornae:

168 2619 289 2708 Sperne
302 2642 405 2685 mores
418 2624 555 2686 exoticos
574 2634 606 2685 et
617 2624 847 2687 transmarinam
862 2623 1059 2708 sapientiam
1082 2622 1151 2685 cire
1161 2620 1289 2695 Romano

167 2729 262 2771 nemo
281 2708 359 2773 vivit
377 2708 410 2769 in
431 2710 506 2770 orbe
528 2710 655 2790 melius3
678 2705 877 2771 aerumnosi
899 2720 1003 2772 autem
1019 2702 1165 2769 Solones
1183 2718 1289 2793 proptu

120 2833 121 2837 =
165 2792 322 2857 indefessa
336 2794 619 2879 philosophantium
632 2793 732 2857 studia
744 2806 775 2857 et
789 2795 946 2857 confinuas
958 2794 1088 2872 vigilias,
1098 2814 1174 2859 ¹non
1184 2804 1289 2879 propter

167 2880 295 2941 exilium
308 2890 339 2940 et
349 2880 407 2942 alia
420 2882 512 2958 mola,
533 2900 612 2963 quae
628 2882 702 2941 olim
716 2901 823 2965 passus
837 2878 923 2944 Solu.
966 2877 1028 2956 [De
1042 2876 1216 2959 Arcesila,
1233 2898 1289 2941 me-

167 2962 238 3027 diae
262 2976 384 3027 auctore
401 2964 603 3045 Academias,
628 2986 657 3029 a.
686 2968 752 3029 fere
777 2964 840 3031 244
868 2986 895 3026 a.
923 2962 958 3031 C.
982 2962 1113 3044 donato,
1141 2985 1172 3030 v.
1200 2960 1288 3027 laudd
1320 2992 1325 3007 -·

165 3071 185 3112 a
207 3096 217 3115 .
241 3051 286 3114 Pl.
1266 3096 1269 3101 -

184 3073 205 3137 p
252 3049 305 3203 80].
327 3132 471 3221 Obstipo
491 3133 630 3222 capite]
657 3134 872 3206 decoratehic
891 3135 994 3199 irrisor
1018 3147 1140 3216 gestum
1162 3132 1289 3223 erprinp't

106 3226 109 3232 ⁴
165 3223 302 3285 hominis
326 3221 517 3287 meditantis:
545 3221 677 3307 stipare
707 3233 753 3285 est
776 3220 939 3301 assidetur
965 3222 1087 3306 proprie
1108 3224 1237 3285 verbum
1253 3230 1290 3281 est

165 3311 335 3387 fullonum,
357 3309 409 3391 qui
428 3308 544 3395 pedum
556 3308 749 3371 rnotitatione
769 3328 889 3392 pannos
907 3305 1096 3369 condensaut
1110 3308 1290 3371 etdirrniorrs

166 3394 318 3468 efficiunt;
342 3391 416 3454 inde
431 3405 521 3478 caput
532 3397 703 3477 obstipum,
728 3397 812 3472 eujus
828 3393 930 3455 cervix
947 3392 1045 3471 rigida
1066 3403 1158 3455 estet
1175 3392 1291 3476 obstipa,

163 3489 200 3540 ut
215 3479 347 3562 loquitur
360 3474 525 3541 Suetonius
535 3480 568 3540 in
580 3480 703 3541 Tiberio
717 3478 754 3557 [c.
772 3476 842 3556 68];
862 3479 904 3539 ita
928 3489 1031 3540 autem
1045 3476 1194 3539 incedunt
1206 3474 1290 3559 rigido

165 3574 257 3648 atque
268 3564 400 3627 immoto
413 3566 493 3627 coilo
506 3565 616 3649 partim
631 3564 755 3648 superbi
772 3564 934 3642 homines,
956 3575 989 3624 ut
1011 3584 1049 3625 eo
1067 3566 1139 3625 loco
1154 3562 1291 3639 Tiberius,

187 3650 276 3711 artim
289 3650 409 3712 attoniti
421 3652 473 3713 vel
487 3650 540 3735 qui
550 3652 608 3711 toti
626 3661 697 3711 sunt
715 3651 748 3709 in
764 3649 889 3728 alicujus
906 3650 952 3711 rei
974 3661 1094 3711 contem
1119 3650 1241 3731 tatione,
1267 3658 1294 3709 ut

164 3670 379 3799 incantatur.
404 3732 499 3815 [Vide
511 3734 672 3799 Heindorf.
688 3733 728 3795 ad
743 3735 850 3797 Horat.
866 3733 927 3798 Sat.
943 3733 983 3812 ll,
1002 3736 1031 3813 5,
1046 3670 1117 3815 92d

251 3818 301 3883 Et
312 3814 470 3909 figentes
487 3819 618 3885 lumine
639 3821 796 3898 terrum]
821 3819 939 3884 Oculos
961 3821 1121 3885 demittere
1146 3820 1293 3883 modestae

99 3920 209 3992 {lame
223 3904 379 3971 studiosae
393 3907 558 3987 juventutis
577 3907 715 3987 signum:
743 3906 786 3967 ita
809 3908 892 3970 enim
919 3930 937 3969 a
956 3906 1145 3992 paedagogis
1166 3906 1292 3969 institue-

164 3994 284 4056 bantur.
331 3990 525 4057 Plutarchus:
551 3988 631 4068 τούς
656 3990 777 4067 παῖδας
800 3989 1018 4057 διδάσκουσιν
1040 3992 1074 4055 oi
1096 3986 1291 4073 παιδαγωγοί

163 4071 352 4156 κεκυφότας
372 4075 410 4142 ἐν
430 4082 503 4155 ταῖς
530 4073 622 4155 ὁδοῖς
641 4083 847 4156 πεοατατεῑνε
876 4078 954 4140 adeo
974 4072 1118 4163 quidem,
1150 4090 1184 4141 ut
1202 4100 1241 4141 ne
1258 4072 1289 4137 ad

141 4161 339 4227 'mumndos
360 4162 487 4249 quidem
505 4166 615 4229 obvios
635 4177 727 4250 caput
747 4164 806 4227 iilis
825 4166 971 4243 surrigere
991 4165 1104 4227 liceret.
1149 4164 1290 4225 Lusitanus

162 4249 324 4312 Amoribus
338 4247 378 4331 [§.
393 4248 451 4329 44}
465 4248 504 4313 de
519 4252 641 4336 ephebo
664 4272 736 4311 cum
755 4269 825 4312 cura
845 4248 973 4311 educato
991 4251 1022 4310 lo
1043 4270 1136 4313 usos:
1158 4242 1223 4315 cited
1242 4248 1289 4329 τῆς

159 4327 317 4417 πατρῴας
332 4330 440 4409 ἑστίας
459 4329 616 4418 ἐξέρχεται
636 4330 726 4399 κάτα
739 4330 893 4416 nexuosis
908 4330 964 4399 καὶ
975 4270 1104 4419 pudico
1116 4336 1186 4401 ταῖν
1197 4329 1289 4401 ἄταν

160 4415 298 4487 παντων
317 4415 351 4501 ἐξ
375 4416 531 4489 ἐναντίου
554 4416 790 4508 τροτβλέτυνε
819 4422 872 4509 qui
896 4430 999 4485 autem
1016 4422 1161 4487 somnus
1183 4414 1288 4507 aliquid
