2700 4972
147 383 213 449 m
511 352 918 437 counssrsatus

150 568 155 577 ·
234 541 398 625 Relicto]
418 512 576 623 integrm
590 562 656 604 non
672 540 778 606 estad
796 541 940 607 virtutem
961 541 1102 609 relictam
1122 548 1218 611 mel
1230 568 1267 613 ῃ.
1309 572 1313 607 ;

151 634 294 717 migrare,
317 643 352 692 ut
367 629 406 692 do
417 628 570 708 Dionysio
581 638 710 709 tyranno
724 628 855 713 loquitur
869 626 977 691 Cicero
992 628 1100 707 [Tusc.
1121 632 1267 717 V‚21‚,§‚
1309 654 1313 693 2

151 725 222 801 62]‚
243 718 361 806 quoties
383 714 480 777 amori
493 713 610 777 virtutis
631 710 749 775 obsistit
765 714 814 777 vis
835 716 935 793 major
952 713 1157 800 cupiditatum
1176 730 1206 781 οι
1219 714 1266 799 ‚tlt1
1309 738 1313 802 i

150 828 243 893 quem
257 800 449 869 vocarPhilo
467 800 536 862 τῶν
549 796 716 879 αἰσθητῶν
727 793 889 881 ποταμόν.
958 858 963 867 1
1071 856 1076 862 .

100 904 154 962 256
235 895 288 956 39.
309 885 409 952 Anne
423 880 537 971 magis
548 879 659 945 Siculi
666 891 877 969 gemuerunt
888 902 976 971 uera
982 880 1164 970 ἱππικοὶ]
1185 885 1266 949 lilari-
1310 910 1313 948 ε

151 998 205 1041 ma
220 994 357 1062 quaeque
379 980 529 1032 tormenta
545 989 617 1052 prae
635 969 756 1048 flagello
780 969 983 1033 conscientiae
1002 982 1077 1034 suot
1095 972 1195 1036 levia:
1213 974 1266 1034 hist
1311 996 1314 1033 ε

149 1061 304 1125 aestimari
317 1067 418 1144 potest
431 1058 496 1134 ejus
507 1052 696 1133 magnitudo.
737 1053 838 1117 Perilli
849 1066 880 1118 et
890 1054 1061 1121 Phalaridis
1070 1056 1267 1147 itemquelle
1312 1082 1314 1118 :

151 1144 261 1212 moclis
273 1142 418 1207 historiae
430 1140 607 1202 notissimae
619 1150 698 1201 sunt.
720 1137 807 1216 [Loci
820 1136 937 1225 ap.Pl;]
1136 1166 1141 1173 ·
1246 1196 1250 1203 .

212 1272 216 1279 ·
237 1230 290 1296 41.
315 1226 513 1312 Purpureos
533 1221 649 1305 subter·
670 1223 821 1289 cervices
844 1223 998 1305 terruit]
1035 1223 1268 1313 Damoclis,qi
1289 1242 1292 1247 '
1313 1254 1314 1259 ¹

63 1388 66 1393 ⁴
153 1315 304 1383 tricliniari
316 1324 402 1378 veste
421 1311 547 1377 anrictus
565 1308 781 1393 pretiosissima
798 1313 1012 1392 accmnbebst3
1040 1313 1215 1400 principum
1230 1334 1269 1376 ur·
1291 1352 1294 1357 -

153 1414 218 1466 tem
241 1398 412 1462 coenatoria
433 1392 679 1482 praestantissimi
697 1395 808 1455 coloris
830 1400 929 1476 erant,
963 1408 1038 1482 puta
1060 1420 1214 1484 purpurea
1232 1408 1269 1460 sd

152 1485 349 1570 hyacinthina
368 1493 420 1544 aut
440 1481 515 1543 alius
535 1479 642 1543 similis
658 1500 676 1540 e
698 1478 915 1559 nobilioribus3
933 1481 991 1544 sed
1011 1481 1128 1546 diserte
1145 1494 1269 1548 testante

153 1584 273 1638 veteres
292 1568 475 1633 Damoclem
503 1566 584 1626 hunc
604 1564 726 1626 muricis
749 1563 836 1645 Tyrii
857 1567 1051 1645 conchyliato
1069 1568 1184 1631 indutu
1195 1569 1269 1632 luiso

155 1655 299 1720 ditatum:
322 1674 397 1717 cave
410 1650 567 1714 aliterinte
601 1649 705 1712 reteris
718 1648 787 1711 heic
804 1642 843 1712 sd
858 1668 1070 1735 purpureas.
1100 1686 1104 1693 ·

240 1740 291 1806 42.
312 1736 410 1802 Iasos
422 1671 683 1814 Palleatiirllira
696 1734 827 1798 locutio'r
848 1755 922 1797 nam
934 1736 1034 1820 pallor
1044 1736 1131 1801 intus
1146 1758 1270 1803 muru

87 1895 90 1900 ,
154 1836 271 1916 potest,
295 1823 351 1888 sed
363 1844 459 1885 unum
469 1823 598 1885 verbum
611 1819 742 1881 duorum
754 1822 824 1881 loco
835 1820 958 1905 posuitr
978 1820 1063 1885 intus
1074 1823 1186 1887 timeat
1198 1824 1271 1887 ‹stt›

154 1915 197 1976 sis
209 1914 329 1998 palleat.
372 1909 421 1990 [At
435 1910 517 1970 bene
526 1906 673 1971 Weber:
697 1903 758 1983 „In
770 1904 878 1966 intimo
891 1916 1018 1991 pectore
1032 1908 1219 1981 conscientia
1232 1926 1272 1971 eo·

155 2018 225 2061 rum
246 1999 395 2059 scelerum
412 1994 554 2079 palleat,'
568 2011 646 2075 quae
666 1985 754 2052 uxori
773 2011 894 2052 narrare
919 2012 985 2052 non
1011 1990 1136 2057 audeat.
1187 1990 1272 2071 bruc

116 2086 121 2093 “
155 2104 252 2169 quum
267 2101 390 2143 causam
412 2081 433 2142 i.
450 2099 476 2141 e.
501 2073 729 2154 conscientiam,
753 2096 804 2136 cur
822 2074 889 2160 quis
907 2076 1068 2156 crucietur,
1089 2076 1220 2159 indicet,
1238 2078 1272 2141 'n-

154 2164 354 2248 telligendum
369 2174 429 2242 est,
449 2174 484 2224 ut
499 2182 541 2242 gr.
558 2157 699 2224 ἔνδοθεν
711 2161 762 2224 vel
778 2155 905 2225 tooure
918 2182 965 2246 ap·
978 2162 1124 2245 Aeschyl.
1136 2163 1218 2228 Pers
1232 2166 1273 2229 tt:

153 2274 222 2318 von
235 2252 336 2316 innen
355 2247 499 2323 bereum
519 2268 550 2310 r.
565 2245 697 2308 Taubm.
718 2245 758 2307 ad
776 2245 872 2310 Plaut.
893 2245 978 2312 Pers.
1001 2246 1044 2327 ll,
1066 2248 1098 2327 4,
1118 2254 1172 2315 31.
1191 2250 1272 2311 al·-

155 2336 203 2400 sd
219 2335 445 2416 conjunctivum
458 2328 593 2430 nesciat
602 2329 815 2416 explicandum
829 2330 870 2393 ad
879 2330 1023 2417 palleat
1033 2335 1275 2421 suppleamus*

156 2444 242 2486 cesse
256 2433 301 2484 est
314 2416 383 2482 idi.
395 2440 425 2481 e.
443 2414 595 2498 ejusmodr
608 2415 692 2500 quid.
740 2414 886 2481 Fallere
906 2439 990 2480 emm
1009 2422 1136 2505 ponitur
1147 2426 1217 2483 uun
1235 2438 1273 2481 rt·

157 2508 311 2586 cusativ03
331 2526 363 2568 v.
378 2501 403 2582 1,
419 2506 497 2583 1243
518 2503 655 2564 Huschk.
668 2503 701 2563 in
715 2501 801 2564 Anal.
816 2524 848 2588 p.
861 2504 956 2589 29.“]‚

155 2634 159 2643 .
241 2593 295 2657 43.
316 2585 419 2670 Quod
424 2584 591 2673 proximo
602 2586 737 2649 nesciat
755 2607 840 2684 uxor
849 2586 886 2666 Ρ]
906 2580 1067 2688 Jurenalis
1084 2586 1155 2672 sul,
1172 2580 1239 2671 4912

243 2757 395 2829 Aestuat
409 2753 554 2821 occultis
569 2672 1129 2851 animudb'dbibbiiqedecbbdeebdidf

158 2848 216 2916 sed
232 2847 315 2935 quod
329 2847 371 2908 ait
382 2843 500 2907 Persius
518 2842 557 2905 de
570 2865 680 2922 uxore,
702 2846 824 2929 proprie
845 2846 950 2907 locum
970 2847 1123 2911 babet'in
1145 2844 1274 2925 adultus

148 2940 245 3085 ,cpjrpp
256 2929 556 3096 *Pffiintlffl'ingst
573 2928 810 3094 gpryppstomm
824 2928 961 2993 Homilia
974 2930 1089 2997 XXII.
1105 2933 1139 2995 in
1158 2934 1291 3019 priom'

159 3043 178 3085 a
242 3038 388 3085 ormros
446 3033 563 3078 ‚sura
625 3036 674 3076 e·
890 3066 896 3075 .

245 3103 298 3168 44.
322 3099 435 3185 Saepe
461 3037 595 3174 ositos,
625 3095 786 3170 memini,
815 3096 1000 3188 tangebam
1026 3120 1161 3186 parvus
1180 3098 1274 3181 olive]

160 3192 245 3258 Nihil
259 3188 434 3252 familiarius
447 3187 594 3265 juventuti
609 3207 702 3270 quam
712 3196 747 3247 ut
759 3197 885 3270 peccata
898 3190 954 3249 'sua
967 3184 1116 3251 defendat
1130 3188 1275 3275 exemplis:

162 3299 236 3341 nam
246 3275 296 3336 illa
309 3272 503 3359 potissimum
519 3282 601 3333 aetas
621 3272 711 3333 licere
727 3272 786 3334 sibi
799 3282 884 3355 putat
894 3306 911 3347 ‚·
925 3271 993 3356 quic
1014 3271 1067 3334 oid
1086 3274 1140 3337 alii
1152 3274 1211 3339 sitsi
1220 3292 1277 3361 pt!-

161 3360 312 3426 miserint:
334 3377 426 3442 quare
442 3354 475 3418 id
491 3367 577 3420 cavet
590 3354 725 3419 studiose
737 3356 857 3419 Persius
875 3357 908 3419 in
926 3359 984 3419 hac
1041 3358 1114 3437 tira,
1135 3370 1173 3423 ut
1186 3378 1276 3423 exm-

184 3451 214 3509 la
227 3446 355 3508 aliorum
368 3441 515 3520 juventuti
526 3462 566 3503 ne
580 3452 724 3520 noceant,
747 3462 825 3527 quae
834 3441 925 3504 dabat
938 3462 1064 3527 operam
1071 3444 1279 3547 philosupb'u·

162 3470 259 3597 Porro
273 3530 307 3591 hi
319 3532 445 3607 juvenes
457 3527 603 3611 exemplis
618 3528 769 3612 corrumpi
786 3537 926 3610 poterant
937 3530 988 3591 vel
1005 3528 1091 3611 vulgi
1102 3534 1156 3594 vel
1170 3530 1279 3593 mom

97 3632 169 3693 ’257
178 3616 225 3680 sui
240 3612 353 3677 ordinis
364 3633 399 3674 ac
415 3610 611 3674 conditionis:
631 3612 676 3672 illi
689 3615 804 3697 absque
820 3612 883 3674 ulla
902 3613 1093 3677 institutione
1114 3614 1279 3679 liberalita-

164 3703 221 3766 luti
233 3702 377 3781 agebant3
397 3709 553 3783 propterea
569 3692 738 3760 discincti⁸
745 3702 864 3760 nattes
886 3698 1089 3783 appellatione
1102 3720 1158 3765 eos
1171 3698 1279 3765 denob-

166 3789 212 3853 rit
224 3785 357 3863 Persius3
381 3784 492 3843 horum
499 3802 570 3867 pars
580 3783 716 3844 maxima
728 3782 916 3845 institutione
927 3782 1052 3868 quidem
1066 3807 1134 3849 non
1148 3788 1278 3861 carebunt

166 3871 225 3936 sed
256 3868 448 3952 hilosoplriae
461 3879 562 3929 tamen
573 3867 756 3930 studiis-non
775 3868 1004 3948 imbuebantur,
1024 3890 1116 3933 more
1128 3874 1277 3957 plerom-

61 3986 69 3995 ·
167 3978 228 4043 que
235 3894 467 4018 itomanorum:
491 3950 529 4014 de
542 3953 591 4015 his
603 3974 684 4014 nunc
700 3954 761 4033 agit
775 3952 912 4030 Persius,
931 3974 1048 4035 negans
1063 3976 1177 4020 eorum
1192 3972 1277 4019 meur-

168 4045 221 4129 plo
235 4040 352 4104 moveri
365 4037 475 4100 debere
491 4041 640 4116 juvenes,
653 4059 729 4122 quos
749 4039 924 4123 alloquitur,
949 4041 1019 4125 quia
1038 4062 1081 4102 ne
1104 4041 1157 4104 isti
1174 4038 1276 4127 quiden

169 4128 266 4191 sciant
278 4122 349 4210 quid
359 4122 500 4207 perdant,
522 4124 598 4185 sicut
610 4123 650 4186 de
662 4124 811 4208 prioribus
828 4122 943 4187 dictum
958 4135 1021 4189 est:
1044 4125 1133 4211 ipsos
1143 4148 1216 4192 veru
1228 4123 1275 4187 rir-

169 4212 240 4274 tutis
251 4207 481 4297 pulcritudinem
494 4206 702 4271 admirabilem
714 4230 779 4271 non
790 4210 945 4289 ignorare,
965 4230 1066 4297 neque
1081 4211 1217 4275 excusari
1228 4210 1274 4269 ullo

170 4296 267 4360 modo
286 4315 393 4381 posse,
414 4293 440 4354 si
461 4295 545 4356 illam
564 4316 627 4356 non
647 4292 835 4380 deperierint.
885 4293 982 4373 Quod
992 4307 1098 4360 autem
1110 4298 1162 4361 hic
1179 4294 1273 4365 doctor,

171 4383 225 4467 qui
237 4401 289 4444 ore
303 4378 397 4444 Persii
412 4380 554 4464 loquitur,
574 4400 670 4441 unum
683 4402 789 4442 eorum
802 4380 844 4443 ait
855 4382 992 4445 soscrisse
1004 4382 1218 4461 injuventute,
1234 4374 1272 4463 qui

171 4465 316 4555 temporis
334 4468 479 4546 jacturam
500 4485 565 4527 non
581 4466 686 4547 magni
702 4466 911 4549 erediderunt,
949 4488 990 4533 eu
1010 4466 1133 4535 videtur
1146 4476 1271 4555 spectem
