2700 4972
2 381 4 387 s
98 363 143 429 aa
405 342 409 349 “
452 324 880 426 conumeratus

98 526 236 595 rendum.
280 526 331 592 De
351 528 409 593 ista
434 528 478 593 in·
490 528 673 593 carminibus
694 524 856 591 recitandis
878 524 1071 589 affectatione
1094 544 1127 588 r.
1143 522 1243 611 'inpri-

101 614 284 766 misDSKenec.
298 613 504 680 debuerit
521 621 571 695 ta,
586 615 638 682 35⁴
670 613 717 678 Cf.
735 625 765 677 et
778 613 911 703 Stieberi
923 610 1072 692 judicium
1092 630 1145 696 ap.
1158 608 1243 673 Pasa.

31 780 34 785 ⁵
101 726 120 790 p
190 703 239 853 ti.
265 783 392 851 Guttur
413 782 540 850 Mobile
561 783 738 865 cottneria]
769 780 816 847 Ita
835 783 980 847 meliores
1001 782 1161 867 membr-,x
1179 800 1243 841 non

24 928 29 943 .
103 870 273 949 calluerit,
299 870 437 957 quadiu
457 871 528 935 aliis·
545 871 629 935 libris
650 871 774 951 legitun
796 871 915 954 inepte,
941 868 1001 931 nisi
1021 868 1137 932 scribas
1154 862 1243 929 Sede
1288 904 1291 919 ι

52 961 88 1020 64
104 957 197 1046 leges
210 956 311 1022 celse.
342 956 467 1038 Signata
480 976 544 1020 vox
560 955 711 1028 colluere,
729 955 768 1017 de
781 954 897 1040 liquido
911 957 1077 1040 plasmate:
1100 963 1147 1015 est
1161 952 1243 1013 enim

101 1043 312 1129 γαργαρίζειν
333 1053 364 1106 ct
384 1036 661 1127 ἅναγαργαρίζειν
676 1039 864 1104 Graecorum
884 1061 978 1126 saepe
999 1037 1082 1125 apud
1093 1037 1242 1101 Plinium:

103 1130 211 1193 dicitur
233 1140 264 1192 et
285 1128 325 1192 de
344 1128 501 1215 amphoris
521 1150 558 1191 uc
585 1129 735 1193 similibus
760 1126 867 1204 vasis,¹
886 1147 965 1211 quae
991 1125 1093 1187 inbrsa
1113 1142 1195 1207 aqua
1215 1132 1244 1184 et

102 1218 184 1280 intus
203 1215 314 1297 agitata
332 1226 512 1301 purgantur,
541 1212 663 1277 mobile
680 1222 803 1299 guttur
829 1213 881 1276 vel
902 1222 1026 1298 propter
1045 1210 1244 1289 agitationem

103 1302 307 1365 necessariam
327 1301 360 1363 in
383 1298 583 1379 gargarisrnis,
604 1302 656 1365 vel
677 1321 733 1385 pro
755 1301 861 1376 λεῖον,
882 1294 1047 1384 per'quod
1068 1317 1135 1359 vox
1155 1294 1248 1363 facile

104 1386 320 1465 transmittitur,
344 1386 430 1447 omui
457 1386 618 1471 asperitate
645 1397 760 1448 sanata.

190 1468 359 1535 Petrunti
385 1465 515 1553 fractus
543 1468 669 1551 ocelle]
702 1468 809 1545 Oculis
836 1469 870 1531 in
892 1462 1056 1543 ¹lasciviam
1087 1462 1247 1529 resoluth:

126 1559 211 1621 uales
237 1568 309 1621 sant
336 1556 389 1643 qui
417 1552 632 1637 κεκλασμένοι
662 1551 873 1635 εῐκλαδαροὶ
901 1563 932 1616 et
952 1545 1052 1634 ὑγροὶ
1069 1545 1247 1703 &dutum

5 1660 8 1665 '
105 1580 247 1722 draecis,
267 1656 390 1727 pateres
411 1642 556 1721 Horatio,
588 1639 669 1727 apud
690 1632 1023 1721 Polemonemtiypdv
1047 1637 1068 1721 β
1106 1658 1183 1701 πεεν
1202 1646 1248 1699 est

106 1730 229 1811 iignum
251 1725 481 1811 φιλομαθείας.
526 1724 673 1808 Synesins
699 1725 786 1789 idem
806 1727 926 1789 notavit
944 1726 976 1787 in
998 1724 1060 1787 suis
1080 1721 1248 1787 recitatori-

107 1818 174 1889 bus,
198 1812 255 1878 sed
266 1812 459 1877 mollioribus
473 1815 576 1876 verbis
591 1814 756 1899 expressit:
779 1812 953 1896 προσγελᾷ,
974 1810 1073 1894 inquit
1087 1812 1121 1892 [l.
1136 1812 1183 1891 l.],'
1202 1808 1264 1895 aqi¹

106 1895 257 1986 aeteae:
285 1919 360 1960 nam
387 1897 440 1961 illc
466 1902 568 1962 vultus
597 1897 762 1963 renidentis
789 1898 859 1959 heic
880 1897 1056 1977 intelligitur
1083 1918 1103 1959 a
1132 1895 1249 1975 Penio,

106 1986 167 2050 nisi
187 1983 270 2070 quod
291 1985 387 2069 ipsius
408 1995 507 2047 aetate
528 1996 559 2046 et
580 2006 644 2047 vox
668 1996 699 2046 et
719 1984 801 2045 oculi
822 1995 854 2045 et
873 1993 956 2046 totus
976 1983 1094 2061 vultus,
1123 1993 1159 2045 ut
1180 2002 1251 2044 cum

108 2071 305 2149 effoeminata
318 2069 455 2130 oratione
472 2082 684 2149 congruerent,
705 2068 807 2131 studio
819 2065 859 2130 ad
870 2069 1032 2130 mollitiem
1050 2079 1081 2130 et
1091 2068 1252 2131 lasciviam

109 2157 386 2242 componebantur3
422 2153 505 2240 quod
532 2175 625 2240 saepe
655 2153 860 2232 Quintilianus
892 2175 1028 2239 quoque·
1043 2152 1252 2241 reprehendit

108 2240 290 2328 Plangere
304 2239 419 2302 Latinis
433 2251 479 2303 est
492 2240 578 2301 idem
591 2262 626 2302 ac
640 2241 854 2316 effoerninare,
875 2243 970 2303 robur
984 2239 1073 2302 virile
1095 2240 1130 2303 in
1139 2240 1254 2303 mulie·

108 2330 196 2403 brem
217 2326 380 2389 mollitiem
407 2347 526 2389 currum
549 2348 609 2389 erc.
654 2323 859 2405 Quintilianus
889 2324 931 2407 [I,
958 2325 1030 2405 11],:
1057 2320 1140 2389 Non
1162 2324 1256 2391 euim

16 2492 19 2499 Ι
102 2433 252 2498 puerum
273 2408 449 2492 themineu
479 2347 587 2488 [sida
614 2410 802 2491 femineae]
833 2411 926 2474 uocis
953 2408 1106 2475 exilitate
1121 2404 1257 2499 frangi

109 2495 207 2573 volo,
237 2496 281 2560 sic
301 2493 411 2558 Graeci
439 2491 570 2575 θρύψιν
591 2496 709 2559 dicunt:
738 2518 812 2559 nam
839 2493 1002 2578 θρύπτειν
1030 2507 1077 2558 est
1097 2499 1256 2579 frangere;

110 2593 224 2646 vocant
252 2593 283 2643 et
312 2578 554 2663 κεκλασμένονς
581 2586 693 2645 fractos
721 2581 841 2645 delitiis.
886 2580 1076 2646 Observabis
1096 2584 1131 2644 in
1151 2579 1257 2655 erudi-

110 2669 229 2733 tissimo
250 2664 343 2753 poiita
361 2668 480 2729 nullum
497 2670 627 2731 verbum
647 2681 763 2731 temere
784 2667 919 2754 positum
941 2679 972 2730 et
988 2665 1073 2753 quod
1093 2690 1152 2733 suo
1175 2690 1257 2756 pun·

112 2752 184 2817 dere
207 2763 323 2816 careat:
354 2763 388 2814 ut
408 2752 459 2814 hic
472 2753 612 2832 fractus
634 2765 665 2816 et
686 2752 790 2818 ocello
816 2765 848 2817 et
868 2752 1051 2839 patranti,
1084 2775 1166 2838 quae
1191 2774 1257 2819 vox

111 2851 158 2902 est
177 2839 313 2902 satiricae
335 2838 493 2902 licentiae:
515 2852 625 2902 notum
647 2841 731 2901 enim
753 2838 828 2924 quid
848 2841 888 2902 sit
905 2849 1068 2924 patrare·
1092 2839 1148 2920 [V.
1168 2834 1256 2905 Pasa.

110 2947 140 3010 p.
162 2922 251 3005 259]
281 2923 474 3005 Hieronymo
498 2921 737 3003 Quaestionibus
766 2927 799 2986 in
821 2921 957 3003 Genesin
983 2934 1138 3011 patrone
1158 2924 1256 2993 volae-

104 3004 191 3116 p'tup
214 3028 271 3095 pro
301 3006 564 3094 συνουσιασμόςε
592 3010 666 3074 inde
696 3008 784 3074 ocuti
806 3020 1014 3097 patrantes.-
1041 3021 1132 3075 vetus
1160 3010 1256 3099 polita

110 3116 229 3160 ανωνυ
253 3116 306 3171 oe:
823 3114 828 3123 ·

175 3208 178 3213 ·
200 3118 268 3244 Cir
283 3202 353 3245 non
371 3177 477 3244 haido
494 3178 662 3245 dominis:
682 3204 770 3246 nom
782 3177 959 3268 perfidum
980 3191 1014 3246 et
1032 3180 1192 3261 exitiale3

241 3261 322 3330 Nou
338 3262 445 3330 leudo
459 3289 518 3330 os:
541 3289 689 3356 nomqrae
701 3277 751 3332 est
774 3266 995 3354 vaniloquam
1012 3277 1043 3332 et
1048 3269 1196 3349 fatuum
1202 3292 1214 3347 ς

5 3362 13 3373 ‘
47 3366 97 3422 ,ὦ
198 3346 280 3415 Non
295 3349 427 3413 oeulos:
450 3352 576 3416 etenim
601 3363 678 3417 suut
692 3352 777 3418 lusci
793 3351 880 3417 oculi
900 3364 1003 3440 atque
1014 3364 1215 3440 patrantes.

113 3436 183 3499 Hoc
199 3447 302 3498 autem
322 3436 414 3497 unico
437 3457 526 3500 exem
548 3442 579 3501 lo
602 3442 707 3503 omnia
729 3439 919 3519 damnantur,
963 3461 1022 3504 uae
1035 3442 1257 3528 appeltatl’tu-

112 3522 233 3584 tarchus
254 3520 445 3583 recitantium
469 3534 617 3607 σχηματα
640 3519 795 3607 φορτικά.
820 3525 900 3603 [loco
916 3462 962 3591 'ad
980 3547 1045 3611 seq.
1065 3548 1097 3593 v.
1119 3526 1216 3610 laud]

202 3610 251 3671 19.
273 3603 360 3670 Heio
374 3630 480 3694 neque
499 3631 593 3673 more
601 3610 715 3696 prodo
736 3609 858 3675 videas
886 3633 992 3698 neque
1008 3634 1093 3677 uoce
1115 3614 1257 3696 sereno-l

113 3690 199 3753 Haec
219 3692 307 3755 tertia
327 3713 397 3778 pars
420 3705 483 3776 est3
502 3715 561 3780 qua
582 3709 683 3760 narrat
695 3697 826 3776 Persius,
848 3695 904 3759 sed
925 3698 1046 3760 satirico
1068 3720 1171 3781 more,
1193 3722 1260 3771 eor-

113 3779 263 3861 ruptelam
292 3777 484 3859 auditorum,
513 3781 564 3866 qui
592 3782 701 3868 poe'tas
726 3784 887 3845 recitantes
914 3805 979 3845 non
1009 3786 1112 3851 minus
1134 3788 1260 3875 turpiter

114 3861 279 3925 audiebant
303 3885 396 3948 quam
415 3866 475 3950 ipsi
495 3866 588 3930 foede
610 3889 645 3930 ac
665 3870 799 3931 molliter
826 3880 856 3930 et
876 3870 1049 3932 scribebant
1061 3882 1102 3934 et
1122 3894 1260 3960 pronun-

115 3947 247 4010 ciabant:
275 3948 377 4033 itaque
405 3952 520 4015 similes
550 3955 705 4018 habebant
725 3958 809 4017 labra
831 3956 962 4017 lactucas
991 3968 1138 4058 erantque
1169 3980 1259 4047 oper-

35 4088 38 4093 .
115 4033 219 4095 culum
238 4035 350 4120 patella
372 4033 594 4116 dignissimum.
637 4039 865 4104 Recitationum
892 4040 992 4126 prima
1018 4041 1171 4109 institutio
1192 4046 1259 4133 pul-

115 4117 263 4180 cherrima
284 4120 343 4181 fuit
363 4123 584 4191 etiormandis
606 4127 738 4209 ingeniis
758 4127 932 4189 utilissima:
960 4129 1077 4197 amicos
1097 4131 1185 4195 enim
1205 4131 1258 4195 de·

117 4204 230 4266 cumati
251 4204 356 4285 judicii
376 4228 490 4291 paucos
511 4211 679 4292 eligebant,
706 4213 818 4296 quibus
838 4211 947 4298 scripta
969 4234 1025 4277 sua
1047 4219 1259 4281 communica-

114 4300 191 4390 rent,
212 4299 247 4351 ut
267 4311 307 4353 ex
326 4291 449 4355 illorum
470 4314 595 4359 cemma
615 4318 651 4360 ea
670 4296 887 4377 emendarem
895 4320 899 4327 ·
907 4296 964 4361 aed
977 4320 1055 4369 mox
1068 4306 1267 4387 praeclarum-

114 4385 286 4439 msntutum
304 4375 338 4439 in
359 4377 559 4444 vanissimam
580 4383 817 4447 ostentationem
837 4382 940 4447 vertit:
967 4406 1069 4471 neque
1095 4388 1184 4455 enim
1202 4408 1256 4454 eur

116 4460 280 4543 corrigere,
300 4460 359 4529 scd
374 4462 491 4529 laudari
510 4469 705 4555 postulabant
729 4454 906 4535 redtitorce
931 4479 965 4535 et
991 4470 1109 4553 mode
1139 4476 1255 4563 sophae
