2700 4972
399 303 460 370 ru
481 299 650 372 rursu
677 294 899 375 serlum
921 303 947 421 ¹:
1116 268 1120 275 ’
1199 309 1243 375 er

98 471 184 543 set?
205 469 245 542 A
256 472 665 565 corruptissimo-quoquo
676 473 863 561 poi'torum
878 469 1023 574 &aas
1041 497 1102 543 seu
1124 487 1242 548 troas·
1284 474 1288 482 “

99 561 255 626 lotiones
269 569 493 626 mutuamur.-
514 571 589 625 tum
606 560 748 625 demum
765 562 938 650 ingeniosi
958 560 1116 641 scilicet,
1138 563 1172 632 ri
1193 562 1244 630 ad

99 645 355 736 intenr'gendos
369 669 432 713 nos
444 659 535 736 opus.
545 647 590 712 sit
612 648 766 735 ingenius
788 661 819 717 et
834 650 932 735 capite
951 648 1087 714 secundo
1102 648 1254 731 ejudem,

101 732 143 819 [ὁ.
168 734 244 815 1eJ=
276 729 481 801 obscuritas
497 730 545 820 fit
564 732 671 800 etiam
691 733 805 799 verbis
825 732 870 800 ab
892 755 958 801 usu
977 733 1136 813 remotio,
1157 733 1242 803 utri

60 874 63 881 .
102 819 375 887 commentarios
394 819 471 906 quis
488 814 699 908 pontificum
719 829 753 886 et
777 819 1010 901 oemstiuimu
1028 816 1180 906 foedera
1206 829 1243 887 et

101 904 259 975 exoletos
274 915 450 974 scrutatus
465 917 624 972 auctores
640 903 681 969 iri
701 904 817 991 ipsum
824 914 928 991 petat
941 926 986 991 aa
998 904 1074 972 bias
1095 916 1132 972 ut
1154 926 1242 996 quoe
1267 944 1269 949 ,

101 991 186 1060 inde
208 994 441 1072 contraierit,
462 1014 532 1058 uon
552 989 800 1080 intelligantur
819 992 915 1075 [cdds
937 1011 1026 1078 quoe
1042 991 1065 1056 ι’.
1081 1014 1129 1068 ο..
1153 989 1245 1076 quod
1307 992 1310 997 ’

101 1077 437 1166 nintolligurrlur.]r
468 1076 567 1144 birro
589 1077 707 1161 enim
727 1076 874 1165 aliqui
892 1074 1064 1176 joaram
1093 1074 1244 1145 erudi·

101 1163 243 1247 tionis
259 1160 507 1252 affectant,
529 1173 574 1229 ut
589 1161 1032 1249 quaedamsolrooire
1050 1161 1243 1232 videan—

101 1257 194 1320 tur:
213 1253 366 1317 baseillo.
409 1250 579 1333 Dionysius
592 1272 716 1336 quoque
730 1251 882 1316 Halicarn.
905 1250 1117 1330 gravissimnm
1132 1248 1244 1318 adver·

100 1335 201 1404 ausit
213 1357 310 1418 genus
328 1336 682 1404 moriones-senteutiam
697 1341 827 1423 profert:
848 1337 890 1401 ait
911 1336 995 1399 enim
1019 1336 1070 1416 [in
1090 1333 1193 1421 ibxvp
1216 1354 1255 1400 α·

103 1428 155 1492 11.
166 1444 198 1509 p·
214 1428 267 1503 bb,
280 1429 334 1490 st.
351 1421 451 1506 sylb]
472 1425 534 1488 hoc
550 1424 620 1487 illos
634 1427 750 1502 facere,
775 1418 843 1487 sind
859 1414 1060 1502 ὄψιμαθείας
1078 1418 1135 1504 καὶ
1150 1416 1251 1491 dau--

100 1506 277 1590 audior,
298 1512 370 1584 coir
384 1508 563 1591 αἰσχίστοις
576 1509 780 1575 vocantur
799 1503 1097 1587 περιπεπτωκότας.
1140 1508 1244 1590 [diio-

99 1613 173 1663 rum
185 1594 282 1662 etiam
299 1616 390 1681 super
404 1596 463 1658 hac
476 1617 510 1659 re
523 1608 597 1659 vere
608 1595 771 1689 monitav.
787 1592 890 1659 laudd.
904 1614 953 1680 ap.
965 1592 1025 1674 ΡΙ.]

187 1709 307 1780 Brisei
327 1733 428 1802 quem
442 1733 587 1778 venosus
604 1709 693 1777 liber
713 1711 826 1795 Acci]
849 1711 896 1776 Ita
916 1723 1004 1775 vetus
1022 1713 1112 1774 lectio
1135 1710 1198 1792 [ba
1213 1723 1244 1774 et

100 1799 172 1882 Τίς.
195 1797 276 1866 cod.
290 1810 328 1870 ,et
346 1799 421 1863 Aah.
440 1811 486 1881 et,
514 1811 662 1887 quantum
680 1800 810 1881 scimus,
837 1798 978 1886 reliqui]r
1007 1818 1071 1862 non
1091 1793 1242 1873 Brisaei,
1295 1822 1298 1827 ·
1320 1852 1323 1857 .

99 1888 203 1974 neque
217 1883 305 1949 Acti
317 1887 368 1954 rel
381 1883 476 1969 Atti,
483 1886 520 1948 L.
531 1885 656 1952 Accium
670 1897 808 1949 veterem
821 1883 947 1973 poetam
959 1884 1122 1964 tragicum,
1145 1883 1243 1959 Pacu-

100 1972 145 2037 vii
171 1965 378 2054 ὅμόχρονον,
399 1971 553 2053 intelligit,
581 1993 645 2038 non
666 1983 769 2038 autem
792 1970 989 2047 Labeonem,
1021 1967 1140 2055 dequo
1163 1972 1242 2030 facta

100 2058 151 2123 bis
175 2059 294 2121 mentio
316 2057 349 2135 in
370 2056 630 2145 praecedentibus.
681 2057 807 2119 Accium
827 2067 858 2122 et
874 2055 1044 2120 Pacuvium
1058 2056 1101 2118 ita
1119 2055 1295 2148 possimne)

98 2146 292 2229 conjungunt
304 2143 475 2232 scriptores.
517 2142 665 2209 Martialis
680 2142 752 2225 [XL
770 2147 822 2223 91,
837 2141 890 2224 5]:

187 2243 434 2333 Attonitusque
455 2242 547 2332 legis
569 2243 682 2309 terrai
692 2240 907 2334 frugiferai,

53 2400 56 2407 ,
97 2334 102 2339 ’
230 2330 366 2411 Accius
387 2341 422 2396 ct
444 2329 609 2419 quicquid
627 2329 871 2415 Pacuviusque
896 2336 1054 2398 romunt.¹

57 2446 61 2453 ·
111 2418 224 2489 Deliis
233 2419 334 2506 poetis
367 2441 425 2482 uae
432 2419 512 2482 scitu
522 2419 658 2481 maxime
669 2419 855 2492 necessaria,
870 2438 901 2480 v.
915 2439 965 2504 ap.
979 2416 1047 2489 ΡΙ.]
1060 2414 1121 2479 Pro
1131 2408 1246 2480 Brisei

112 2526 174 2593 ego
189 2501 322 2575 Briseis
358 2507 528 2586 conjectura
546 2504 634 2566 Lucii
654 2502 795 2590 Scoppae
816 2498 974 2567 Collecti·
994 2498 1019 2579 Ι,
1042 2497 1084 2566 34
1106 2499 1140 2564 in
1158 2494 1245 2564 Gra

100 2590 215 2694 Lamp·
234 2589 274 2656 T.
290 2589 315 2654 I.
337 2613 368 2678 p.
394 2589 500 2669 945·]:
521 2590 717 2654 notissimum
736 2590 893 2653 foeminae
915 2608 1033 2651 nomen
1053 2607 1093 2648 ex
1106 2585 1246 2647 Homero

102 2689 135 2742 et
144 2678 214 2743 airis
228 2676 344 2768 poe'tis:
368 2679 432 2758 ejus
447 2697 533 2742 casus
545 2674 720 2758 tragoediae
732 2674 895 2739 convenire
906 2694 1000 2738 nemo
1012 2682 1113 2760 potest
1124 2691 1247 2751 negare.
1275 2716 1279 2728 ,

100 2760 353 2844 Briseisigitur
383 2757 471 2824 liber
497 2781 643 2832 venosus
666 2774 696 2824 et
722 2757 878 2847 Antiopa
899 2777 1087 2824 verrucosa
1118 2753 1248 2824 duarum

100 2847 330 2932 tragoediarum
349 2849 477 2910 nomina
497 2860 582 2930 sunt,
604 2869 732 2933 quarum
750 2849 830 2909 hanc
852 2845 1002 2909 Pacuvius
1026 2851 1247 2927 composuerat,

100 2936 188 3003 illem
200 2934 314 2999 Accius
325 2932 396 3013 [uisi
411 2931 495 3020 quod
512 2934 590 3014 „hic
604 2935 712 2996 nullibi
725 2934 871 2995 referatur
887 2930 1042 3015 scripsisse
1059 2924 1248 3007 tragoediam

98 3019 297 3100 Briseidem,
320 3043 390 3087 cum
403 3040 496 3106 opera
512 3023 576 3099 ejus
589 3019 700 3100 tragica
723 3016 837 3079 circiter
851 3014 1067 3101 quinquaginta
1087 3012 1222 3073 citantur.
1230 3010 1249 3041 “

101 3106 181 3188 l’l.]:
202 3107 331 3187 figurate
346 3127 421 3170 vero
438 3107 543 3167 omnia
558 3105 681 3167 illorum
695 3103 804 3186 scripta
818 3100 1054 3183 designabantur
1071 3095 1188 3181 duabus
1210 3097 1249 3158 it.

99 3194 139 3261 lis
152 3191 295 3269 vocibus.
337 3189 409 3256 Non
423 3192 600 3271 ignoramus
613 3210 692 3338 puae
703 3188 812 3275 scripta
825 3197 896 3249 sunt
908 3198 971 3247 tam
984 3206 1002 3248 a
1015 3181 1142 3247 vetustis
1156 3202 1249 3267 quam

101 3301 134 3343 a·
146 3278 251 3346 nostri¹
266 3276 361 3343 secuti
381 3277 455 3343 viris
476 3275 574 3341 doctis
595 3297 613 3337 a
657 3272 938 3375 interpretationem
957 3269 1080 3333 alterius
1094 3267 1249 3331 lectionis:

101 3361 161 3428 sed
178 3362 303 3428 videtur
321 3363 411 3426 nobis
433 3364 525 3448 plane
546 3359 658 3445 durum
677 3371 707 3423 et
721 3380 788 3424 stne
810 3347 970 3459 exemplo,
995 3367 1027 3418 ut
1039 3353 1164 3418 Accium
1175 3351 1250 3417 Per.

101 3449 167 3519 sius
181 3444 368 3512 Brisaeum
384 3449 451 3513 sive
466 3443 629 3513 Briseum
652 3443 774 3524 dixerit,
795 3441 912 3508 Bacch1
936 3440 1119 3524 cogrromine
1144 3438 1213 3518 [vel
1231 3461 1250 3500 a

99 3532 227 3618 Brisa,
247 3533 386 3622 nympha
398 3537 464 3614 ejus
477 3534 609 3614 nutrice,
630 3534 681 3595 vel
701 3552 720 3593 a
735 3531 828 3596 Lesbi
846 3527 1057 3615 promontorio
1071 3523 1177 3603 Brisa,
1198 3527 1250 3586 vel
1272 3589 1275 3600 ,

100 3617 235 3687 abrica
247 3622 271 3684 i.
286 3643 314 3684 e.
331 3642 393 3683 ura
406 3640 565 3706 expressa,
589 3620 641 3684 vel
664 3615 736 3682 deni
756 3637 795 3679 ue
813 3637 834 3679 a
856 3612 1001 3701 βρίθειν]
1010 3661 1024 3692 ,.
1042 3612 1112 3698 quia
1127 3622 1249 3690 tragoe-

100 3706 166 3775 diu'
175 3705 303 3772 Baccho
316 3706 420 3773 ‘sacrat
482 3726 556 3767 uam
583 3714 723 3768 coacbnu
737 3639 830 3768 isac?
879 3722 953 3763 uam
979 3701 1072 3780 longe
1094 3695 1248 3792 petitum?

103 3791 327 3876 [Probaverunt
339 3803 444 3854 tamen
457 3728 497 3855 (i
511 3789 564 3871 P.,·
577 3788 638 3871 P1.;
661 3790 721 3869 alio
737 3784 833 3852 modo
845 3722 946 3853 lteb.
966 3781 1118 3872 Brysaer
1134 3785 1248 3864 legens,

101 3873 269 3967 abacista,
287 3887 437 3952 scatere,
455 3872 658 3963 pullulare,
681 3897 711 3964 q.
728 3895 757 3939 v.
776 3894 810 3962 p·
827 3870 896 3953 32]

192 3992 236 4065 V
230 4017 354 4062 enosus
370 3994 481 4077 libra]
503 3993 678 4073 Deformis,
699 4001 733 4055 ut
748 4002 820 4056 sunt
835 3989 981 4057 homines
999 3985 1096 4054 maed
1114 3997 1146 4059 et
1159 4005 1248 4050 sena
1301 4066 1303 4071 Ι

102 4085 193 4168 vieti,
221 4078 333 4170 quibus
362 4083 448 4147 dedit
465 4086 558 4163 longa
580 4091 664 4144 actas
686 4072 884 4161 deformem
906 4094 974 4161 pro
1000 4081 1081 4144 outo¹
1124 4066 1248 4134 ellam.-

101 4173 169 4237 istis
187 4174 274 4237 enim
294 4192 395 4236 venas
416 4178 533 4247 emant,
563 4187 652 4231 carne
666 4165 755 4230 senio
779 4165 920 4235 absumta
940 4159 1008 4241 [Pl.
1026 4162 1078 4225 tau
1100 4169 1131 4219 at
1151 4155 1247 4222 Tacit.

102 4256 185 4323 viat.
201 4265 264 4326 21:
289 4255 420 4326 oratio,
444 4249 543 4318 sicui-
555 4271 677 4337 corpses
694 4245 859 4325 bominis,
881 4268 924 4312 en
939 4243 1081 4307 demum
1093 4239 1247 4330 prdolsrn

103 4353 173 4426 ar,
218 4342 257 4408 in
279 4364 349 4430 qua
374 4363 456 4408 non
480 4336 677 4405 emineat
707 4354 844 4400 oenoe
872 4354 937 4400 neo
959 4352 1037 4394 ossa
1058 4347 1249 4393 numerau—

99 4420 208 4514 birds
239 4448 386 4519 maus
413 4436 518 4494 eutem
537 4446 649 4493 omnes
670 4425 887 4501 membranae,
912 4440 978 4486 non
998 4424 1186 4489 naeuus.
1212 4423 1250 4475 ⁸¹

1299 4302 1325 4379 b·
