2700 4972
392 365 454 437 AD
477 363 618 435 PERII
638 363 858 435 sttlutttt
881 364 952 438 111.
1162 374 1226 440 lm

77 541 164 605 libro
178 536 239 603 ΪΠ.
254 561 320 626 cap.
332 536 426 603 XIV.
469 536 587 602 Seneca
602 534 791 602 Naturalium
805 538 884 603 libro
897 536 953 603 ΠΙ.
975 540 1007 603 in
1018 541 1225 628 praefatione:

77 623 187 707 Quid
199 624 432 711 praecipuum
447 623 481 687 in
503 621 604 687 rebus
624 622 786 686 humanis
808 624 886 689 eet?
913 626 1030 689 animo
1052 649 1151 690 omne
1168 627 1226 694 vi·-

78 712 182 774 dicse
210 714 286 785 (hoe
309 723 356 774 est
375 709 458 795 quenl
485 711 625 772 Arrianus
650 711 728 772 libro
751 710 839 773 tertio
868 709 940 773 dicit
958 708 1020 795 τήν
1038 709 1227 798 πανήγυριν

82 793 319 879 ἱστορήσαντα
334 790 503 876 ἀπελθεῖν)
518 801 564 871 et,
581 814 649 880 qna
662 793 761 856 nullo
772 804 826 857 est
838 796 951 881 major
964 797 1123 877 victoria,
1139 800 1226 863 vitia
1309 867 1314 880 ,

82 882 292 956 ‹lorrzuiese3
311 885 413 969 paullo
433 882 518 943 aliter
536 881 623 942 idem·
637 877 733 941 Sto'iei
752 879 852 943 dicere
872 884 970 945 soliti:
992 881 1166 948 hominem
1186 884 1297 960 intrat)

83 966 318 1051 aelJ'ectoriunz
345 975 502 1028 nirttuum
529 986 601 1027 esse
620 974 845 1051 generatum,
877 967 960 1052 quod
983 972 1086 1032 scribit
1110 972 1229 1034 Seneca

82 1058 172 1119 libro
187 1056 290 1139 primo
305 1052 419 1129 Deire,
443 1052 539 1136 capite
552 1051 594 1114 V.
632 1051 754 1114 Marcus
767 1051 884 1114 Tullius
899 1055 1000 1138 primo
1012 1056 1089 1118 libro
1098 1055 1232 1119 Officio-

82 1163 162 1204 rum
179 1141 223 1219 [7,
240 1137 267 1220 §
281 1144 352 1212 221:
375 1136 504 1203 Placet
518 1133 661 1212 Stoicis,
685 1136 819 1222 quaein
834 1137 1157 1226 terrisgignuntur,
1181 1138 1231 1204 acl

83 1246 197 1289 usum
219 1221 397 1285 ltominnm
423 1218 541 1284 onznia
563 1219 696 1297 creari,
727 1221 883 1283 domines
906 1235 1025 1286 autem
1049 1224 1231 1291 ltorrunum

85 1332 224 1377 caussa
245 1329 317 1371 esse
337 1317 540 1396 generatos,
563 1315 602 1368 ut
624 1304 692 1391 ipsi
708 1307 797 1370 inter
812 1328 849 1369 se
871 1307 939 1371 alii
962 1308 1046 1373 aliie
1063 1312 1229 1397 prodesse

81 1403 258 1484 possent.-
286 1393 323 1457 in
351 1393 416 1457 lroc
443 1401 608 1455 naturam
630 1388 806 1455 deberetne*
817 1391 939 1458 ducem
964 1395 1062 1481 aequi
1081 1406 1116 1461 et
1135 1420 1232 1462 com-

87 1502 220 1547 munes
234 1479 402 1544 utilitates
425 1476 460 1541 in
478 1476 632 1541 mediam
656 1474 800 1563 offerre,
822 1478 1013 1544 mutatione
1029 1479 1231 1570 officiorum

88 1564 236 1644 dando,
258 1562 482 1649 accipiendo,
506 1572 580 1625 turn
601 1563 750 1639 artibus,
774 1571 848 1626 tum
871 1586 997 1651 opera,
1020 1576 1095 1631 tum
1107 1564 1232 1657 facul-

90 1651 229 1718 tatibus
241 1649 414 1715 devincire
427 1646 607 1711 hominum
621 1648 711 1711 inter
724 1648 881 1712 hanzines
895 1651 1103 1732 societatem.
1146 1656 1233 1719 Mar-

92 1762 149 1805 cus
161 1738 335 1825 Imperator
347 1738 424 1799 libro
442 1734 491 1798 Vl
510 1735 586 1817 [imo
600 1734 672 1814 VH,
683 1734 709 1817 ξ.
724 1735 776 1815 55]
801 1749 917 1799 caetera
939 1739 1082 1802 animalia
1098 1742 1233 1804 rationa-

89 1827 172 1889 lium
189 1844 297 1887 caussa
317 1842 385 1885 esse
400 1832 521 1907 parata:
544 1831 579 1881 ut
599 1841 721 1905 semper
736 1820 769 1881 in
791 1823 934 1886 omnibus
953 1826 1061 1905 rebus,
1084 1824 1234 1889 deteriora

90 1910 223 1998 propter
239 1908 470 1995 praestantiora,
491 1906 607 1967 ratione
623 1928 697 1969 vero
718 1905 853 1990 praedita
871 1908 1013 1971 animalia
1035 1909 1074 1971 ad
1093 1923 1234 1973 mutuam

93 2016 212 2083 opem:
234 1989 489 2058 κατεσκεύασται
498 1986 539 2053 eoi
552 1988 611 2073 pir
625 1985 725 2055 λοιπὰ
739 1993 807 2054 τῶν
817 1994 961 2075 λογικῶν
974 1990 1093 2076 ἕνεκεν,
1117 1992 1282 2076 eloacam

90 2082 151 2147 καὶ
165 2076 222 2144 ἐπὶ
238 2073 362 2153 παντὸς
380 2074 483 2140 ἄλλον
500 2072 542 2139 eoi
560 2076 657 2159 χείρω
680 2080 748 2140 τῶν
767 2073 967 2157 κρειττόνων
987 2075 1110 2157 ἕνεκεν,
1132 2079 1173 2145 τοὶ
1196 2080 1233 2148 di

90 2162 214 2250 λογικὰ
236 2153 387 2246 ἀλλήλων
411 2160 536 2225 irenen:
560 2174 591 2224 et
607 2162 692 2225 initio
710 2161 771 2227 IX.
794 2162 846 2242 [an
866 2162 906 2244 ΙΙ,
924 2163 950 2250 §.
969 2166 1012 2231 1?
1034 2167 1087 2230 ubi
1101 2164 1234 2231 Gataker

90 2254 227 2340 plurima
251 2254 316 2330 ejus
335 2250 501 2311 sententiae
519 2250 588 2309 loca
609 2270 649 2311 ex
668 2247 778 2310 Antan.
795 2247 914 2329 laudat,
936 2272 1032 2333 marg.
1046 2275 1077 2337 p.
1092 2255 1122 2333 9]
1143 2266 1234 2339 atque

91 2343 125 2402 in
147 2336 200 2400 xl
231 2334 270 2418 [ᾗ.
293 2336 344 2413 18]
369 2334 453 2395 idern
479 2335 604 2419 repetit,
639 2329 691 2398 ὅτι
717 2329 829 2397 ἕνεκεν
856 2330 1009 2417 ἀλλήλων
1032 2333 1234 2421 γεγόναμενε

91 2423 247 2511 principio
266 2432 368 2482 antem
386 2420 452 2480 libri
467 2420 562 2502 quinti
578 2421 664 2482 lacus
685 2431 730 2483 est
749 2421 1003 2501 elegantissimus,
1025 2445 1065 2485 ex
1086 2447 1145 2509 quo
1161 2447 1234 2488 usus

92 2508 251 2597 praecepti
267 2506 441 2584 intelligitur
454 2504 493 2565 ad
510 2505 592 2567 vitae
615 2504 881 2570 emendationem:
903 2508 991 2572 verbi
1013 2510 1106 2589 gratia
1119 2532 1236 2590 earum,

92 2597 163 2682 qui,
185 2606 221 2654 ut
239 2593 326 2653 initio
343 2590 459 2652 Satirae
481 2600 528 2652 est
546 2591 635 2668 hujus
656 2590 786 2671 dictum,
809 2592 904 2653 altum
921 2614 1014 2655 mane
1034 2592 1189 2657 dormiunt
1204 2608 1235 2659 et

93 2702 164 2745 sero
185 2679 345 2757 evigilant:
361 2671 532 2755 Ὅρθροο,
553 2676 665 2759 inquit,
688 2672 771 2740 ὅταν
788 2671 961 2754 duodevice
977 2676 1133 2765 ἐξεγείρῃ,
1155 2675 1236 2762 πρό·

93 2773 208 2851 perona
224 2762 316 2837 ἔστιν,
339 2758 392 2824 ὅτι
404 2755 659 2838 ἐπὶρῖνθροίπου
676 2758 776 2843 ἔργον
791 2758 971 2846 ἐγείρομαι·
993 2784 1025 2827 τι
1050 2763 1149 2845 [Gat.:
1173 2763 1231 2848 ἔτι]

97 2841 163 2918 οὖν
179 2844 397 2922 δυσκολαίνει,
420 2845 449 2908 εί
464 2844 650 2927 πορεύομαι
669 2842 721 2909 ἐπὶ
741 2842 779 2911 td
800 2851 909 2911 ποιεῖν
931 2837 979 2911 aiv
997 2842 1094 2914 ἕνεκα
1112 2848 1236 2933 γέγονα

96 2934 155 3003 καί
171 2924 220 3001 ὧν
233 2930 332 3016 χάριν
350 2933 520 3014 προῆγμαι
543 2931 588 3006 είς
600 2928 660 2995 τόν
679 2928 822 3015 adoptem
846 2936 999 3013 eleganter
1010 2935 1131 2998 Persius
1152 2932 1236 3023 qnid

97 3022 272 3098 victurus,
300 3020 360 3079 hoc
382 3030 428 3080 est
452 3019 484 3078 in
506 3018 568 3080 vita
589 3030 723 3095 acturus,
753 3020 823 3115 quia
850 3019 955 3082 virere
984 3041 1073 3099 agere
1100 3033 1162 3100 est,
1191 3024 1234 3085 ait

98 3109 236 3185 Plinius,
263 3108 297 3167 in
316 3103 533 3167 Consolatione
547 3101 689 3167 Batnai:
711 3124 849 3167 asariam
868 3100 956 3168 vivit
975 3127 1032 3191 pro
1052 3106 1126 3168 facit
1152 3128 1232 3193 quae

97 3196 176 3259 asini
199 3202 280 3256 sunt.
310 3206 315 3214 “

185 3282 237 3342 68.
262 3270 359 3338 Ordo
381 3271 468 3354 Quia
489 3269 616 3353 datus]
645 3272 718 3337 Non
738 3276 820 3337 male
841 3273 1043 3362 interpreteris
1064 3270 1103 3339 de
1126 3272 1234 3341 ordine

96 3365 150 3428 illo
166 3362 356 3439 admirabili,
379 3383 439 3445 spuo
452 3362 575 3438 majoris
590 3360 778 3446 minorisque
800 3360 909 3422 mundi
931 3362 1035 3447 opifex
1048 3383 1135 3425 suam
1147 3363 1235 3428 illam

94 3445 338 3515 πολυποίκιλον
351 3447 539 3531 sapientiam,
562 3446 740 3531 potentiam,
761 3446 993 3531 providentiam,
1017 3458 1047 3511 et
1059 3447 1133 3533 quid
1145 3451 1234 3516 non?

93 3538 126 3599 in
136 3556 241 3599 rerum
257 3531 381 3596 conditu
400 3530 598 3616 spectandam
615 3532 706 3594 nobis
727 3532 880 3612 exhibuit;
901 3534 985 3619 pleni
1004 3544 1075 3595 sunt
1093 3535 1234 3599 omnium

93 3624 267 3707 sapientum
289 3617 357 3680 libri
374 3618 522 3679 encomiis
545 3620 609 3696 ejus
630 3616 744 3680 ordinis
767 3615 899 3700 καὶτῆς
917 3614 953 3681 ἐν
972 3621 1020 3704 τῷ
1040 3612 1154 3702 κόσμῳ
1175 3614 1233 3683 ed-

92 3706 252 3789 κοσμίας,
284 3724 376 3787 quam
407 3713 509 3763 tamen
533 3723 627 3764 nenio
653 3704 826 3766 rnortalimn
856 3703 1003 3789 percipiet
1034 3725 1168 3788 unquam
1193 3703 1235 3769 ad

92 3795 237 3880 plenum·
267 3786 330 3851 Sed
352 3789 449 3872 aptius
462 3799 553 3872 puto,
575 3799 609 3849 ut
631 3790 783 3873 capiamus
801 3786 840 3850 de
858 3785 939 3850 satoi
961 3810 1034 3851 narn
1056 3789 1097 3850 ita
1118 3791 1234 3874 passim

95 3876 180 3941 ordo
202 3886 255 3939 aut
280 3894 398 3935 rerum
424 3870 506 3934 ordo
530 3884 576 3935 est
593 3876 705 3935 fatum:
731 3872 849 3937 Seneca
871 3874 903 3935 in
924 3875 1002 3936 libro
1017 3872 1120 3954 Quare
1140 3877 1230 3941 bonis

93 3966 168 4027 siris
189 3965 271 4024 mala
291 3958 428 4021 accidant
444 3958 539 4039 [e.5]:
564 3954 697 4021 Caussa
712 3960 843 4043 pendet
865 3981 906 4021 ex
928 3980 1072 4037 cauasa3
1091 3957 1234 4045 privata

96 4048 182 4130 [edd.
197 4047 284 4109 add:
308 4044 361 4123 oc]
385 4042 529 4126 publica
556 4039 678 4126 longus
702 4042 786 4106 ordo
808 4064 924 4106 rerum
943 4042 1060 4111 traicit
1104 4045 1234 4109 Natura-

95 4138 173 4197 lium
191 4135 269 4195 lilno
283 4128 315 4192 ΙΙ
333 4130 369 4207 [c.
384 4130 455 4208 35]:
489 4126 548 4191 Sic
566 4127 721 4192 ordinem
737 4125 941 4277 νινιιπιᾶζολί
962 4141 1103 4194 aeterna
1128 4132 1235 4193 series

97 4228 200 4293 rotat,
227 4214 325 4299 enjru
338 4213 424 4277 Ιιαει·
434 4213 556 4298 prima
571 4214 627 4277 lex
643 4224 710 4291 est,
734 4228 829 4279 ctare
888 4226 1000 4292 cret03
1022 4240 1097 4279 nrox
1112 4216 1147 4293 [c.
1162 4216 1234 4295 38]:

101 4305 136 4369 ia
151 4302 216 4368 illo
232 4300 312 4390 jati
326 4296 456 4377 ordine,
479 4322 545 4386 quo
557 4299 808 4387 patrimonium
831 4299 889 4364 illi
897 4299 1036 4389 grande
1051 4298 1237 4386 promitti-

102 4402 175 4463 tur,
198 4388 264 4453 ltoc
282 4406 415 4473 quoque
434 4385 593 4470 protinus
601 4384 729 4539 patum
752 4397 818 4467 cst,
850 4396 889 4450 ut
910 4388 1072 4475 naviget:
1093 4389 1145 4449 ubi
1159 4381 1236 4468 fati

104 4472 186 4539 ordo
199 4486 247 4539 est
255 4474 307 4536 illa
320 4466 479 4553 ἐπιπλοκὴ
496 4472 566 4539 τοῖν
579 4496 600 4538 α
613 4472 703 4553 τίων,
724 4495 817 4560 quam
831 4470 940 4537 Graeci
951 4472 1047 4536 Stoici
1063 4475 1286 4560 appellantem

145 4554 490 4618 enumerantem.
927 4562 976 4624 m
