2700 4972
173 344 216 407 :s
449 350 452 359 ’
520 282 949 415 'lonusaraam's

156 510 252 577 Cori.
270 511 394 598 piarit3
419 511 521 599 ltlem²
542 513 603 578 nisi
619 516 723 597 fallor,
743 508 812 596 legi
823 514 856 578 in
876 515 1088 603 antiquissima·
1104 512 1319 605 Expositiont'

174 598 290 665 Donati
311 597 448 663 Gramm.
469 599 557 665 Sacc.
583 599 628 665 X.
650 599 867 684 batesses]
1073 594 1079 609 ⁸
1314 634 1317 645 ·
1339 612 1344 619 ‘

259 686 309 749 59.
339 681 418 751 Nec
440 706 564 748 manua
584 685 766 750 auriculas
785 685 925 750 imitata
948 692 998 750 est
1021 682 1160 751 nubilis
1184 684 1296 772 albu]
1334 759 1338 770 p

170 769 253 835 Alter
264 771 315 832 hic
329 793 444 839 sannae
456 771 585 853 modus:
608 794 684 858 quos
706 775 790 836 enim
811 796 879 837 esse
902 773 1004 836 asinos
1029 773 1202 854 significem
1219 778 1298 840 vole·
1334 774 1344 853 j.

171 858 255 935 bant,
283 858 424 944 opposito
437 859 625 944 temporibus
639 861 750 946 pollice
771 871 802 922 et
823 881 917 922 manu
938 870 1094 922 commota
1115 880 1244 923 sannam
1260 864 1298 927 eit

170 942 336 1004 faciebant:
358 944 441 1007 ratio
460 955 564 1006 autem
586 957 649 1024 est,
680 947 750 1031 quia
771 948 854 1008 solus
868 950 933 1008 sere
949 966 987 1007 ex
1009 945 1193 1009 animalibus
1210 947 1297 1011 homo
1342 986 1344 991 ·

171 1016 538 1115 iuresanatura-accepit
549 1031 740 1110 immobiles,
762 1033 864 1095 asinus
879 1041 981 1092 contra
1003 1030 1141 1093 maxime
1160 1034 1298 1097 mobiles:

50 1174 53 1183 ,
170 1114 243 1175 huic
260 1135 374 1177 sannae
395 1115 488 1177 affine
503 1127 564 1192 est,
585 1116 670 1201 quod
692 1115 731 1178 ad
744 1129 932 1179 contemtum
953 1116 998 1181 rei
1012 1117 1138 1196 alicujus
1151 1115 1298 1180 declaran-

170 1201 247 1264 dum
261 1211 351 1285 caput
368 1203 553 1279 movebant,
572 1204 641 1286 quia
655 1205 741 1265 aliter
754 1224 841 1266 aures
862 1225 924 1266 non
948 1212 1105 1288 poterant:
1122 1201 1203 1266 ideo
1216 1204 1298 1267 etiam
1338 1277 1344 1287 1

172 1287 273 1353 σείειν
286 1282 327 1349 ui
342 1276 411 1350 ὦτα
426 1284 459 1349 id
474 1285 624 1350 dicebant.
668 1286 802 1352 Galenus
819 1288 869 1352 De
885 1287 1053 1351 differentia
1069 1291 1218 1375 pulsuum
1229 1290 1298 1352 libro

171 1370 326 1438 secundo:
347 1367 401 1436 tat
418 1367 550 1448 τούτοις
570 1367 589 1437 ὁ
606 1369 714 1455 γέρων
732 1369 842 1456 ὥσπερ
858 1369 938 1450 ὅνος
959 1369 1062 1436 ἔσειον
1079 1369 1145 1457 ἤδη
1169 1369 1212 1439 τὰ
1230 1364 1299 1440 elsa·
1340 1386 1344 1404 ²

172 1455 316 1540 [Attea
337 1459 623 1608 „villispalbentibus
642 1461 813 1546 impletas‚“
832 1460 928 1527 Ovid.
942 1458 1070 1523 Metam.
1086 1458 1149 1536 xl,
1169 1465 1247 1542 176,
1265 1459 1299 1525 tls

192 1545 414 1608 uobenee't
456 1548 476 1607 l.
1183 1570 1187 1579 ·
1241 1558 1270 1593 -'
1340 1556 1344 1569 “

171 1567 192 1631 q
258 1624 337 1695 Nec
352 1544 499 1710 rriirausl]
522 1627 735 1716 Supplendum
746 1631 807 1694 sic:
829 1644 859 1695 et
876 1631 916 1695 ad
928 1653 1021 1718 quem
1035 1629 1227 1695 uadendum
1238 1633 1300 1695 nul-

171 1715 230 1779 lius
244 1737 354 1778 manus
371 1717 488 1779 imitata
510 1728 556 1778 est
575 1719 722 1781 amiculas
744 1718 828 1781 asini.
851 1718 934 1800 [Non
953 1722 1052 1804 placet
1070 1720 1149 1781 haec
1162 1714 1300 1801 jungendi

171 1802 248 1864 ratio
258 1802 390 1881 Flamin,
411 1803 593 1888 praeferenti
606 1801 694 1867 Gens.
708 1804 775 1867 Jen.
788 1806 971 1867 sententiam
988 1806 1031 1866 ita
1044 1806 1139 1868 verba
1151 1804 1301 1867 suuentiu

172 1907 235 1950 aec
260 1907 383 1951 manus
403 1889 512 1973 pinsit,
540 1885 677 1951 mobilis
694 1888 829 1952 imitari
846 1891 878 1969 (i.
896 1912 923 1954 e.
941 1889 981 1952 ad
996 1888 1180 1972 imitandas;
1201 1889 1301 1953 lectio·

171 1995 246 2036 nem
265 1986 369 2036 autem
388 1971 524 2037 imitari
540 1973 605 2037 Nic.
627 1976 773 2038 Heinsius
794 1977 825 2039 in
851 1977 979 2060 antiquis
1000 1974 1178 2039 Leidensib.
1200 1996 1237 2040 se
1255 1975 1301 2037 in-

170 2060 296 2123 venisse
315 2055 430 2143 narrat)
457 2057 636 2121 auriculas
659 2058 768 2124 albas.
817 2060 881 2124 Sed
901 2065 981 2125 bene
1004 2073 1105 2124 tuetur
1128 2063 1215 2143 vulg.
1238 2062 1300 2124 lect.

58 2186 61 2191 -
173 2142 274 2209 codd.
296 2157 464 2207 ceterorum
485 2156 515 2206 et
538 2143 607 2209 edd.
630 2143 773 2210 Weber.
791 2169 823 2233 p.
836 2152 888 2212 31.
910 2146 1025 2211 docens
1046 2149 1165 2210 erelat.
1183 2166 1300 2233 praece-

172 2227 265 2294 dente
280 2250 381 2317 quem
396 2228 580 2293 eliciendum
592 2253 659 2295 esse
673 2230 764 2297 cuii.
777 2255 804 2299 e.
828 2233 861 2293 in
876 2236 959 2312 cujus
981 2234 1223 2309 contumeliam]

259 2323 309 2384 60.
333 2312 413 2380 Nec
432 2313 592 2404 linguae,
616 2326 780 2403 quantum
803 2316 902 2380 sitiat
922 2317 1020 2381 cauis
1037 2316 1203 2404 Appula,
1225 2327 1301 2382 raa·

173 2401 257 2484 toa]
283 2401 404 2469 Tertius
425 2423 540 2465 sannae
563 2405 676 2467 modus
702 2405 838 2486 linguam
860 2417 994 2468 exertam
1020 2404 1060 2467 ad
1089 2405 1302 2469 contumeliam
1335 2466 1339 2471 .

123 2491 323 2577 loalalicujus:
344 2510 414 2551 mos
439 2488 678 2568 vetustissimus,
711 2503 744 2552 ut
764 2503 889 2578 apparet
908 2513 948 2554 ex
973 2490 1099 2554 historia
1115 2491 1199 2555 illius
1218 2487 1300 2569 Galli,
1339 2526 1344 2571 t

172 2572 626 2727 stastatuta:
644 2579 806 2740 ”aaa
825 2574 1301 2728 :ratusratus

170 2747 477 2828 ravennana
501 2745 563 2811 aa.
578 2685 687 2812 aelia.
700 2747 742 2828 11,
756 2712 823 2830 aa?
839 2746 917 2811 oea.
936 2746 1059 2828 xum,
1074 2747 1127 2811 at
1147 2710 1228 2830 ris
1244 2708 1301 2811 ni

65 2902 68 2915 ¹
172 2837 254 2898 rufio
276 2846 378 2897 autem
401 2832 539 2896 similiter
562 2834 748 2920 supplenda,
771 2847 804 2896 ut
822 2835 963 2920 proximo
980 2855 1085 2898 versu:
1110 2845 1141 2896 et
1161 2837 1248 2915 cujus
1264 2836 1301 2897 ir·

169 2918 290 2984 ridendi
302 2939 408 2984 caussa
420 2940 513 2983 nemo
527 2919 662 3000 linguam
677 2921 802 2983 exemit.
844 2920 945 2983 Nemo
960 2920 1069 3005 estqui
1081 2919 1203 3000 ignoret
1215 2940 1302 2982 canes

169 3010 287 3087 fessos,
310 3028 381 3068 cum
399 3027 454 3090 per
468 3017 586 3068 aestum
599 3005 660 3068 elici
681 3018 815 3085 canunt,
836 3007 943 3070 solitos
960 3007 1096 3086 linguam
1119 3027 1159 3067 ex
1177 3026 1232 3069 ore
1251 3024 1302 3092 pa-

169 3095 234 3155 tulo
253 3093 415 3180 projicere:
446 3089 543 3154 sitiat
569 3113 737 3177 praegnans
760 3105 795 3155 ut
815 3102 928 3156 vocant
948 3094 1094 3170 verbum,
1122 3112 1182 3176 pro
1202 3091 1302 3155 sitient

169 3190 305 3266 promat,
335 3189 369 3239 ut
396 3178 538 3256 oscitat,
574 3177 671 3240 Satira
697 3180 782 3240 tertia
803 3177 883 3257 [59],
911 3200 967 3262 pro
992 3176 1150 3241 oscitando
1174 3188 1302 3258 eructau

171 3263 301 3327 esurire
322 3262 404 3348 apud
416 3262 455 3327 Β.
468 3262 655 3350 Cyprianum
667 3286 722 3349 pro
742 3264 833 3327 cderc
847 3285 934 3326 more
948 3263 1160 3342 esurientium,
1182 3264 1216 3325 in
1228 3265 1301 3326 libro

170 3349 221 3412 De
236 3350 427 3435 spectaculis:
446 3348 567 3434 prima
580 3348 726 3413 victoria
738 3359 789 3412 est
800 3348 895 3412 ultra
909 3347 1053 3411 modum
1064 3345 1212 3421 humaui
1226 3368 1303 3414 νον·

125 3454 128 3459 ·
170 3432 236 3498 tris
251 3431 377 3497 esurire
389 3432 544 3518 potuisse
561 3456 664 3522 snper
679 3432 780 3499 titulo
798 3456 963 3498 coronae:
985 3436 1117 3522 loquitm
1131 3437 1219 3498 enim
1232 3431 1303 3519 arpi

170 3522 229 3606 τῆς
251 3514 540 3603 ἆναγκαιοφοιγίοις
557 3533 698 3584 veterum
717 3524 906 3584 athletarum.

256 3604 362 3670 Garris
379 3602 550 3692 Appula]
570 3606 596 3669 A
618 3608 679 3668 ulia
697 3607 817 3672 fervida
835 3619 881 3670 est
893 3606 993 3687 regio,
1011 3616 1059 3684 et,
1081 3616 1115 3667 ut
1129 3618 1224 3671 vocat
1237 3606 1302 3669 Ηο-

168 3690 274 3772 ratius,
299 3692 452 3756 siticulosa
475 3691 567 3773 [adde
585 3629 658 3770 llll:
681 3714 745 3754 non
765 3694 825 3756 soli
847 3705 950 3756 autem
968 3713 1058 3754 canes
1075 3692 1214 3773 linguam
1231 3714 1303 3781 pro·

55 3848 58 3853 ¹
167 3778 272 3856 jiciunt
283 3779 427 3842 sitientes.
468 3778 598 3842 Nonnus
625 3779 701 3840 libro
715 3777 765 3840 XI
789 3778 864 3857 [157
879 3782 935 3864 sq.]
958 3777 998 3841 de
1012 3791 1115 3840 tauro:

326 3912 328 3919 .
419 3860 476 3927 καί
491 3867 663 3947 γλῶσσαν,
686 3858 741 3944 ἑῆς
761 3858 965 3947 taratauc
987 3863 1094 3947 δίψης,

256 3945 407 4012 Χείλεσιν
430 3947 633 4032 οίγομίνοισι
652 3950 851 4032 προίσχανεν
873 3944 1091 4031 ἀνθερεῶνος.

223 4055 225 4059 ·
258 4031 416 4114 Tantae]
438 4035 509 4099 Non
524 4038 609 4099 aliter
621 4039 833 4099 membranae:
852 4049 924 4122 puta
945 4048 1049 4099 tamen
1061 4035 1219 4122 scripsisse
1230 4035 1303 4099 Per-

167 4118 248 4183 sium
268 4125 425 4181 taatum:
445 4143 524 4207 quae
544 4123 633 4185 lectio
648 4133 679 4186 et
697 4122 863 4202 elegantior
880 4126 971 4203 longe
987 4134 1034 4185 cst
1052 4134 1083 4185 et
1102 4124 1240 4207 planior:
1260 4121 1303 4183 sic

40 4206 45 4221 '
167 4217 271 4268 autem
286 4217 317 4268 et
330 4204 455 4295 qiidam
467 4206 541 4270 editi
553 4212 727 4295 praeferunt
749 4208 854 4286 [etiam
868 4207 967 4272 Codd.
978 4208 1062 4289 Tig,
1083 4208 1169 4288 Vin,
1197 4205 1302 4285 Gora,

166 4296 187 4356 2
200 4291 318 4371 Mona,
337 4291 357 4354 5
369 4292 494 4372 Havn.].

250 4379 301 4443 61.
336 4370 378 4440 V
373 4398 410 4438 os
431 4397 450 4439 o
472 4375 644 4463 patricius
663 4374 825 4463 actiguis,
847 4386 889 4464 q.]
918 4375 954 4444 In
975 4380 1032 4442 hac
1049 4378 1195 4465 particula
1216 4389 1304 4466 post-

75 4528 78 4533 .
165 4482 250 4527 mma
266 4460 420 4528 secundae
439 4463 538 4550 partis¹
550 4462 584 4527 id
602 4466 664 4547 agit
681 4465 788 4550 polita,
810 4476 857 4543 ut,
879 4466 907 4529 si
925 4476 1057 4551 nequeat
1072 4465 1186 4545 vtilgtts
1197 4463 1302 4551 populi
