2700 4972
397 247 458 314 an
487 248 660 317 pensu
686 250 912 347 sennan
940 252 979 320 v.
1201 262 1267 326 aa

127 416 252 506 copiti,
345 427 443 484 tenua
456 418 644 488 rationeet
657 420 900 512 intelligentia.
944 424 1066 489 Scelere
1079 438 1110 490 et
1129 428 1267 509 graviora

129 516 275 593 peecata·
293 527 365 587 eges
379 504 550 597 tindioant;
572 528 682 593 parte,
703 530 782 596 quae
802 511 1004 596 appellatione
1017 532 1151 575 mortem
1166 515 1267 577 Latini

75 632 78 641 ·
108 593 294 679 ,scriptores
314 613 407 678 saepe
426 594 611 674 intelligunt,
633 616 774 658 censores
789 606 910 674 notant,
932 599 1110 684 philosophi
1126 612 1266 686 carpunt:

126 678 263 742 tri-vero
282 678 376 741 etiam
394 679 598 741 minutissima
616 683 776 761 objurgant
798 703 856 743 nec
877 684 994 760 ferunt,
1025 686 1127 769 utique
1151 684 1256 764 Stoici,
1264 691 1315 748 421

104 766 264 850 “quorum
283 762 396 845 dogma
416 775 463 826 est
478 776 601 865 peccata
625 768 728 828 omnia
751 787 819 829 esse
840 770 978 853 aqualia
999 780 1029 831 et
1050 771 1110 832 sibi
1130 771 1266 835 invicem

126 849 336 912 cohaerentia.
376 847 458 913 Cum
476 850 568 930 tgitur
595 853 633 913 ab
662 853 748 939 omini
769 864 895 936 peccato
925 855 1076 918 abstinere
1098 852 1265 936 debeatis,

126 936 185 1020 qui
204 955 279 999 tere
293 937 412 998 futurus
434 946 481 998 est
501 936 591 1014 liber,
612 940 677 1015 jure
690 937 811 1001 Persius
832 932 1062 1019 norinam·justi
1080 952 1132 1003 aut
1149 942 1280 1021 injusti,¹

128 1020 254 1084 honesti
267 1031 319 1083 aut
328 1020 484 1084 inhonesti
499 1032 590 1101 negat
605 1042 623 1083 a
635 1035 774 1107 praetore
788 1023 970 1110 petendam:
993 1029 1077 1105 cujus
1092 1037 1140 1090 est
1151 1048 1264 1091 munus

127 1108 215 1187 leges
228 1126 378 1186 marceto,
398 1126 501 1168 mores
519 1107 675 1187 corrigere.
1077 1146 1080 1153 ·
1231 1134 1235 1141 ·

215 1186 300 1256 Non
344 1188 491 1254 rectoris
513 1200 601 1263 erat,
1010 1242 1019 1261 ,
1178 1222 1181 1229 ·
1232 1250 1235 1255 .

124 1278 260 1443 ”ppffi
279 1298 294 1339 s
356 1277 544 1365 philosophi.
589 1275 744 1356 [sacua
771 1280 850 1343 haec
869 1278 1004 1344 tumet.
1025 1266 1111 1345 tta-‚¹
1135 1278 1261 1363 xx,1
1296 1292 1308 1317 ··

121 1383 179 1517 ,Ὗ
206 1443 366 1528 Suettio]
387 1444 451 1526 iis,
466 1453 547 1533 qnos
561 1448 761 1527 manumittit,
781 1451 833 1513 vel
846 1450 958 1535 quibus
969 1450 1181 1539 ,teges-:ponite
1194 1472 1264 1519 -rox

125 1530 250 1597 Stoicae
278 1552 352 1595 nam
374 1532 407 1594 in
425 1533 484 1594 hac
507 1544 589 1596 secta
609 1534 691 1596 stulti
718 1556 829 1597 omnes
848 1546 968 1620 praeter
991 1537 1179 1623 sapientem,
1204 1559 1263 1605 nec

125 1619 230 1685 solum
270 1613 368 1699 apoi,
389 1617 446 1680 sed
469 1618 561 1680 eham
580 1614 784 1701 μαινόμενοι,

247 1700 352 1767 cnuth
364 1723 481 1766 rernm
491 1698 577 1793 Off]
593 1703 715 1767 Scelera
727 1717 759 1767 et
771 1709 888 1785 majora
907 1704 1020 1786 flagitia
1039 1717 1144 1771 vetant
1157 1708 1261 1789 legent

123 1780 251 1875 officio
265 1804 391 1867 rerum,
405 1787 494 1852 idest
507 1789 657 1852 servanda
670 1792 703 1853 in
717 1794 809 1855 rebus
822 1791 957 1872 agendis,
971 1813 1037 1853 non
1050 1791 1162 1856 docent
1176 1796 1261 1874 logos
1297 1826 1310 1849 κ

106 1874 186 1939 'nisi
204 1875 407 1958 nnqvpeooic
426 1884 458 1937 et
477 1872 713 1957 στοιχειωὸὠςε
742 1878 922 1962 philosophi
946 1890 1022 1941 veto
1046 1891 1185 1942 accurate
1207 1900 1263 1940 ex-

123 1961 239 2046 plicant
252 1982 329 2047 quae
343 1959 417 2024 boni
432 1959 732 2047 animositati
749 1963 834 2024 omni
844 1984 887 2041 re,
910 1962 1002 2024 etiam
1014 1963 1158 2028 minima:
1180 1975 1261 2049 puta,

123 2047 219 2127 nau,
240 2047 363 2123 vestitu,
383 2045 504 2108 incesso
518 2044 644 2131 aliisque
656 2047 749 2109 etiam
764 2048 994 2110 minutioribus:
1016 2051 1099 2111 nulla
1116 2054 1199 2113 enim
1215 2059 1270 2112 est

122 2152 195 2219 pars
211 2130 443 2219 philosophiae,
472 2151 551 2216 quae
568 2133 658 2195 latius
675 2144 777 2217 pateat
798 2143 850 2194 aut
871 2131 1088 2214 λεπτολογῶν
1111 2138 1262 2213 majorem

94 2216 278 2298 ‘'udrmttat,
299 2236 392 2313 quam
408 2218 494 2279 locus
514 2215 554 2278 de
572 2218 700 2297 officiis3
727 2216 767 2280 de
781 2219 830 2283 hia
850 2216 968 2280 Seneca
987 2220 1117 2304 epistola
1132 2219 1259 2283 XCIV:

127 2304 264 2373 Tenues
280 2296 503 2449 differentias
521 2296 650 2364 babent
668 2315 827 2389 praecepta
845 2305 989 2383 moralia,
1012 2324 1100 2389 quat
1114 2304 1260 2392 exigunt

123 2398 299 2475 tempora,
334 2406 412 2466 oca,
432 2406 611 2473 perronae.
934 2438 936 2443 .
1111 2444 1115 2449 .
1311 2442 1314 2447 .

207 2476 261 2541 et
292 2471 411 2559 Atque
434 2492 536 2536 naum
555 2468 703 2559 rapidae
720 2469 1070 2556 permitterentne]
1103 2472 1181 2539 Non·
1196 2485 1260 2537 erat

121 2560 271 2649 praetoris
298 2559 428 2623 liberum
449 2570 484 2621 te
509 2561 705 2645 pronuntiare
723 2569 757 2631 et
777 2559 834 2621 tibi
856 2560 1032 2646 permittere
1058 2563 1160 2623 tacete
1200 2580 1260 2623 uae

120 2648 237 2711 velles:
257 2646 320 2708 hoc
338 2644 423 2707 enim
442 2655 508 2707 tam
527 2645 647 2725 insigne
666 2644 851 2709 beneficium
868 2667 933 2709 non
954 2646 1102 2731 praetoris
1124 2582 1259 2711 vinitore

121 2736 259 2813 cuntot,
282 2728 340 2795 sed
360 2729 508 2793 institutio
535 2742 618 2793 reeta
640 2729 722 2816 apud
742 2730 974 2818 philosophum.
1022 2729 1079 2795 Ille
1097 2743 1260 2816 postquam

120 2818 283 2881 affectibus
295 2824 328 2879 te
339 2814 480 2881 liberarit
493 2835 625 2900 eumque
638 2817 782 2893 effecerit,
803 2816 856 2901 qui
867 2817 944 2878 nihil
955 2815 1049 2895 velis,
1071 2816 1149 2879 nihtt
1161 2828 1259 2902 optes,

119 2898 198 2967 nihil
209 2913 339 2979 metuas,
351 2900 411 2964 nisi
422 2899 506 2985 quod
519 2901 601 2963 ratio·
608 2902 754 2965 suaserit:
773 2902 836 2978 ille,
851 2902 1103 2986 inquom,merito
1116 2902 1248 2966 liberum
1257 2917 1309 2974 422

120 3000 153 3053 te
170 2987 380 3077 pronuntiabit
399 2997 430 3049 et
443 2985 525 3050 vitae
538 2997 609 3049 tuae
621 2987 776 3051 arbitrium
795 2986 851 3049 tibi
868 2987 1029 3073 permittet

98 3088 102 3101 '
208 3075 260 3140 95.
282 3067 616 3140 sambucam10itiua
638 3069 754 3135 caloni
765 3068 943 3155 aptaveris
957 3069 1057 3151 ulto]
1080 3069 1152 3136 Non
1164 3093 1257 3158 posse

120 3160 204 3240 fieti,
224 3168 259 3221 ut
280 3157 408 3221 Praetor
433 3166 530 3221 artem
549 3159 632 3223 vitae
651 3157 749 3220 undat
771 3167 803 3218 et
827 3178 900 3220 vera
922 3158 1061 3220 libertato
1082 3178 1256 3242 quenquam

119 3244 232 3325 donet,
258 3244 363 3307 multis
385 3244 534 3329 exemplis
563 3242 654 3307 docet
677 3245 861 3330 probatque:
889 3264 1020 3327 quomm
1043 3243 1105 3304 hoc
1121 3244 1256 3328 primum

116 3342 175 3396 est.
226 3328 313 3394 Sicut
335 3331 462 3392 stultum
486 3330 576 3391 tuerit
597 3351 617 3392 a
641 3332 748 3392 calone
767 3329 835 3392 sive
864 3330 966 3391 cacula
992 3327 1098 3392 militis
1120 3329 1255 3408 alicujus,
1330 3348 1334 3359 ·

118 3415 249 3480 homine
261 3415 403 3478 omnium
414 3436 514 3476 renum
529 3414 598 3477 rudi
611 3427 702 3501 atque
717 3414 878 3499 impetito,
898 3416 980 3477 vello
999 3414 1135 3494 exigere,
1156 3426 1190 3475 ut
1207 3416 1256 3475 in-

117 3513 286 3568 ammenta
297 3500 415 3563 musica
428 3500 559 3563 scienter
574 3510 692 3580 haum,
709 3511 859 3584 tanquam
872 3501 978 3584 aliquis
999 3497 1191 3563 citharoedus
1204 3502 1255 3564 vel

119 3587 284 3652 auloedut:
303 3587 349 3651 sic
363 3586 504 3673 ineptum
520 3597 569 3649 est
586 3587 758 3649 aPraetore
772 3596 869 3648 artem
883 3587 963 3650 vitae
978 3595 1031 3647 aut
1045 3606 1150 3649 veram
1163 3586 1255 3647 tiber-

108 3687 213 3739 ·tatem
234 3676 406 3760 expectare.
452 3668 558 3751 Quam
585 3694 641 3736 nos
668 3668 835 3756 harpam,
864 3671 951 3757 quasi
975 3664 1102 3753 ἅρπην,
1133 3683 1255 3756 propter

117 3761 254 3846 aliquam
270 3756 382 3829 veteris
404 3758 524 3820 formae
541 3757 774 3820 similitudinem
796 3755 944 3835 dicimus,
971 3752 1084 3821 Graeci
1107 3768 1138 3818 et
1154 3757 1254 3818 Latini

117 3842 340 3923 tambucam,
368 3862 447 3908 voce
467 3828 592 3925 Syriaca
625 3845 676 3925 [v.
692 3843 821 3907 Gasaub.
850 3840 892 3909 ad
914 3838 1098 3907 Suet.-·Ner.
1124 3846 1183 3921 27,
1213 3845 1252 3905 al.

117 3955 165 4021 ap.
188 3929 305 3995 Heind.
325 3928 365 3992 ad
382 3926 492 3991 Horat·
515 3926 578 3993 Sat.
597 3928 623 4009 l,
644 3935 675 4008 2,
697 3937 724 3993 1.
746 3938 777 3990 et
790 3926 889 3990 Pium.
910 3928 943 3991 h.
962 3926 1012 4007 t];
1038 3937 1135 3990 estet
1159 3949 1255 4008 genus

115 4019 280 4083 machinae
305 4014 534 4102 poliorceticae5
569 4036 627 4078 nec
655 4017 737 4077 male
766 4012 805 4075 de
833 4033 870 4076 ea
898 4013 1066 4098 acceperis:
1101 4033 1175 4075 nam
1202 4013 1254 4074 illa

117 4104 261 4167 machina
298 4099 422 4179 majoris
457 4110 521 4161 erat
555 4100 700 4188 ponderis
736 4120 828 4185 qtram
864 4109 898 4161 ut
929 4119 1000 4160 eam
1035 4100 1132 4159 homo
1174 4119 1253 4161 unus

115 4188 313 4276 quantumvis
340 4184 459 4251 ualidus
487 4200 593 4272 posset
621 4188 772 4266 bajularet
798 4183 855 4248 sed
885 4187 969 4247 malo
997 4183 1132 4269 priorem
1159 4186 1253 4245 inter-

116 4274 337 4363 pretationem
365 4267 527 4334 calonem
555 4274 696 4337 dixemut
716 4270 821 4335 militis
845 4272 997 4339 famulum
1024 4265 1140 4332 Graeca
1164 4290 1252 4346 voce,

117 4362 189 4449 quia
207 4352 313 4438 κάλα,
336 4355 369 4420 id
392 4366 439 4421 est
459 4356 557 4440 ligna,
584 4361 660 4425 hero
681 4359 863 4442 procurabat
879 4368 911 4420 et
933 4366 1050 4419 caetera
1068 4356 1252 4434 necessaria3
