2700 4972
108 271 178 335 νοο
252 358 255 362 ⁸
445 303 449 313 -
483 244 892 338 COMMENTARIUS

105 439 250 526 nequein
271 461 309 503 eo
325 459 435 607 parum
449 461 517 505 esse
538 439 704 522 momenti3
730 441 816 503 lucus
838 441 935 505 estin
954 441 1032 506 libro
1048 439 1123 522 VII,
1145 464 1233 529 quem

105 526 179 591 vide
205 524 253 608 [ᾗ.
281 530 348 592 13.
399 525 560 597 simillime
581 524 699 588 Seneca
731 526 860 612 epistola
882 526 991 592 XCV:
1022 523 1138 591 Omne
1163 528 1235 603 Ιιοο,

72 652 76 674 ι
107 609 199 696 qzrod
211 608 316 685 video,
340 630 406 697 quo
419 609 539 674 diuina
555 618 658 695 utque
672 606 825 673 lcumena
841 611 1113 691 concluserunt,
1133 631 1236 677 unum

71 768 74 773 ,
110 704 180 760 eat.-
202 694 359 759 membro
375 716 493 766 sumus
510 694 663 781 corporis
685 695 808 780 insigni
814 718 826 773 3
848 710 879 760 et
898 711 1033 778 caetera,
1055 720 1137 785 quae
1151 722 1238 787 supe-

103 783 167 846 rius
180 784 345 845 attulimus.
387 781 505 845 Similia
519 794 589 844 sunt
600 783 671 843 huic
679 780 852 844 Stoicorum
867 781 1037 863 doctrinae,
1061 806 1141 869 quae
1157 785 1239 849 docet

107 868 377 931 excellentissimus
390 867 510 954 philoso
532 867 877 948 liusllioseslliaimonis
889 870 968 930 filius
985 870 1062 932 libro
1078 872 1168 933 tertio
1179 870 1240 933 Do-

72 948 76 954 ’
108 953 200 1016 ctoris
221 948 384 1016 dubiorum
404 974 437 1015 ca
461 950 496 1016 .I
537 977 546 1032 ς
574 973 674 1037 neque
691 974 765 1014 vcro
790 974 887 1015 exea
909 956 1010 1016 sulum
1033 950 1238 1040 disputatione,

107 1037 164 1103 sed
178 1049 208 1101 et
223 1060 262 1139 οξ
273 1039 340 1101 aliis
351 1038 426 1101 locis
434 974 556 1102 Stoicae
564 1038 777 1125 philosophiae
791 1060 856 1101 non
867 1040 961 1103 fuisse
973 1041 1064 1103 illum
1073 1034 1240 1129 imperitum

109 1144 334 1206 cognoscimus.
405 1164 411 1176 ι
856 1200 859 1207 ,
1004 1194 1007 1198 ,

138 1234 141 1241 ·
186 1204 373 1287 -LocarusJ
402 1204 556 1279 Velut‘in
583 1206 712 1271 statione
734 1207 869 1294 positus,
900 1230 994 1297 quam
1023 1232 1131 1275 curare
1155 1210 1239 1275 debc-

12 1328 15 1333 ·
105 1312 177 1361 mtto
191 1292 255 1357 'nee
270 1292 415 1356 ‘deserere
434 1293 493 1355 nisi
511 1294 595 1371 jussu
615 1295 805 1379 imperatoris
819 1293 897 1374 Dei,
918 1298 1002 1361 varie
1019 1293 1133 1360 Graeci
1156 1296 1238 1361 Stoici

106 1380 169 1445 hoc
184 1388 412 1465 expresserunt,
433 1389 467 1439 ut
486 1379 652 1463 plurimum
672 1381 767 1442 verbo
786 1377 982 1451 edereedere
1005 1382 1093 1467 quod
1115 1385 1238 1447 verlriin

107 1484 180 1529 eam
199 1486 267 1529 rem
287 1464 422 1548 positum
443 1474 490 1524 est
518 1463 599 1548 apud
621 1463 781 1526 Platonem
802 1465 835 1525 in
856 1465 1005 1551 Apologia
1029 1467 1072 1553 [p.
1088 1472 1143 1531 28.
1160 1468 1198 1533 l).
1215 1488 1237 1531 1.

108 1548 138 1635 §.
157 1548 222 1629 16].
250 1549 421 1611 Antoninus
437 1548 490 1609 lib.
506 1548 558 1611 XI
573 1547 611 1631 [ξ.
630 1548 698 1629 13]:
716 1541 763 1613 ὀὐ
786 1545 862 1632 δέχῃ
878 1546 916 1614 τό
933 1554 998 1614 νῦν
1009 1556 1051 1656 τῇ
1072 1556 1143 1617 τῶν
1160 1550 1235 1617 ὅλον

100 1630 210 1720 φύσει
222 1629 389 1712 εὔκαιρον,
410 1625 591 1710 ἅνθρωπος
605 1629 800 1716 τεταγμένος
814 1632 895 1715 πρὸς
909 1630 945 1700 cd
963 1642 1123 1717 persollae
1145 1636 1233 1719 [Gats

22 1736 27 1747 “
93 1744 96 1749 ’
131 1718 273 1825 locatim]
289 1714 337 1785 δι’
351 1714 434 1785 ὅσον
449 1713 495 1800 dri
516 1715 554 1783 τὸ
574 1720 673 1803 κοινῇ
696 1715 883 1802 σνμφέρονς
902 1722 1044 1785 Arrianus
1064 1725 1120 1786 lib.
1134 1724 1159 1791 l.
1178 1744 1233 1809 cap.

106 1740 176 1895 ili:
201 1800 382 1889 οἶνασχοσθο
399 1800 604 1880 ἐνοικοῦντες
619 1798 744 1887 ταύτην
757 1800 880 1888 χώραν,
901 1806 948 1883 ἐἰς
960 1803 1004 1889 ἣν
1020 1803 1149 1887 ἐκεῖνος
1159 1802 1234 1893 ὑμᾶς

106 1888 244 1969 irrisor
271 1889 425 1953 interdum
447 1892 550 1955 verbis
571 1891 638 1954 aliis
660 1892 723 1953 usi:
755 1912 829 1953 nam
850 1895 888 1955 ab
915 1891 1025 1955 eadem
1049 1905 1156 1957 mente
1177 1906 1234 1959 sunt

104 1977 162 2041 illa
176 1974 258 2063 epod
272 1975 412 2039 Marcum
428 1974 631 2040 Antoninum:
654 1977 924 2059 συνπληροῦσθαι
946 1982 1016 2054 τοῖς
1029 1975 1196 2063 πράγμασι
1211 1990 1236 2041 et

5 2094 9 2101 ·
106 2059 368 2147 σννκλώθοσθαι
391 2058 438 2136 εἰς
455 2059 493 2126 ἓν
516 2064 623 2148 oripo:
651 2062 760 2148 quibus
788 2073 819 2125 et
840 2064 891 2126 lex
919 2062 1056 2129 satontm
1080 2068 1174 2129 simul
1192 2086 1237 2129 ex-

133 2148 261 2211 rimitur.
582 2168 585 2173 ’

59 2170 133 2294 298p
200 2238 252 2300 73.
280 2227 407 2299 Disce:
435 2252 498 2298 nec
523 2228 681 2299 invideas
703 2228 925 2320 quodmodo
944 2229 1073 2321 fidelia
1089 2229 1238 2321 putetlu

110 2317 176 2385 loc.
190 2323 235 2405 p.]
259 2319 362 2399 Disce,
377 2320 513 2405 inquam,
526 2318 699 2384 istiusmodi
715 2331 745 2381 et
759 2318 879 2382 decreta
893 2332 924 2383 et
939 2333 1101 2406 praecepta
1116 2318 1239 2408 philoso·

114 2407 216 2495 phiec,
239 2426 339 2491 neque
355 2426 409 2468 eus
421 2407 564 2482 imiteris,
587 2407 638 2490 qui
651 2426 809 2468 summum
823 2408 942 2469 bonum
956 2407 989 2467 in
1001 2406 1116 2470 divitiis
1127 2416 1240 2493 ponunt

179 2484 278 2555 'Nec
292 2487 473 2571 invideas]
496 2489 617 2554 Invidia
630 2502 676 2553 est
690 2490 795 2568 dolor,
818 2489 901 2573 quod
921 2493 998 2553 alius
1023 2495 1109 2555 bono
1132 2498 1241 2569 11οοῒοο,

88 2608 91 2613 >
112 2597 176 2664 quo
197 2574 338 2640 invidens
359 2587 455 2654 caret;
483 2578 544 2661 hoc
562 2578 628 2639 vult
645 2576 752 2661 poeta:
775 2577 840 2638 noli
862 2587 967 2661 putare
988 2598 1025 2638 ea
1050 2581 1150 2657 bona,
1177 2596 1243 2663 qnae

43 2734 46 2739 ,
112 2666 208 2743 vulgo
227 2672 309 2723 tanta
330 2662 524 2723 contentione
549 2672 744 2745 quaeruntur,
775 2682 843 2723 esse
866 2683 939 2725 vera
964 2665 1066 2726 bona:
1095 2664 1147 2726 illa
1167 2664 1243 2743 igitur

116 2768 158 2813 ne
179 2759 267 2833 optes
285 2766 385 2833 neque
406 2744 526 2826 doleas,
547 2749 574 2809 si
593 2747 715 2810 uberior
732 2747 822 2833 copia
840 2748 953 2810 horum
971 2751 1128 2812 bonorum
1147 2751 1196 2813 olii
1212 2750 1244 2813 sit

118 2830 407 2921 potiusquamtibi.
1060 2900 1065 2909 ,

47 2919 120 2994 (lolli
206 2917 257 2983 74.
270 2914 374 2997 Quod
384 2909 741 3002 multafideliaputet
753 2912 794 2979 In
810 2913 977 3001 locuplete
989 2939 1085 3003 penu
1099 2913 1241 3009 defensis

115 2999 305 3093 pinguibus
336 2996 497 3082 Umbria]
533 3002 582 3065 Ex
606 3005 750 3066 omnibus
774 3003 890 3066 civibus
908 3003 1057 3068 Romanis
1081 3008 1135 3090 qui
1155 3008 1243 3069 literas

118 3090 294 3166 didicerant,
311 3090 370 3151 soli
380 3093 445 3152 fere
462 3100 547 3152 erant
562 3100 706 3167 oratores,
724 3089 776 3173 qui
790 3110 857 3150 rem
870 3092 1020 3173 lacerent:
1042 3091 1160 3155 medici
1172 3092 1245 3155 enim

119 3173 228 3241 Graeci
257 3178 321 3237 fere
340 3186 444 3256 erant3
473 3194 564 3258 quare
587 3173 708 3249 Stoicus
728 3173 779 3235 hic
801 3172 964 3259 discipulos
993 3198 1067 3239 suos
1097 3181 1244 3263 alloquens

1 3311 3 3316 ,
117 3262 227 3327 merito
240 3281 258 3322 a
272 3259 509 3323 caussidiconnn
518 3260 713 3345 potissimum
727 3262 868 3345 exemplo
884 3282 937 3329 eos
954 3273 1081 3324 conatur
1096 3262 1243 3339 divertere,

118 3367 184 3412 non
197 3343 280 3431 quod
296 3346 521 3430 professionem
531 3346 615 3406 illam
630 3344 726 3407 Stoici
739 3343 932 3423 damnarent,
955 3345 1011 3408 sed
1031 3348 1103 3431 quia
1114 3349 1169 3411 illa
1182 3368 1246 3409 cun-

121 3429 324 3513 gerendarurn
347 3451 443 3516 opum
467 3426 595 3492 aviditas
622 3432 721 3492 aliena
749 3441 813 3492 erat
835 3431 1059 3517 philosophiae.
1116 3430 1248 3497 Fidelis

119 3538 176 3582 vas
196 3516 349 3579 marium
370 3526 435 3579 est:
464 3514 636 3578 caussidicis
658 3526 761 3578 autern
782 3517 889 3577 solitae
916 3514 1024 3579 donari
1046 3521 1176 3599 lagenae
1191 3518 1250 3581 vini

122 3614 154 3666 et
171 3602 354 3665 salsamenta
369 3610 460 3687 etque
473 3599 632 3679 ¹ejusmodi
653 3602 756 3663 tenuia
775 3602 970 3684 munuscula3
1000 3601 1159 3669 Juvenatis
1178 3602 1250 3687 [VlL

124 3692 221 3753 119³
263 3708 303 3751 .:
621 3738 624 3743 .
1189 3694 1194 3703 '

208 3684 418 3851 diiuncto
430 3765 614 3857 pretium?
635 3765 746 3832 siccus
762 3769 1014 3856 petasunculus
1037 3780 1071 3837 et
1091 3794 1155 3839 oar

207 3853 441 3953 Pelamydum
455 3862 518 3919 aul
530 3863 662 3919 veteres
678 3853 884 3918 ttaurorum
900 3855 1091 3942 epimenia,
1110 3856 1215 3939 tutti,

209 3938 284 4005 Aut
302 3962 420 4005 ornum
439 3938 558 4005 Tiberi
576 3939 770 4021 devectum,
793 3941 939 4028 quinque
961 3942 1133 4029 lagenae,-

124 4026 278 4109 ejusmodi
298 4038 367 4089 sunt
384 4030 578 4106 munuscula,
602 4049 731 4113 quorum
751 4030 891 4089 meminit
911 4030 980 4095 heic
997 4032 1139 4094 Persius:
1161 4030 1255 4095 fidelia

124 4115 198 4191 vini,
219 4114 314 4260 piper,
337 4133 450 4198 pernae
463 4125 493 4174 et
512 4136 581 4177 orca
596 4134 740 4191 maenae,
763 4118 846 4192 cujus
860 4114 922 4175 cibi
936 4136 1057 4177 sumina
1079 4130 1143 4179 crat
1155 4114 1256 4193 vilitas,

40 4248 43 4253 ,
125 4212 161 4262 ut
182 4219 222 4261 ex
269 4200 399 4259 tlrenaeo
419 4195 504 4276 [vlt
524 4220 548 4259 c.
566 4199 620 4279 92]
640 4210 671 4261 et
690 4198 798 4260 Lucilii
817 4200 954 4263 versibus
975 4200 1057 4286 apud
1077 4202 1214 4267 Nouium
1232 4213 1261 4263 ct

126 4282 327 4348 sccund0·De
341 4284 452 4345 finibus
466 4283 620 4373 Ciceronis
638 4285 699 4362 [28,
716 4281 743 4365 ξ.
760 4285 813 4363 91]
828 4296 960 4373 constat:
981 4287 1085 4371 itaque
1100 4287 1164 4353 duo
1178 4284 1260 4352 sirnu'

131 4372 200 4434 heic
220 4369 281 4451 agit
296 4369 431 4433 satiricus
444 4380 560 4432 noster:
581 4390 653 4433 nam
669 4380 699 4432 et
711 4380 910 4454 patronorum
922 4372 1082 4439 avaritiam
1099 4374 1134 4437 in
1149 4386 1252 4461 captm
