2700 4972
65 288 131 389 ἰω
208 330 214 345 ,
425 260 836 407 constructurus
873 272 881 281 ’

69 492 119 556 sic
141 511 203 554 nec
229 484 341 552 virtus
390 477 526 545 uidem:
559 474 663 553 babet
690 498 853 542 nummos
881 500 984 553 suos,·
1014 474 1128 564 plenu
1146 484 1198 541 cst.

69 580 159 645 Idem
173 574 299 665 epistola
313 566 375 635 Xe
414 590 423 629 z
444 587 511 629 nou
521 562 855 659 potestquisquam,
873 564 945 628 nisi
960 560 1007 627 ob
1022 562 1127 626 initio
1131 558 1200 649 jor·

72 672 186 729 motus
199 667 232 721 et
249 665 324 720 toto
342 651 477 719 ratione
498 657 718 734 compositus,
745 672 870 715 omnes.
889 649 1017 735 exequi
1040 668 1199 723 nmnuros,

73 762 111 814 ut
124 744 214 809 sciat
224 736 534 830 quottdo'opo'rtsat
547 743 584 799 ct
593 734 628 799 in
642 746 812 820 quantum
825 745 860 801 ct
873 758 952 801 oum
967 756 1035 824 quo
1054 746 1088 800 et
1097 755 1200 823 quesn

74 830 272 897 admodum.

162 916 235 982 124.
255 909 365 977 Liber
387 931 405 973 e
433 930 472 973 o.-
499 904 590 971 unde
611 903 736 969 dotum
756 905 820 971 boo
841 904 969 984 sumis,
1010 914 1066 969 tot
1087 900 1200 967 nattis

77 1001 209 1081 rebus]
241 998 365 1081 Transit
386 930 432 1059 ad
455 997 583 1057 alteram
603 993 753 1078 paradoxi
780 1005 914 1079 partem,
952 1004 986 1054 et
1010 1013 1123 1055 omnes
1142 992 1200 1055 sat

76 1104 125 1155 tos
145 1090 255 1175 probat
283 1104 352 1147 esso
375 1102 499 1159 servos,
519 1079 645 1158 sumis,
679 1083 811 1143 verbum
825 1076 1111 1227 philosophicum:
1134 1080 1200 1158 λαρ-

78 1171 193 1260 βάνειν
206 1166 269 1235 οὐκ
285 1158 544 1249 εὐπαραχιδυηια
559 1160 714 1246 λήμματα
730 1187 785 1229 eos
799 1164 941 1229 dicebant
993 1164 1074 1241 oici,
1087 1164 1136 1248 qui
1146 1182 1201 1248 pro

77 1259 280 1348 positionibus
304 1266 337 1315 ut
352 1252 504 1315 concessis
524 1253 702 1329 utebantur,
736 1272 812 1336 quas
827 1272 891 1313 non
908 1252 1111 1335 probassent:
1120 1244 1201 1415 [Γ

11 1345 257 1432 mammonas
273 1332 455 1421 λαμβάνειν
470 1331 506 1400 τὰ
524 1330 561 1401 ἐν
577 1328 679 1419 ἀρχῇ,
701 1334 797 1399 idest
816 1332 854 1401 cd
879 1330 1098 1419 ζητούμενον.
1160 1332 1200 1395 m·

79 1428 189 1505 Godd,
211 1426 368 1510 inquibus
383 1420 529 1509 perboni:
552 1421 676 1501 sentis,
710 1421 795 1506 quod
822 1432 906 1485 recte
930 1420 1012 1484 vidit
1032 1420 1084 1487 Pl.
1109 1440 1147 1483 ex
1159 1418 1199 1483 db

79 1514 199 1581 Horatii
212 1531 296 1575 esse:
325 1504 423 1571 Unde
440 1502 563 1569 datum
579 1504 713 1569 sentis?
732 1506 797 1571 Sat.
811 1504 898 1585 II,2,
916 1507 981 1585 st]

169 1598 239 1665 125.
262 1592 323 1661 An
342 1588 519 1657 dominum
543 1590 703 1679 ignoras,
724 1590 795 1656 nisi
813 1612 917 1679 qinom
936 1586 1101 1655 vindicta
1121 1584 1198 1653 nlo·

81 1682 187 1762 xat?]
210 1682 258 1745 An
279 1680 503 1745 distinctionem
517 1679 597 1741 hanc
613 1679 759 1759 ignoras?
781 1677 918 1743 Servitus
937 1678 998 1739 alia
1014 1688 1063 1739 est
1077 1674 1198 1762 corporis,
1222 1740 1226 1755 ,

82 1774 142 1835 alia
159 1768 273 1831 animi:
296 1758 430 1867 corporis
449 1760 568 1825 domini
583 1774 654 1827 sunt
674 1765 833 1843 homiues,
855 1763 952 1827 annui
968 1762 1083 1827 vitium
1094 1772 1124 1823 st
1139 1760 1198 1823 offs-

84 1870 163 1921 ctus:
184 1856 270 1917 illam
280 1854 374 1917 solvit
387 1849 588 1927 manumissio
605 1849 661 1911 rite
674 1861 812 1935 peracta,
832 1851 913 1911 banc
932 1850 1001 1911 sola
1023 1846 1197 1933 philosopb'n

82 1944 150 2007 sive
160 1940 265 2005 virtus.
308 1935 417 2001 Philo:
441 1931 574 2007 δουλεία
590 1927 685 2018 ἡμὲν
697 1937 821 2039 ψυχῆς,
841 1929 864 2017 ἡ
887 1930 923 1999 δὲ
948 1927 1114 2016 σωμάτων
1129 1928 1199 2015 λέγι·

84 2046 154 2093 ται·
177 2017 335 2091 δεσπόται
348 2018 384 2085 δὲ
395 2022 464 2084 τῶν
477 2014 537 2101 μὲν
551 2013 714 2102 σωμάιων
728 2025 917 2101 sodomum,
939 2020 1062 2100 ψυχαῖν
1073 2017 1109 2083 δε
1119 2016 1200 2083 ants

85 2109 141 2178 aui
164 2105 266 2193 stan.
311 2104 416 2186 Quare
440 2102 523 2193 apud
544 2107 707 2197 theologos
736 2128 813 2193 opus
839 2106 950 2171 servile
980 2116 1029 2169 est
1054 2114 1201 2191 peccatu

85 2197 206 2262 Persius
230 2215 297 2257 rem
321 2190 453 2267 eandem
474 2182 561 2253 aliter
578 2190 664 2253 dicit:
693 2214 786 2277 qutun
807 2213 867 2256 nos
888 2191 1025 2275 corporis
1049 2192 1201 2256 servitum

86 2282 234 2359 diximus,
256 2280 307 2342 ille
323 2278 455 2365 appellat
469 2276 667 2361 exteriorem:

461 2381 523 2425 nec
539 2360 724 2445 quicquam
740 2358 951 2427 extrinsecus
965 2359 1080 2427 intrat

173 2444 278 2530 Quod
290 2466 410 2511 nervos
423 2441 557 2547 agitet,

86 2558 180 2627 quam
191 2555 250 2599 nos
261 2532 356 2595 annui
370 2543 563 2609 servitutem,
584 2530 636 2593 ille
650 2530 841 2595 interiorem:

305 2626 308 2631 '
464 2612 527 2679 sed
539 2614 722 2683 siintuset
738 2617 775 2683 in
789 2636 906 2701 jecore
923 2636 1034 2704 aegro
1058 2658 1063 2665 -
1094 2676 1097 2681 .

175 2699 379 2769 Nascuntur
392 2696 544 2767 donuui.¹

90 2792 151 2877 [cf.
166 2794 252 2863 locos
268 2788 404 2853 Senecae
421 2810 471 2876 ap.
491 2784 556 2870 Pt]
895 2825 903 2839 ·
1074 2824 1077 2829 -

157 2864 248 2942 1126.
271 2870 307 2951 Ι,
328 2894 435 2959 puer.
468 2882 502 2935 et
522 2868 680 2961 strigiles
706 2869 857 2960 Crispini
876 2870 926 2937 ad
944 2870 1077 2939 balnea
1098 2868 1207 2957 defers]

38 2971 91 3029 436
97 2962 259 3047 Utriusque
276 2958 427 3057 sprvitutis
445 2960 587 3047 exempla
598 2961 758 3046 proponit:
781 2972 813 3023 et
829 2961 914 3055 prius
936 2959 1067 3044 quidem
1086 2958 1210 3045 corporis·

92 3048 153 3129 [De
170 3044 235 3111 stri
259 3042 372 3131 ilc-egit
384 3044 429 3109 Pl.
459 3042 565 3109 Idem:
586 3040 751 3123 „Balnea
770 3042 926 3132 Crispini
938 3068 979 3108 an
991 3046 1094 3125 illius,
1111 3044 1210 3131 dem

88 3068 266 3211 Juvenal-d,
280 3134 339 3209 26²3
360 3128 417 3209 lV,
437 3135 464 3209 t,
481 3128 860 3207 incerttmnssalneorum
875 3130 1094 3197 Romanorum
1105 3132 1156 3219 qui
1166 3150 1210 3193 sx-

88 3232 153 3285 tant
171 3218 267 3282 catalo
288 3216 386 3279 inibil
399 3214 577 3295 indicant.“]
610 3278 613 3283 ,
980 3262 1012 3291 .,
1055 3266 1059 3271 .
1176 3246 1187 3279 .;

101 3308 255 3454 ΧΝωέδ
269 3238 310 3363 di
327 3298 517 3387 increpuit,
542 3296 665 3365 Cessas
682 3310 834 3390 nugator
842 3299 871 3381 2]
893 3298 934 3365 Ut
946 3298 1211 3387 apud-durmin

89 3390 100 3468 [
184 3436 192 3469 '
220 3464 257 3539 V
256 3388 301 3533 dx
316 3466 449 3535 domini
461 3478 565 3534 sonat
584 3466 685 3553 [edd-s
699 3467 814 3560 furit]
839 3468 1001 3537 instantis
1022 3446 1213 3560 uirgam

875 3557 1049 3621 torrentior
1070 3618 1074 3625 ,

217 3640 316 3728 Ergo
335 3638 441 3705 miser
455 3646 507 3703 tre
533 3636 623 3703 idas.
891 3712 899 3721 ⁸
992 3694 995 3699 .

177 3724 366 3791 Servitium
381 3727 491 3809 curra]
539 3726 628 3791 ateris
648 3736 680 3787 te
702 3747 770 3789 esse
794 3748 923 3791 servum
944 3727 1126 3814 etquidem
1147 3727 1215 3793 δον·

91 3812 185 3880 λείαν
198 3807 371 3878 δουλεύειν
385 3806 475 3876 πάνυ
491 3811 646 3894 ἰσχυρὰν,
667 3821 700 3871 ut
720 3813 773 3873 itte
787 3811 869 3899 apud
886 3810 1023 3881 Dionem
1046 3814 1216 3896 Chrysosto·

92 3920 198 3964 mum:
220 3902 280 3961 hoc
296 3897 417 3962 veroid
431 3898 441 3960 i
465 3920 535 3961 sum
550 3910 613 3977 est,
636 3895 720 3983 quod
737 3896 892 3983 Epictetus
910 3898 995 3984 apud
1010 3900 1169 3963 Accianum
1183 3898 1216 3961 ait

91 3988 144 4049 lib.
158 3984 214 4048 ΠΙ.
229 4006 294 4069 cap.
309 3983 419 4047 XXV.
436 3921 513 4063 {imo
529 3980 584 4062 IV,
604 3982 678 4047 diss.
693 3978 719 4061 I,
734 3980 761 4066 §-
782 3987 850 4064 19]:
873 3988 969 4047 multa
983 3989 1086 4049 facere
1100 3988 1151 4071 qui
1163 4005 1217 4047 scr·

91 4072 177 4137 aiunt
196 4070 422 4156 cupiditatibus,
445 4090 522 4155 quae
536 4069 563 4133 si
586 4073 699 4131 faceret
713 4090 819 4132 sertus
839 4074 922 4149 jussu
939 4070 1076 4147 domini,
1095 4071 1136 4135 de
1155 4070 1217 4133 dura

92 4158 235 4221 servitute
256 4176 310 4217 sua
324 4156 456 4217 multum
477 4155 644 4240 quiritaret:
668 4149 878 4237 ἐξελήλυθεν,
901 4156 958 4230 ait,
980 4153 1122 4235 νυκτὸς,
1136 4147 1218 4221 διεδ

94 4239 197 4317 Γέτας
220 4234 262 4305 οὕ
282 4242 388 4325 τολμᾷ
414 4236 572 4315 ἐξελθεῖν·
593 4234 669 4304 ἀλλ’
686 4238 714 4302 εἰ
735 4237 1021 4324 προσηναγιιιὶζειο
1036 4236 1098 4306 ὑπ’
1118 4238 1221 4315 αὐτοῦ,

92 4322 189 4393 πόλλ’
206 4321 249 4390 ἂν
269 4318 514 4408 ἐπικραυγιίσας
535 4320 591 4391 ναὶ
611 4320 673 4409 τήν
696 4320 821 4406 πικρὰν
843 4327 998 4391 δουλείαν
1017 4321 1223 4411 ἀπολοφυρά-

94 4435 192 4497 μευος
205 4410 348 4496 ἐξῆλθεν.
371 4410 533 4489 [Nimirum
550 4423 622 4497 post
638 4430 717 4475 acre
732 4411 837 4497 τελείᾳ
855 4412 1042 4495 distinguunt
1054 4416 1224 4481 vetustiores

28 4128 38 4161 i
