2700 4972
334 321 395 393 ιο
426 320 594 393 sensu
628 320 855 401 serrata
883 284 956 391 ιιι
1164 330 1227 394 ιο

103 489 307 584 &Efficere
332 492 476 574 centena]
513 491 565 556 sic
584 491 765 575 legendum,
793 514 856 558 non
882 502 918 557 et
927 490 1039 585 fleis:
1059 494 1226 579 'allegorica
1335 540 1337 545 »

75 582 201 645 locutio
224 593 286 662 est,
308 600 401 667 quam
417 580 614 665 sequentibus
627 581 766 644 versibus
783 581 984 728 persequitur:
1007 586 1278 668 comparatio-241

76 689 205 731 venem
228 667 357 731 mollitie
381 665 579 752 depravatum
598 687 668 728 cum
691 686 766 729 vase
806 665 868 728 ctili
885 667 989 731 multis
1004 667 1107 732 modis
1125 690 1229 733 comr-

104 765 154 816 to:
176 753 386 839 primumboo
400 762 455 831 est,
477 750 679 835 quodeffluit3
701 750 785 836 quod
799 773 863 813 non
880 750 1091 840 accipiendum
1102 766 1137 815 ut
1147 753 1229 840 apud
1251 755 1256 774 '

76 776 287 901 IPetentirnn:
307 834 431 922 plenus
451 836 622 899 rimarum
643 856 738 912 snm,
761 835 800 898 de
816 858 870 915 eo,
892 837 944 922 qui
964 839 1100 919 linguam
1114 841 1229 903 nesciat

77 937 211 1002 tenere,
233 918 430 1002 saddukaie,
451 921 492 984 de
508 944 563 1000 eo,
585 922 636 1007 qui
648 923 687 984 sit
699 923 841 985 moribus
859 921 1030 1009 depravaris
1045 936 1075 987 et
1087 928 1230 1011 volupta-

80 1011 168 1073 tibus
191 1008 330 1072 diffluatr
358 1029 432 1070 narn
452 1007 494 1070 ita
510 1005 617 1070 Gracci
637 1008 797 1092 Latinique
815 1009 990 1094 loquuntur:
1012 1010 1126 1096 passim
1146 1014 1230 1092 legas
1302 1038 1304 1042 ’

82 1097 116 1159 in
135 1094 289 1158 Cicerone
312 1091 501 1177 liquescere
512 1090 691 1180 fleereqne
707 1090 872 1172 mollitie,
894 1105 925 1157 et
938 1091 1149 1182 liquefacere
1167 1116 1230 1160 vn-
1324 1130 1327 1139 ·

84 1177 302 1267 luptntibne,
323 1177 409 1266 quod
429 1175 554 1241 &accis
576 1170 622 1241 est
640 1174 772 1261 τήκεινι
800 1177 875 1243 inde
892 1175 1004 1269 fluidi
1025 1179 1059 1246 οἱ
1090 1175 1232 1247 ’δονικοὶ

84 1264 172 1352 apud
193 1264 346 1328 Senecam
355 1265 402 1343 δῖ]
422 1275 453 1327 et
470 1263 505 1327 id
528 1285 623 1344 genus
648 1265 788 1350 plurima.
834 1264 996 1342 [Plumiusr
1014 1265 1069 1345 „E
1115 1266 1169 1329 nia
1190 1267 1232 1329 ad

85 1352 229 1415 fideliam
240 1373 306 1414 non
317 1349 527 1415 referendum:
547 1352 599 1413 vel
612 1362 658 1412 est
672 1350 810 1413 licentius
824 1372 880 1435 pro
895 1346 1059 1439 diffluere
1086 1354 1232 1416 nimirum

87 1435 318 1602 &biblii
336 1436 552 1609 iiiinffffi‘·
570 1456 669 1583 iiii
686 1436 1016 1585 tttlttttfi‘tt
1033 1439 1100 1588 tt?
1118 1461 1232 1588 §titt

543 1567 551 1584 .
655 1569 663 1600 ,
840 1590 843 1596 ,
993 1568 1016 1600 ,,
1060 1572 1063 1577 ,
1094 1569 1103 1587 .

89 1614 121 1687 2,
144 1620 194 1673 et:
226 1603 316 1670 niln'l
334 1603 472 1694 agendo
495 1604 661 1684 senesci-r,
683 1606 748 1692 pari
769 1517 1035 1691 quidemptenfia
1053 1609 1232 1694 positum.‘,‘]

89 1692 279 1781 ln-septimo
292 1693 420 1756 Joannis
438 1690 675 1755 saresberiensis
690 1691 748 1752 alia
761 1702 878 1753 textura
897 1704 943 1755 est
958 1696 1070 1756 horum
1079 1717 1233 1774 versuum,

91 1777 148 1842 sed
170 1781 212 1841 ab
241 1779 296 1841 illo
320 1782 471 1865 prosecta,
503 1798 568 1838 non
593 1775 748 1839 aPersio.
808 1774 1102 1843 convenientissima
1130 1793 1235 1844 autem

89 1864 518 2014 ffffim‘homibisfum
534 1871 765 2008 vageTtestappo.
798 1860 882 1942 Lege
891 1860 1104 1946 chrysostomi
1115 1878 1234 1930 sextam

121 1972 141 2013 ο
211 1970 264 2013 am
282 1971 315 2011 rn
376 1967 571 2010 senorema
633 1966 698 2008 nno
734 1968 815 2010 eum.

175 2040 231 2100 et.
254 1969 501 2112 condonante]
529 2030 570 2093 Et
588 2033 649 2093 hoc
670 2034 709 2094 ab
725 2031 855 2096 Horatio
870 2034 980 2113 sumit3
1003 2032 1142 2114 ejusdem
1157 2058 1233 2115 ¹serr-

89 2119 205 2185 terrtitte
221 2130 269 2183 est
282 2118 365 2205 apud
383 2117 558 2203 Epictetum
572 2118 605 2178 in
621 2116 798 2180 Enchiridio
823 2119 861 2197 [c.
877 2118 945 2207 51]:
967 2116 1079 2204 λήσεις
1091 2117 1234 2187 σεαυτὸν

90 2198 134 2271 ον’
156 2200 350 2287 mecedem,
381 2197 455 2266 ἀλλ’
473 2199 607 2286 ἰδιώτης
627 2198 829 2279 διατελέσεις.
883 2204 1106 2270 Contemnere
1129 2220 1250 2277 autem.
1338 2282 1342 2288 ,

88 2292 227 2372 intellige
243 2312 284 2354 ex
297 2301 408 2353 'mente
421 2288 533 2367 Stoici,
556 2290 609 2374 qui
621 2290 767 2374 loquitur:
789 2312 902 2376 nempe
925 2295 965 2354 ob
981 2294 1055 2356 vitia
1069 2305 1138 2357 tua:
1151 2284 1234 2357 'nam

90 2376 227 2463 alioquin
255 2376 340 2456 vulgi
368 2386 398 2437 et
423 2378 576 2436 malorum
595 2374 732 2459 judicia,
764 2378 991 2462 aspernantium
1018 2399 1111 2465 saepe
1139 2380 1235 2442 vinu,
1290 2446 1293 2457 ,

91 2461 156 2527 tern‘
172 2474 205 2525 et
218 2482 283 2540 eos,
296 2461 358 2547 'qui
372 2482 411 2523 ex
424 2461 534 2523 virtute
547 2461 665 2540 vivunt,
692 2462 914 2525 contemnenda
929 2485 997 2527 esse
1011 2463 1123 2527 docent
1138 2464 1236 2528 Stoici

92 2561 123 2612 et
136 2558 249 2613 omnes
272 2547 434 2632 sapientes.
478 2546 576 2608 Multa
599 2547 632 2608 in
657 2568 727 2609 eam
749 2570 817 2611 rem
835 2551 989 2634 praeclare
1007 2549 1053 2613 M.
1066 2551 1234 2615 Antoninus

91 2636 145 2699 lib.
166 2632 219 2696 XI
226 2652 240 2710 3
265 2633 362 2713 tangit
381 2644 411 2694 et
427 2630 546 2695 Seneca
568 2633 653 2718 epist.
668 2632 758 2696 XIV.
1149 2692 1170 2715 ,-

113 2764 117 2771 -
178 2716 292 2781 Sonat
307 2715 433 2780 vitr'nm
447 2737 630 2803 percussa,
655 2717 811 2805 maligne
828 2717 898 2800 (22)
911 2716 1115 2807 Respondet
1129 2717 1238 2785 viridi
1325 2770 1328 2781 .

95 2824 164 2869 non
188 2812 290 2867 cocta
305 2798 442 2887 fidelia
461 2799 568 2883 lima]
602 2803 704 2885 Pergit
722 2806 804 2868 vasis
830 2806 929 2869 fictilis
953 2809 1027 2871 vitia
1052 2806 1238 2885 describere:
1284 2820 1287 2825 '

95 2912 176 2977 prae
187 2890 294 2953 omniu
308 2883 533 2972 ἀλληγορικῶς
548 2889 686 2952 dicuntur
708 2890 747 2953 de
763 2895 874 2970 juvene
894 2906 1045 2980 corrupto.
1087 2891 1238 2957 Notabilis

96 2996 172 3042 vero
193 2977 228 3039 in
247 2976 299 3038 his
317 2975 419 3040 verbis
437 2974 649 3056 ταυτολογία,
671 2976 731 3039 nisi
752 2997 823 3039 eam
847 2978 1092 3057 commendaret,
1111 2978 1290 3059 nedum242

98 3072 273 3139 excusaret,
295 3060 378 3146 quod
402 3059 541 3123 dicuntur
554 3063 630 3123 haec
648 3063 687 3123 ab
702 3063 797 3142 irato;
820 3075 924 3125 amant
942 3085 1018 3127 vero
1035 3063 1102 3126 irati
1115 3065 1238 3149 saepius

96 3147 183 3211 idem
198 3158 355 3234 peperere,
376 3145 658 3228 βατταλονοῦντες
675 3143 746 3230 ἅμα
762 3145 1128 3231 καὶιταντολογοῦντιςι
1149 3150 1240 3229 igitur

97 3253 225 3297 sonare
241 3228 367 3313 vitiem
387 3243 417 3295 et
436 3230 592 3319 maligne
609 3229 815 3315 respondere
838 3255 941 3297 annon
960 3234 1046 3299 idem
1062 3235 1157 3301 sunt?
1180 3235 1240 3296 uti-
1280 3302 1283 3307 ,

136 3342 173 3384 e:
194 3318 257 3382 nisi
276 3318 319 3381 ita
331 3322 415 3398 legas
438 3330 468 3381 et
484 3319 707 3404 interpreteris,
728 3330 763 3380 ut
780 3342 857 3382 mox
878 3319 1033 3384 dicemus:
1055 3316 1240 3405 iternjide-
1287 3318 1289 3324 ’

109 3405 147 3468 ia
161 3400 276 3468 viridi
287 3401 372 3468 limo
397 3416 428 3466 et
445 3399 575 3484 fidelia
598 3426 666 3466 non
689 3413 789 3468 cocta
805 3404 879 3491 quid
898 3404 1069 3470 admodum
1090 3405 1239 3485 differant,

95 3493 195 3555 nullus
212 3489 322 3555 rideo:
352 3511 425 3552 narn
440 3489 513 3553 ideo
532 3487 654 3552 viridia
667 3491 758 3554 limus
783 3491 902 3566 dicitur,
924 3494 1070 3578 quianon
1084 3503 1130 3555 est
1143 3495 1240 3578 probe

96 3589 198 3640 coctus
220 3596 280 3638 nec
304 3588 450 3661 quantum
469 3577 662 3662 postulabant
686 3578 818 3641 rationes
835 3579 980 3658 figulinae
998 3579 1078 3642 artis
1122 3577 1241 3658 [„llaec

93 3664 235 3749 ultimam
249 3661 358 3724 limam
380 3661 513 3726 defuisse
533 3665 603 3724 loco
624 3662 771 3748 produnt,
802 3663 886 3749 quod
906 3664 989 3728 vitae
1011 3664 1107 3729 Persii
1126 3685 1241 3727 conve·

94 3750 169 3815 nit.“
197 3744 267 3827 PL]
309 3743 453 3810 Limum
474 3769 530 3834 pro
551 3748 655 3853 argilla
672 3751 785 3835 posuit.

85 3888 91 3903 „
126 3880 129 3885 ·
180 3829 456 3913 sennensium]
482 3835 623 3910 Σαδρον
643 3830 850 3917 φθέγγεσθαι
865 3833 985 3897 Platoni
1004 3834 1038 3897 in
1059 3832 1242 3913 Theaeteto,

94 3920 143 3982 cui
170 3918 304 4005 opponit
324 3913 415 4000 ὑγιὲς
442 3915 649 4001 φθέγγεσθαι
679 3919 720 4020 [p.
749 3927 819 3986 179.
842 3918 903 3983 It:
936 3918 1160 4001 διακρούονται
1186 3918 1242 4002 (so.

94 4003 207 4084 δι’ςιιιρ
232 4000 274 4068 ιδ
295 4000 449 4088 κεράμια)
475 4003 536 4069 εἴτε
557 3999 647 4086 ὑγιὲς
664 4005 726 4068 ιἰτε
750 4000 881 4087 οαδρδν
909 4001 1106 4110 φθέγγεταιε
1133 4007 1187 4071 ubi
1209 4026 1242 4069 v.

95 4091 291 4169 Heindortt.
335 4090 371 4153 ln
387 4093 513 4154 Luciani
528 4090 664 4154 Parasito
679 4093 788 4171 legitur
802 4089 843 4175 [§.
856 4090 892 4154 4³
915 4097 1068 4173 καθαπερ
1091 4090 1127 4156 αἱ
1140 4111 1244 4195 πονο]-

98 4174 157 4257 nel
175 4172 297 4262 χύτραι
308 4172 578 4259 διακρουόμεναι]
600 4173 731 4255 οαιτρδν
750 4171 1023 4259 ἀποφθέγγεσθαι
1039 4201 1094 4265 pro
1114 4182 1244 4256 οαδρον

97 4264 202 4350 [quod
221 4262 319 4326 hodie
340 4262 534 4343 restitutum].
585 4262 762 4326 Plutarchus
786 4262 831 4325 de
859 4262 1084 4328 adulatoribusr
1114 4255 1245 4343 οαδρδν

100 4347 247 4435 ὑπηχεῖν
268 4345 326 4413 καὶ
345 4343 489 4432 ἀγεννές.
508 4348 575 4429 [ubi
590 4347 714 4411 vidend.
726 4350 893 4437 Wyttenb
903 4371 935 4436 p.
951 4355 1024 4415 392.
1042 4350 1138 4452 Lipa]
1304 4426 1310 4433 .

195 4437 370 4504 Percussa
376 4432 532 4518 fidelia]
563 4430 784 4517 Περικρούιιν
802 4428 969 4517 ὄστρακον
985 4436 1018 4497 in
1033 4434 1162 4499 Phrlebo
1175 4434 1247 4498 Pla·
