2700 4972
80 286 147 352 ars
369 332 372 337 .
460 265 871 343 constructurus
947 334 951 341 ,
1021 226 1026 241 ’

81 448 262 531 acervatim,
287 459 322 511 ut
426 445 503 522 dnm
525 446 622 532 pelles
647 451 679 506 et
705 442 826 505 olenrm
849 438 1033 523 fmcicnlosq
1071 441 1217 509 aarum

83 547 201 619 curto,
224 546 259 597 ut
281 556 344 622 apu
388 530 523 609 Graecos
546 529 586 593 de
603 548 728 593 summa
746 526 877 607 vilitate,
908 519 973 591 oria
996 524 1043 591 ἂν
1064 522 1218 609 souin·

83 626 186 689 τοῦτο
214 618 416 705 τετρημένου
440 617 576 701 χαλκοῦ.
627 613 809 695 Plutarchus¹
832 610 981 717 advepus
1010 610 1218 715 Colotemh.

88 715 180 777 1108.
194 706 243 787 Οζ]
264 708 297 769 in
316 706 464 783 sententia
485 725 548 766 non
571 699 651 765 adeo
675 698 832 762 dissimili:
861 719 995 764 τουτων
1018 692 1123 763 οὐδὲν
1141 716 1219 761 ατο-

85 793 259 861 astronom
273 788 315 857 ¹oi
329 788 407 874 ’περὶ
423 784 565 873 γαστέρα
580 780 732 866 τάγαθὸν
752 775 841 848 εἶναι
864 785 1028 868 βοῶντος,
1050 780 1119 851 οὐκ
1133 776 1219 847 tvtt

85 872 278 961 τᾶςοῖωτὰς
298 870 387 960 ὁμοῦ
405 870 516 953 πάσας
533 866 736 978 rerpquvou
752 872 878 973 χαλτοῦ
895 866 1091 976 τροάμενομ
1130 866 1218 953 Syne-
1268 852 1274 909 l

63 1014 68 1021 .
87 969 150 1032 sius
164 964 337 1030 simillimas
359 964 486 1029 πολλοῦ
501 956 581 1044 μέντ
608 978 651 1023 αν
665 948 733 1022 εἶεν
751 975 841 1036 τροις
861 978 924 1023 τοο
938 956 1084 1041 oddon-

625 1587 706 1663 AD

133 1804 652 1917 sarrana
744 1782 1199 1901 surram

28 2043 267 2179 (2⁸7⁷3llnsignem
285 2102 325 2146 ex
346 2074 545 2170 philosophia
563 2082 668 2145 locum
686 2082 767 2147 haec
785 2078 883 2146 Persii
897 2078 997 2144 Satira
1018 2074 1233 2165 complectitur

98 2169 139 2232 de
157 2169 295 2249 legitimo
320 2165 495 2232 divitiarum
516 2189 585 2232 usu.
634 2167 785 2251 Magnum
802 2168 1042 2231 instrumentum
1063 2165 1147 2229 vitae
1163 2166 1234 2229 hm

54 2276 57 2281 ’
98 2276 135 2319 ac
159 2250 325 2317 commode
352 2252 491 2335 agendae
521 2265 585 2340 opt
604 2275 687 2316 max.
707 2252 795 2317 Deus
822 2251 908 2315 dedit
925 2252 1126 2336 hominibus,
1156 2268 1233 2337 opo·

98 2338 155 2405 Est
173 2341 258 2402 enim
269 2338 470 2423 proculdubio
485 2339 645 2403 verissima
658 2338 837 2426 philosophi
850 2338 1017 2416 sententia,
1039 2336 1096 2422 qui
1108 2356 1236 2423 pronun·

98 2426 174 2489 tiare
183 2446 248 2487 non
260 2434 306 2487 est
318 2425 432 2505 veritus
445 2422 485 2486 ad
497 2444 645 2489 numeros
656 2444 766 2505 ornnes
777 2424 896 2489 virtutis
911 2421 1085 2509 explendos
1099 2443 1169 2487 nou
1178 2440 1236 2485 raro

101 2512 195 2576 etiam
207 2510 329 2571 illarum
339 2509 451 2593 requiri
467 2504 665 2594 praesidium.
706 2510 807 2575 Nimis
820 2510 939 2573 morosi
949 2513 1076 2581 fuerunt
1086 2508 1133 2571 illi
1146 2505 1239 2593 sophi,

120 2597 154 2658 ui
174 2596 294 2658 nullum
314 2595 434 2680 penitus
453 2593 493 2657 ad
513 2592 667 2677 agendam
687 2616 728 2659 ex
750 2597 861 2660 virtute
889 2595 987 2677 vitam
999 2590 1240 2665 momantrrmir

100 2618 215 2746 divitiis
233 2700 302 2743 esse
325 2690 514 2743 censuerunt
565 2678 630 2744 Sed
650 2690 684 2743 ut
704 2682 834 2745 istorum
850 2680 1005 2768 praecisus
1024 2680 1112 2761 rigor
1129 2700 1150 2743 a
1168 2688 1241 2743 recta

100 2768 219 2832 ratione
236 2767 405 2850 paullulum
427 2764 602 2831 deerrabat:
630 2767 674 2830 sic
693 2766 817 2831 illorum
830 2767 939 2830 insana
953 2786 1083 2853 prorsus
1100 2763 1242 2831 sentemir

107 2864 163 2932 est,
185 2852 237 2938 qui
250 2850 372 2916 divitias
384 2874 450 2914 non
467 2863 614 2939 tanquam
635 2853 724 2916 utiles
743 2852 783 2916 ad
799 2852 917 2917 vinulis
936 2852 1093 2931 actiones,
1113 2849 1243 2917 sedun-

106 2960 200 3027 quam
228 2958 330 3000 rerum
366 2959 384 3001 e
427 2937 605 3015 standarum
627 2932 798 3001 extremurlr
825 2948 956 3024 stupent.
1002 2936 1176 3024 Nunquam
1198 2934 1243 2999 hie

106 3022 186 3089 adeo
210 3024 355 3112 pestilens
375 3045 392 3085 a
416 3046 515 3109 eoque
538 3018 708 3109 ἐπιδήμιος
732 3045 815 3088 error
835 3023 1000 3087 hominum
1019 3035 1146 3087 mentes
1163 3022 1246 3087 iuro·

106 3110 212 3189 sisset,
242 3110 269 3172 si
290 3107 465 3173 Stoicorum
492 3131 600 3195 praece
621 3121 653 3172 to
677 3121 758 3173 esset
780 3113 1044 3196 obtemperatum,
1074 3121 1108 3173 et
1130 3126 1245 3211 semper

54 3205 108 3264 474
116 3196 261 3259 mortales
274 3192 314 3256 de
331 3207 414 3259 recte
427 3132 640 3281 constituendo
655 3197 719 3259 fine
731 3217 767 3259 ac
780 3218 876 3283 scopo
889 3196 1000 3259 ultimo
1014 3216 1145 3261 suarum
1158 3205 1246 3258 actio

106 3302 184 3344 num
201 3280 345 3359 fuissent,
367 3291 514 3367 quantum
536 3303 590 3368 par
613 3293 690 3361 erat,
711 3282 842 3345 solliciti.
883 3278 974 3347 Nunc
1050 3292 1107 3351 ¹tus
1125 3280 1248 3367 quisque

107 3377 171 3444 est,
194 3366 247 3451 qui
266 3362 305 3427 de
319 3364 396 3445 flue,
420 3370 504 3446 cujus
524 3366 619 3448 gratia
640 3366 674 3429 in
689 3369 771 3430 hanc
790 3369 892 3449 lucem
912 3366 991 3445 site
1014 3366 1094 3447 ὀμ,
1116 3362 1246 3449 cogitet?

107 3450 161 3537 qui
179 3449 342 3513 discrimen
361 3462 464 3513 teneat
483 3453 563 3515 illius
589 3452 657 3517 veri
676 3454 752 3519 boni
797 3452 834 3525 er]
848 3474 892 3519 se
909 3450 1082 3541 nxpstmdi
1102 3462 1136 3515 et
1154 3468 1249 3517 rerum

108 3557 215 3601 earum
221 3580 231 3612 ,
253 3555 332 3636 quae
354 3536 386 3599 in
405 3547 523 3599 tantum
546 3539 635 3602 utiles
656 3549 686 3602 et
706 3476 856 3626 optahilos
876 3550 965 3615 sunt,
983 3538 1020 3603 in
1031 3548 1188 3641 quantum
1199 3556 1249 3599 ex·

107 3634 208 3686 tremo
222 3622 278 3684 finr
291 3622 452 3688 serviunt?
496 3622 587 3685 Hunc
601 3635 721 3687 tantum
742 3646 878 3689 errorem
893 3644 1069 3697 necessario
1093 3623 1251 3688 cominus

109 3706 194 3771 aliud
214 3728 311 3809 aeque
332 3709 538 3794 perniciosum
558 3711 692 3789 malum,
720 3710 870 3791 ignoratio
894 3710 976 3775 illius
995 3709 1135 3791 virttttis,
1184 3728 1250 3771 urm

110 3804 202 3859 vocat
217 3794 392 3857 Aristoteles
415 3790 476 3876 τὴν
490 3790 566 3878 περὶ
585 3789 626 3859 τοὶ
649 3789 800 3881 χρήματα
822 3790 963 3880 doario:
983 3818 1080 3882 quam
1093 3794 1136 3859 Β.
1157 3730 1251 3877 dhry-

110 3888 267 3944 sostomus
285 3878 319 3940 in
334 3878 526 3943 Matthaeurn
547 3882 723 3968 pronuntiat
739 3876 857 3967 τέχνην
876 3876 965 3947 εἶναι
984 3885 1107 3947 πασῶν
1121 3883 1192 3947 τῶν
1203 3898 1251 3945 τι·

111 3964 203 4050 χοῶν
218 3959 403 4045 siverriaco,
426 3978 521 4029 artem
537 3968 654 4030 artium.
677 3978 679 3983 ‘
699 3966 930 4054 sapientissime
947 3980 1069 4034 veteres
1083 3965 1197 4033 Graeci
1209 3984 1250 4043 et,

1 4063 2 4070 ’
112 4072 191 4137 quae
212 4054 307 4132 vulgo
330 4055 412 4115 bona
431 4051 586 4132 dicuntur,
605 4048 758 4137 χρήματα
777 4077 879 4117 nuncu
902 4066 1007 4119 arunt:
1030 4047 1132 4138 ὁγὰρ
1151 4052 1251 4119 πλοῦ·

113 4158 172 4213 τος
191 4137 260 4199 τῶν
280 4136 467 4220 χρησίμων,
497 4138 594 4223 inquit
615 4141 820 4228 philosophus
841 4077 977 4222 [odom
991 4140 1051 4221 IV,
1068 4140 1119 4221 1]:
1150 4140 1185 4202 id
1202 4147 1250 4215 ert,

114 4235 149 4285 ut
173 4222 271 4285 modo
301 4222 494 4304 dicebamus,
528 4224 763 4291 instrumentum
791 4227 874 4292 vitae
901 4229 993 4306 hujus
1023 4237 1097 4290 sunt
1122 4224 1249 4291 divitiae·

116 4305 348 4388 Quamobrem,
372 4321 404 4371 ut
419 4313 490 4395 hoc*
500 4308 703 4375 instrumento
723 4312 825 4376 utatur
840 4313 949 4399 aliquis
963 4323 1063 4393 recte,
1084 4334 1127 4377 ne
1147 4309 1249 4377 sitim·

116 4406 237 4480 paratus
259 4405 380 4482 oportet
400 4400 439 4461 ab
463 4416 500 4459 ea
520 4396 647 4476 munte,
666 4420 745 4484 quae
758 4397 839 4463 illius
864 4420 956 4463 usum
975 4397 1085 4464 docet:
1108 4399 1248 4487 praeclare
