2700 4972
170 336 237 403 aa
517 322 955 397 'uootusumatus
1042 312 1047 319 “

172 518 227 585 tas,
248 514 280 566 ut
293 500 472 565 Latinorum
481 507 518 561 et
532 494 690 584 quondam
704 482 795 562 eliam
810 496 1015 565 deditiorum:
1038 510 1070 563 at
1093 488 1179 565 eires
1195 500 1238 565 illi
1253 476 1294 567 dr·
1329 552 1340 593 ι

171 612 259 654 mum
281 600 382 667 erant,
410 586 462 670 qui
482 587 574 671 plena
594 586 739 646 libertate
755 584 859 647 donati
885 598 916 649 et
937 588 1072 672 aliquam
1092 588 1209 650 tribum
1229 600 1294 651 erant
1331 612 1340 625 ·

173 678 275 739 relati:
297 675 369 751 idco
391 671 512 735 Persius
531 671 573 732 ait
589 667 739 733 Publius
762 664 913 734 Velina:
940 674 999 734 hac
1021 672 1180 735 locutione
1202 674 1294 735 tribum

172 761 362 836 indicabant,
393 769 427 818 ut
450 752 584 843 Oppius
610 749 649 820 V
647 754 814 841 ejeutina,
853 754 1064 819 Tomentina
1084 756 1293 833 Anxius;sit
1328 792 1340 847 f

172 852 239 910 fere
253 844 453 908 Athenienses
465 834 599 923 Κράτης
614 842 682 904 τῶν
697 838 812 924 δήμων
835 843 909 920 [imo
924 839 986 906 ιὸν
1001 842 1122 925 δῆμον]
1147 840 1293 926 Ouidoua
1329 876 1340 923 p

173 932 293 995 Eadem
305 950 395 993 mens
413 928 469 991 erit
488 939 519 989 et
534 928 684 990 sententia
698 930 850 1012 aliquanto
866 930 1000 1014 planior,
1023 930 1050 991 si
1064 930 1195 993 scribas:
1330 926 1340 934 ”

549 1033 618 1075 uon
635 1010 718 1093 Itac,
741 1022 780 1076 ut
798 1013 940 1101 quisque
958 1008 1129 1079 Velinum

263 1096 410 1164 Publius
435 1096 596 1175 emeruit,
1308 1153 1312 1164 .

173 1211 230 1279 pro
243 1186 374 1273 simplici
386 1184 511 1261 meruit,
533 1196 639 1246 nactus
653 1192 714 1264 est;
736 1183 793 1246 sed
810 1186 887 1247 nihil
905 1182 1099 1247 mutandum.
1144 1178 1293 1261 [Emeruit
1310 1185 1313 1202 ²
1331 1168 1340 1189 ⁴

174 1287 278 1339 autem
294 1268 505 1357 accipiendum
515 1290 571 1354 pro
593 1269 720 1348 memit,
739 1270 880 1334 nefandis
893 1272 1022 1333 fortasse
1034 1270 1227 1349 ministeriis,
1248 1268 1294 1331 nt
1331 1256 1340 1333 i

119 1428 124 1435 ,
174 1362 359 1425 libertatem:
389 1356 440 1417 hic
462 1366 565 1417 autem
581 1356 668 1418 locus
693 1376 733 1416 ex
753 1356 792 1418 iis
814 1368 874 1436 est,
895 1356 928 1417 in
949 1357 1059 1440 quibus
1078 1366 1202 1443 poterat
1217 1352 1295 1417 omiti
1333 1352 1340 1399 ἶ

174 1464 359 1535 pronomen.
404 1441 546 1504 Ceterum
562 1445 581 1504 3
599 1439 698 1503 Codd.
722 1462 771 1527 ap.
787 1440 860 1505 Ach.
878 1452 909 1503 et
924 1440 943 1505 5
959 1442 1103 1507 Harum:
1124 1438 1211 1519 Irae,
1255 1456 1302 1529 ltp-
1335 1442 1340 1531 ,J

176 1530 338 1617 quisque,
360 1539 394 1589 ut
408 1526 507 1589 Plum.
532 1524 646 1607 edidit,
669 1530 689 1589 3
713 1527 764 1587 alii
781 1525 873 1588 deb:
892 1522 959 1588 bac
983 1546 1110 1611 quam:
1128 1460 1306 1593 unledin·

176 1630 208 1682 et
229 1616 331 1680 Passa
361 1611 445 1692 Irae,
475 1630 598 1700 quam,
622 1619 670 1674 ut.
723 1610 772 1675 Gi.
795 1612 889 1675 etiam
910 1610 1047 1677 Meister.
1069 1608 1196 1675 Letzts
1215 1604 1311 1675 Sat.
1338 1606 1340 1673 Ϊ

175 1698 361 1790 potua]
440 1778 448 1793 ,
797 1780 858 1797 ,,
1029 1730 1032 1737 ’
1135 1708 1182 1799 ,’
1275 1740 1279 1747 ·

261 1786 312 1851 tt.
341 1778 543 1846 Scabiosum
560 1776 645 1867 fan]
680 1778 919 1862 Gurguhonrbus
941 1803 1084 1862 exesum,
1107 1780 1294 1865 [srtuJ'mm-

175 1884 279 1962 ptum:
302 1872 346 1934 sic
365 1870 456 1931 malis
476 1868 612 1931 scabiem
630 1868 734 1931 tribuit
750 1868 908 1931 luvenalis
926 1866 979 1947 [V,
995 1869 1085 1949 1531=

267 1952 322 2020 tu
337 1950 453 2017 scabie
458 1948 597 2041 frueris
611 1952 701 2017 mali
707 2000 716 2032 ,
740 1949 834 2040 quod
848 1951 884 2016 in
907 1974 1039 2043 aggere
1058 1950 1156 2018 rodit

266 2038 336 2123 Qui
359 2038 490 2129 tegitur
502 2058 649 2123 parma3
1057 2032 1062 2047 '
1310 2064 1314 2116 3

125 2130 239 2195 tronti
257 2129 344 2192 libris
373 2122 593 2201 scabrosum,
613 2126 692 2188 sicut
711 2122 791 2209 apud
806 2121 1011 2187 Columellam
1034 2134 1066 2187 et
1083 2124 1251 2198 Balladium
1265 2120 1317 2188 tlt*

178 2215 290 2303 plantis
307 2224 337 2276 et
350 2212 422 2275 satis
436 2208 599 2273 scabrum
619 2222 651 2273 et
670 2207 881 2274 retorridum
900 2232 994 2296 saepe
1014 2222 1208 2297 usurpantur.
1242 2208 1294 2275 su

176 2306 236 2365 tius
257 2299 345 2378 [silv.
359 2296 418 2373 IV,
440 2302 470 2374 9,
494 2294 568 2375 31]:
598 2318 665 2359 aon
692 2315 855 2380 asperum
866 2291 953 2379 jam
982 2298 1015 2359 in
1031 2298 1135 2383 primo
1156 2296 1295 2363 Futuro

178 2384 299 2466 [687]:
322 2402 421 2471 seges
443 2378 587 2443 scabrae
609 2379 779 2468 rubiginis
803 2401 937 2466 expers.
1207 2457 1210 2463 Ι

266 2464 453 2531 Tesserula
461 2464 642 2552 possidet]
665 2468 829 2530 Tesseram
847 2470 898 2531 rel
912 2489 930 2529 a
947 2467 1094 2532 Curatore
1108 2488 1247 2531 annom
1258 2485 1297 2531 tt·
1313 2494 1318 2542 ;

177 2556 344 2643 cipiebant,
366 2555 418 2617 rel
432 2555 577 2615 emebant
596 2556 634 2616 ab
659 2554 743 2626 aliis,
765 2554 817 2637 qui
836 2551 975 2617 indidem
993 2554 1192 2619 habuerant·
1216 2552 1298 2639 Saepo

177 2654 282 2705 autem
300 2639 368 2701 heri
388 2639 451 2701 suis
468 2638 570 2701 liberis
584 2641 645 2700 hoc
666 2642 713 2717 jus
735 2640 879 2701 emebant
899 2642 950 2703 rel
972 2637 1143 2703 emendum
1165 2641 1298 2721 legebant,

178 2740 212 2790 ut
223 2736 348 2813 apparet
363 2746 403 2786 ex
413 2724 496 2787 libris
511 2723 591 2787 Juris
612 2724 707 2788 civilis
721 2720 813 2785 Rom.
857 2724 972 2804 [Loc'os
987 2745 1016 2788 v.
1031 2724 1137 2807 laudd.
1153 2748 1172 2789 a
1194 2724 1267 2805 .Pl.]

109 2824 181 2907 (16η
267 2813 319 2878 75.
348 2806 429 2872 Heu
449 2807 587 2872 steriles
607 2808 701 2889 veri,
730 2806 850 2895 quibus
878 2830 948 2873 una
967 2807 1145 2891 Quiritem
1207 2808 1324 2897 ertt'gt.

169 2894 302 2988 faciti]
326 2893 500 2977 Quiritem
523 2918 579 2982 pro
600 2897 731 2960 liberum
750 2896 852 2981 posuit
871 2895 1011 2976 [cf.P1.]:
1033 2919 1137 2983 neque
1158 2898 1240 2961 enim
1256 2912 1300 2959 aot

176 2980 386 3071 reprehendit,
407 2982 459 3067 qui
474 2983 679 3045 manumissos
699 3002 756 3067 pro
775 2981 892 3044 civibus
913 2992 944 3044 et
963 2986 1029 3062 jure
1043 2980 1203 3061 Quiritum
1215 2972 1301 3047 liberi

174 3073 334 3147 haberent,
356 3065 412 3130 sed
426 3068 478 3152 qui
491 3089 546 3153 pro
562 3068 665 3131 liberis
677 3060 798 3145 dalnis,
820 3066 853 3128 id
869 3078 914 3129 est
927 3088 963 3128 aa
974 3068 1130 3149 libertate,
1152 3090 1230 3157 quae
1241 3082 1301 3155 pto-

175 3159 241 3245 prie
255 3164 406 3217 mereatur
417 3152 451 3221 id
466 3175 591 3217 nomen.
633 3154 771 3216 Libertas
785 3150 899 3237 duplex
917 3164 978 3232 cst,
1000 3156 1098 3217 animi
1118 3166 1150 3217 et
1169 3154 1301 3241 corpom:

176 3242 233 3307 sed
249 3251 361 3324 quanto
377 3240 497 3301 animus
509 3239 708 3324 praestantior
721 3259 857 3323 corpore,
872 3249 990 3301 tantum
1001 3251 1138 3325 praestat
1148 3244 1216 3321 ejus
1226 3242 1302 3303 libar-

177 3340 224 3390 tas
240 3328 377 3389 libertate
393 3326 542 3410 corporis3
565 3346 672 3388 vcrum
688 3345 762 3387 usus
782 3323 927 3409 loquendi
943 3324 970 3387 is
985 3337 1049 3405 est,
1069 3338 1105 3389 ut
1122 3322 1302 3407 ἐλευθερίαν

178 3424 231 3474 aut
245 3412 415 3474 libertatem
435 3430 505 3471 cum
525 3410 673 3488 dicimus,
696 3410 735 3471 ad
757 3430 865 3495 corpus
881 3412 1065 3475 reseramus:
1088 3411 1130 3475 de
1149 3414 1213 3476 hoc
1233 3412 1302 3477 cuitu

178 3518 249 3559 cura
266 3495 367 3557 omnis
384 3496 494 3556 elfere
513 3516 633 3559 sermo:
657 3516 729 3576 ergo
745 3495 838 3557 etiam
857 3496 941 3558 bona
962 3490 1074 3575 ἁπλῶς
1094 3498 1303 3586 appellarim

177 3578 218 3646 τὰ
238 3574 423 3661 σωματικαὶ,
444 3580 525 3663 paul,
547 3580 630 3665 quod
651 3593 682 3643 et
697 3581 803 3645 Cicero
827 3581 883 3659 ait,
907 3604 1022 3658 errore,
1045 3606 1142 3670 quem
1159 3586 1230 3649 heic
1249 3588 1303 3665 itm

58 3718 61 3723 .
178 3667 321 3731 Satiricus
340 3665 489 3744 exagitat,
510 3687 579 3744 eos,
601 3666 654 3752 qui
675 3668 718 3728 sic
735 3670 910 3751 loquantur,
931 3669 975 3731 sic
999 3670 1151 3750 sentiant,
1179 3666 1304 3735 statua

177 3750 253 3815 veri
273 3753 445 3837 appellans,
467 3751 500 3812 id
523 3762 569 3814 est
590 3772 608 3813 a
631 3771 706 3814 vero
728 3772 764 3813 ac
784 3763 866 3814 recto
890 3753 1104 3819 alienissimos.
1133 3754 1220 3821 Inter
1239 3756 1303 3819 alios

175 3830 452 3901 manumissionum
466 3837 541 3900 ritus
553 3838 611 3898 fuit
622 3858 701 3921 quae
712 3838 781 3898 heic
793 3835 928 3926 vertigo
945 3839 1062 3921 dicitur,
1084 3838 1215 3907 Graecis
1227 3860 1303 3923 zrat-

176 3923 305 4015 dinatus
329 3933 359 3983 et
379 3918 606 4004 asotutoocprir
634 3944 705 3985 cum
730 3924 990 3989 manumittendus
1013 3924 1121 3990 dextra
1144 3930 1303 4014 prehensa
1337 3996 1340 4001 ,

176 4029 195 4072 a
219 4008 345 4071 domino
359 4007 392 4067 in
406 4009 514 4068 orbem
527 4012 680 4072 rotabatur
696 4010 748 4088 [cf.
760 4008 920 4072 Boxhorn.
936 4008 1063 4089 Quaest.
1077 4012 1174 4079 Rom.
1188 4010 1302 4093 XLVss
1337 4010 1340 4035 ¹

106 4093 250 4171 uninde
268 4090 464 4178 circumagi
476 4116 531 4177 pro
545 4096 674 4173 liberari,
692 4094 809 4158 Seneca
824 4094 1039 4182 epistolaVII:
1067 4097 1213 4164 Plriloso
1236 4098 1303 4161 tiu
1338 4098 1340 4113 '

131 4252 134 4259 ¹
175 4178 309 4243 servias
325 4187 470 4260 oportet,
493 4187 532 4240 ut
549 4178 896 4267 tibiuontingatvera
912 4180 1079 4246 libertas:
1101 4206 1171 4247 noa
1188 4122 1302 4275 differ·
1338 4196 1340 4206 '

174 4275 233 4330 tur
249 4265 285 4328 in
298 4262 401 4338 diem,
426 4260 485 4342 qui
500 4284 535 4324 se
554 4263 613 4328 illi
628 4264 773 4351 subjecit
789 4275 822 4327 et
836 4265 1005 4331 tradidit.-
1027 4269 1151 4335 atatim
1165 4271 1301 4337 circum·
1338 4326 1340 4343 ,

173 4350 314 4437 agitur:
337 4344 401 4409 boc
419 4348 512 4411 enim
529 4346 639 4433 ipsum
654 4348 902 4437 philosophiae
926 4353 1056 4417 servire
1080 4352 1228 4421 libertas
1248 4362 1298 4419 erl.
1338 4354 1340 4406 l

172 4437 328 4502 Praeclare
347 4433 585 4517 Chrysostomus
599 4456 743 4501 sermone
757 4434 797 4498 de
815 4436 974 4527 Joseplro:
997 4434 1071 4507 ὃνὸ
1087 4440 1178 4521 ἴδιος
1190 4440 1299 4528 τρόπος
