2700 4972
44 286 51 293 ’
155 342 223 407 sao
529 314 939 401 consuescimus

157 505 409 597 magnanimum
420 523 522 592 puer,
543 502 577 569 id
594 519 642 568 est
654 504 707 591 qui
717 503 978 587 magnificentiam
998 512 1092 592 putat
1114 524 1185 569 esse
1198 524 1294 571 amn

156 595 454 676 magnanimitatem
475 592 548 655 alibi
562 592 802 675 ohservabsmus
814 592 918 654 solitas
927 592 1024 654 hasce
1035 610 1137 656 voces
1147 590 1293 675 contundi

64 730 66 735 ⁴
157 675 389 766 μεγαλόψυχος
403 690 435 742 et
451 671 721 761 permutantia,
743 686 774 738 et
784 676 893 741 'conae
908 672 1124 761 μικρόψυχος
1144 688 1177 740 et
1187 698 1293 761 prapa-

155 760 300 850 srpeaq'e:
320 765 407 828 idem
420 766 480 826 fuit
491 761 574 849 apud
595 763 740 825 Lamos:
755 780 849 847 puer
868 763 939 825 heic
957 784 1014 849 pro
1032 764 1147 841 stulto,
1162 784 1234 833 noo
1247 784 1294 828 ae-

155 865 234 931 tate,
256 851 313 915 sed
326 851 480 915 moribus:
523 850 583 927 uia,
605 860 640 910 ut
653 850 695 910 ait
705 848 918 934 philosophus,
940 845 1100 931 emptast
1113 842 1216 913 otidis
1228 844 1293 927 vioe

156 934 219 1022 τήν
240 933 374 1020 ἡλικίαν
392 932 419 1019 ἢ
439 931 478 1030 qd
503 870 592 1019 doce
617 929 759 1016 νιαοόςι
785 930 946 1022 peragit,
976 935 1132 1017 absumit3
1160 934 1291 1001 Horatius
1336 916 1340 955 ⁸

93 1050 97 1055 ·
130 1028 136 1043 '
157 1024 233 1106 [Sat.
247 1024 272 1102 Ι,
285 1029 315 1103 2,
333 1021 366 1103 8]
386 1021 548 1108 strengitr

61 1160 66 1171 .
91 1122 94 1127 ’
249 1105 482 1172 Praeclaram
497 1105 640 1194 ingrata
654 1101 798 1193 stringit
812 1100 931 1169 malua
949 1100 1109 1201 ingluvie
1126 1124 1222 1184 rems
1320 1180 1328 1191 ,

122 1254 125 1259 .
159 1194 233 1259 alibi
248 1192 396 1258 oblimat
423 1190 504 1270 [ead.
525 1214 558 1256 v.
572 1191 645 1272 621:

245 1279 339 1344 Rem
350 1275 472 1365 patris
486 1274 654 1353 obtimam

159 1368 260 1430 allusit
274 1366 395 1430 Persius
407 1361 448 1426 ad
466 1364 706 1452 appellationem
745 1358 855 1442 rodigi.
905 1356 996 1447 Apud
1013 1358 1154 1425 Plinium
1173 1380 1238 1425 non
1250 1380 1292 1425 se-

160 1454 225 1516 mel
241 1452 482 1516 obseruabamus
496 1442 666 1534 conficere
682 1382 799 1510 eidam
814 1454 851 1521 et
856 1464 1035 1535 peragere
1050 1468 1116 1510 non
1131 1446 1194 1511 sim
1224 1446 1292 1511 'citer
1334 1444 1340 1515 i

181 1537 338 1615 medere,
355 1538 540 1615 absumere,
559 1533 615 1598 sed
630 1555 686 1621 pro
703 1534 992 1620 penitus‘coquere‚
1014 1542 1048 1594 ut
1060 1532 1143 1597 libro
1216 1578 1227 1603 .,
1238 1552 1291 1621 cop.
1335 1530 1340 1555 ¹

158 1561 224 1686 il(
239 1622 279 1685 de
291 1624 388 1700 stella,
398 1622 491 1686 maris
505 1623 608 1708 pisce:
631 1640 769 1682 omaem
783 1615 898 1683 cibam
912 1616 1037 1681 statim
1051 1616 1212 1707 peragit:
1338 1668 1340 1677 .

160 1707 360 1773 Aristoteles:
375 1701 439 1785 dac
447 1703 491 1771 du
504 1704 602 1792 λάβῃ,
614 1706 816 1853 aaoaan'pa
824 1700 1064 1787 ἐξαιρούμενον
1075 1700 1223 1789 ὅίεφθόν

244 1788 343 1873 ,Πίον
358 1812 441 1880 ego,
463 1792 575 1873 atah]
605 1790 704 1871 Quasi
750 1793 826 1854 icat:
847 1791 930 1878 atqui
950 1790 1100 1878 sapientis
1115 1803 1165 1857 est
1180 1792 1225 1855 uti
1237 1790 1294 1879 opi-

160 1880 238 1958 bus,
259 1900 326 1941 non
340 1878 439 1959 abuti,
463 1877 548 1966 quod
560 1877 682 1965 prodigi
698 1877 820 1941 iaciunt.
1054 1954 1059 1963 ι

39 1966 45 1979 ’
153 2018 155 2023 .
189 1986 196 2007 ’
248 1970 301 2029 tt.
325 1959 406 2028 Nec
420 1962 582 2029 rhombos
595 1960 670 2027 ideo
683 1958 818 2026 libertis
827 1964 958 2047 portare
973 1956 1118 2043 lautas]
1141 1960 1295 2035 Utendum,

160 2051 304 2136 inquam,
326 2050 451 2135 opibus,
469 2073 535 2113 non
547 2047 752 2126 abutendum,
774 2049 863 2112 sicuti
879 2048 996 2110 faciunt
1015 2060 1150 2134 nepotes
1168 2060 1201 2112 et
1216 2048 1294 2125 stulti.

112 2138 240 2222 qgsqui,
264 2135 339 2197 dum
357 2137 431 2199 lauti
442 2138 554 2201 uolunt
565 2134 685 2210 haberi,
712 2135 806 2197 etiam
822 2132 936 2197 libertis
956 2133 1021 2196 suis
1039 2135 1197 2199 rhombos
1211 2156 1228 2198 a

164 2233 253 2285 nunt:
273 2242 332 2306 per
347 2218 507 2287 rhombos
525 2221 660 2301 intellige
675 2220 886 2307 exquisitiores
905 2220 1027 2306 epulas
1056 2221 1209 2286 Horatius
1229 2156 1296 2301 iffi

163 2305 235 2389 132,
252 2305 345 2388 115]=
428 2366 441 2381 ,
1047 2364 1054 2369 .

576 2387 728 2478 fastidia
748 2391 867 2456 omnia
911 2398 1027 2456 maer

249 2478 433 2548 Pavonem
448 2484 484 2538 et
498 2475 674 2554 thamisae,-
696 2480 737 2557 [v.
754 2480 819 2541 intt.
833 2477 873 2541 ad
880 2413 1026 2545 iuvenal.
1041 2476 1130 2561 lv.];

167 2585 221 2650 per
241 2560 545 2640 libertosthomines
566 2566 698 2628 humiles
723 2575 754 2627 et
777 2565 878 2628 tenuis
902 2564 1098 2629 conditionis.
1148 2562 1297 2629 Romano·

166 2671 236 2713 rum
253 2649 343 2712 multi
368 2649 493 2712 libertos
519 2671 594 2713 suos
622 2653 743 2715 honore
762 2671 890 2735 mensae
915 2672 980 2735 nou
1007 2648 1230 2731 dignabantur,
1254 2660 1299 2713 aut

167 2746 247 2798 certe
269 2734 390 2798 diversa
400 2735 509 2798 omnia'
517 2736 576 2799 illis
589 2738 799 2823 apponebant:
821 2736 939 2822 dequo
955 2748 1039 2800 extat
1051 2739 1182 2818 elegans
1195 2737 1299 2825 epistu-

166 2822 195 2883 la
207 2819 297 2883 Plinii
310 2818 445 2883 Secundi
458 2822 536 2885 libro
547 2822 660 2909 primo.
678 2822 711 2900 [6
726 2820 824 2886 Codd.
833 2822 919 2901 ach„
939 2822 973 2884 in
987 2822 1070 2907 quib.
1082 2822 1221 2904 Thuan„
1231 2822 1300 2901 tut,

165 2905 246 2969 Pith.
260 2904 285 2985 I,
307 2905 397 2983 Ebu,
418 2904 560 2981 Chemn„
582 2902 678 2971 Has:
699 2904 892 2985 scombros3
912 2928 976 2971 non
989 2907 1082 2993 apte]
1099 2898 1301 2991 ‘Quisquam

166 2989 287 3054 lautae
304 2991 522 3072 sollicitabant,
543 3014 599 3055 oro
610 3006 656 3072 te,
679 2992 753 3079 quid
768 2994 964 3075 cogitabant?
983 3008 1124 3079 ponere·
1141 2992 1301 3059 lauans

165 3075 286 3140 sollers
305 3096 424 3157 nosse,
450 3072 642 3162 ἑλληνιομὸς
654 3078 760 3144 Persio
774 3079 1040 3146 familiarissimus.

251 3162 304 3227 24.
326 3159 406 3227 Nee
418 3171 558 3226 tenuem
569 3162 692 3227 sollers
708 3161 891 3229 tardorum
912 3185 1012 3229 nosse
1033 3162 1226 3249 salivam]
1244 3163 1301 3231 Nec

163 3245 237 3309 ideo
251 3249 294 3310 ita
307 3247 498 3334 cupediarius
515 3272 584 3330 ero,
605 3262 640 3312 ut
652 3250 758 3315 turdos
776 3249 899 3315 assidue
920 3253 1049 3315 esitemt
1080 3252 1192 3339 quanti
1205 3248 1301 3315 turdos

165 3334 264 3396 altiles
278 3343 309 3395 et
327 3333 465 3397 cellarios
478 3338 613 3401 facerent
627 3335 778 3416 Romani,
800 3335 892 3400 docet
914 3358 978 3401 vox
991 3337 1127 3425 Pompei
1140 3337 1186 3401 ad
1200 3338 1301 3401 Lucul-

166 3418 247 3496 tum,
269 3439 362 3503 quam
374 3422 466 3482 refert
480 3419 660 3486 Plutarchus
680 3423 819 3508 [quater3
839 3442 871 3488 v.
892 3422 946 3503 Pt,
989 3424 1021 3485 ui
1039 3426 1140 3489 multa
1156 3422 1200 3487 de
1213 3422 1300 3511 prelio

120 3552 122 3557 .
165 3501 362 3584 turdorum.]:
381 3516 541 3591 propterea
557 3507 679 3572 Persius
692 3508 880 3590 ligmitorem
897 3520 930 3571 et
948 3446 1064 3591 tixvov
1084 3511 1129 3573 ita
1149 3508 1300 3575 describit:

164 3589 219 3673 qui
231 3590 329 3674 probe
340 3591 435 3670 norit,
457 3610 519 3678 quo
532 3614 565 3656 sa
588 3614 641 3656 ore
656 3595 717 3658 sint
730 3593 825 3674 turdi,
846 3594 880 3656 id
896 3606 942 3659 est
954 3596 1074 3681 quiillis
1091 3616 1191 3682 saepe
1203 3614 1300 3661 vesst-

164 3683 214 3735 tur
228 3685 259 3736 et
271 3696 380 3739 omnes
395 3697 540 3762 saporum
553 3615 754 3759 daerente,
776 3680 893 3765 siquae
907 3682 1063 3746 observari
1075 3682 1191 3746 solitae
1205 3681 1238 3745 in
1246 3692 1300 3743 tur·

166 3756 231 3837 dis,
254 3759 370 3839 erudite
383 3764 499 3827 calleat.
523 3762 573 3842 [V.
587 3767 697 3845 schol]
719 3765 833 3828 Auctor
845 3778 892 3829 est
901 3766 1121 3854 Aristophanes
1135 3768 1172 3830 in
1182 3766 1299 3831 Nebulit

167 3842 255 3924 [980]
278 3847 355 3909 olim
365 3847 507 3928 Athenis,
530 3872 601 3913 cum
614 3850 773 3938 disciplina
789 3863 854 3914 erat
865 3852 1028 3932 astrictior,
1043 3856 1134 3918 nefm
1149 3854 1247 3918 fuisse
1258 3854 1298 3933 ju·

164 3929 301 3994 nioribus
317 3927 504 4016 ὀψοφαγεῖν
518 3930 597 4001 οὐδὲ
612 3939 780 4021 κιχλίζειν,
801 3938 856 4001 ubi
870 3938 1055 4024 piscium-st
1069 3938 1237 4003 turdorum
1251 3958 1298 4024 ap

30 4034 33 4039 ·
163 4015 328 4099 pellatione
352 4018 453 4083 omnis
471 4019 627 4086 delicatior
649 4025 747 4089 victus
766 4025 960 4104 intelligitui3
986 4019 1179 4097 turdarum
1200 4042 1297 4088 omnes

163 4103 363 4166 membranae
381 4116 515 4171 etvetus
532 4108 680 4196 interpres
697 4111 739 4190 [et
752 4113 789 4173 al.
798 4107 996 4174 Grammatici
1010 4122 1042 4175 et
1055 4110 1159 4175 Godd.
1174 4133 1223 4199 ap.
1238 4110 1296 4189 att,

162 4206 228 4247 non
243 4184 440 4270 tardorum,
462 4203 496 4253 ut
509 4196 654 4281 praecipit
673 4196 790 4260 sanctio
811 4196 960 4259 Varronis
976 4195 1010 4259 in
1029 4194 1120 4263 Vllt
1142 4196 1185 4262 de
1207 4198 1296 4277 lingue

163 4271 271 4335 Latina
286 4274 321 4351 [c.
336 4280 388 4340 38.
401 4298 432 4361 p.
447 4277 519 4342 496.
534 4279 587 4366 sp.
597 4279 667 4343 add.
682 4280 720 4344 R.
736 4279 775 4343 R.
789 4279 845 4362 tlt,
860 4284 889 4362 5,
904 4286 942 4347 6:
963 4282 1037 4349 isat
1051 4284 1181 4349 Havnn.
1214 4293 1296 4345 raetcr

164 4362 180 4420 1
202 4378 238 4453 ac
258 4360 349 4445 pauci
369 4362 407 4425 al.
432 4384 502 4425 cum
523 4364 665 4451 Pompeii
687 4366 862 4433 Commeat.
878 4366 918 4430 ad
939 4365 1024 4432 Don.
1045 4391 1080 4455 p.
1099 4370 1173 4435 148.
1187 4307 1294 4447 [tuat

160 4439 276 4508 saliva
292 4466 349 4531 pro
370 4458 460 4529 gustu
479 4461 510 4512 et
530 4470 640 4537 sapore
657 4453 801 4538 frequens
824 4453 939 4519 Latinis
960 4476 1001 4518 ex
1018 4456 1142 4523 rao'one
1159 4456 1294 4543 physica:
