2700 4972
351 111 412 194 AD
443 110 609 178 PERSII
644 110 868 179 srtlssstt
897 111 943 178 11.
1155 114 1220 183 tte
1248 174 1250 178 .

64 280 168 369 quitur
192 278 359 365 Gregorius
384 281 543 365 Nyssenus
565 303 584 346 e
606 268 729 369 iscopris
746 282 779 347 in
800 282 938 348 secundo
963 282 1218 349 commentariolo

10 374 14 395 '
64 389 162 453 super
178 369 326 441 ¹oratione
349 368 524 431 Dominica.
604 380 658 430 aec
678 380 752 433 vota
774 372 838 448 jam
860 369 934 433 inde
954 371 993 431 ab
1016 370 1086 455 ipso
1102 369 1210 434 mundi
1219 373 1271 431 178

67 452 199 533 conditu]
211 455 347 517 instituta
360 476 397 517 ea
411 456 472 517 fine
488 464 574 531 sunt,
598 465 631 515 ut
648 455 723 534 grati
737 455 832 517 animi
843 454 1098 537 significationem
1112 447 1219 520 darem

69 540 122 624 qui
135 546 265 625 opema
279 541 406 602 nmnine
421 551 522 602 essent
543 541 705 601 consecuti.
749 538 813 603 Sed
825 539 1093 626 mox·depraratis
1113 543 1219 605 homi-
1261 546 1265 553 ’

70 627 149 709 num
164 626 303 705 moribus
323 637 353 688 et
373 626 476 712 pravis
491 625 739 710 persuasionibus
759 647 868 689 eorum
890 627 1000 689 animis
1014 627 1160 712 corruptis
1177 648 1217 691 eo
1303 632 1305 637 ’

70 710 200 773 tandem
211 710 374 796 impietatis
386 723 514 776 ventum
529 722 583 788 est,
606 721 640 772 ut
658 710 735 774 deos
749 732 838 775 more
853 712 1018 775 bominum
1038 713 1106 797 capi
1128 710 1217 777 donis
1306 744 1314 755 ··

70 817 206 880 eamque
228 818 296 859 esse
313 795 490 859 mercedem
513 796 751 875 beneficiorum,
779 816 859 882 quae
879 818 898 869 a
922 796 980 860 diis
1001 797 1216 882 acciperemus,

70 902 200 943 caecmn
223 884 333 969 vulgus
354 883 414 946 sibi
437 881 652 968 persuaderet3
676 874 764 949 ‘auxit
785 894 919 947 enurem
941 881 1102 969 poetarum
1122 882 1216 964 natio,

68 989 204 1052 quorum
218 988 282 1031 vox
295 978 367 1074 est:a

155 1054 264 1131 Δῶνα
283 1058 388 1129 &aava
408 1051 526 1130 πείθει,
544 1004 634 1133 ’δῶρ’
659 1050 810 1130 αἰδοίους
831 1049 1002 1138 βασιλῆας,

69 1148 100 1200 et
112 1138 230 1202 similes
244 1141 370 1203 multae.
404 1136 452 1202 Ita
488 1141 622 1202 aullatim
638 1138 816 1201 nundinatio
838 1139 1053 1225 quaedamst,
1076 1152 1110 1203 ut
1121 1150 1214 1206 vocat

67 1223 159 1286 Plato
184 1222 219 1286 in
237 1222 437 1310 Eutpplrrone
456 1162 496 1308 [ξ.
522 1228 589 1306 18],
619 1221 780 1308 ἐμπορικη
802 1223 898 1309 τέχνη
920 1226 999 1288 inter
1019 1225 1096 1289 deos
1119 1236 1264 1312 atquetllt)

67 1308 216 1395 homines
231 1310 444 1373 luitinstituta.
487 1311 538 1373 De
552 1312 613 1373 hoc
635 1322 719 1373 tanto
740 1312 869 1373 humani
890 1311 1009 1391 generis
1029 1332 1130 1374 errore
1150 1313 1213 1393 agit

67 1394 193 1471 Persius
205 1394 239 1457 in
253 1396 339 1459 tertia
353 1394 470 1459 Satirae
485 1408 570 1483 parte
592 1396 645 1472 [52
654 1434 693 1444 —
703 1401 776 1470 701:
798 1397 947 1476 originem
963 1399 1055 1475 hujus
1069 1398 1213 1461 stultitiae

69 1478 206 1542 ostendit
223 1492 254 1559 et
267 1480 434 1545 vanitatem
447 1482 646 1545 vanissimam
654 1483 734 1543 salse
747 1482 935 1565 graviterque
950 1481 1070 1543 irrida:
1095 1481 1211 1568 dequo

67 1564 157 1628 Plato
168 1565 266 1629 'etiam
279 1568 415 1630 tractavit
436 1589 507 1629 cum
526 1568 559 1628 in
570 1565 770 1651 Eutyphrone
788 1577 855 1628 tum
874 1567 907 1629 in
923 1566 1080 1629 Alcibiade
1100 1586 1212 1631 secun-

66 1648 120 1712 do.
147 1649 271 1715 Persius
287 1673 362 1716 vero
377 1674 442 1714 non
458 1655 561 1714 solum
577 1654 688 1714 falsam
703 1652 882 1737 opinionem
898 1653 1062 1714 hominmn
1077 1654 1211 1734 castigat,
1273 1676 1275 1681 ·

64 1734 123 1799 sed
144 1736 239 1799 etiam
255 1739 417 1824 postremis
433 1737 726 1824 quinqueremibus
746 1740 837 1822 plane
858 1739 957 1799 aureis
979 1736 1150 1801 doctrinam
1171 1736 1210 1802 de

62 1822 147 1909 votis
158 1819 230 1885 Deo
247 1825 338 1904 gratis
355 1844 463 1887 reram
480 1835 511 1886 et
525 1824 577 1888 vel
595 1821 766 1887 Christiano
782 1833 978 1909 praeceptore
999 1822 1211 1907 dignissimam

62 1919 110 1971 est
134 1910 326 1994 complexus.

146 1993 202 2056 An
238 2017 427 2058 ruorruiu
454 1997 706 2068 Macareum]
744 1991 869 2080 Duplex
900 1992 1017 2057 Satirae
1044 1995 1134 2073 hujus
1156 1994 1207 2057 in-

59 2077 185 2165 scriptio
203 2080 235 2142 in
248 2082 454 2145 membranis:
478 2080 560 2167 prior
572 2103 687 2142 nornen
709 2080 843 2142 continet
864 2081 961 2160 illius,
985 2079 1140 2166 adquem
1161 2092 1208 2151 est

59 2165 174 2244 missa,
197 2166 249 2251 qui
267 2168 403 2229 nonfuit
419 2165 568 2229 illinutius
584 2166 739 2229 illacrinus
751 2164 933 2241 Brixianus,
956 2164 996 2228 de
1015 2186 1077 2251 quo
1092 2148 1209 2231 Pthius

60 2250 193 2337 epistola
213 2250 306 2315 XIV.
328 2253 396 2315 libri
416 2253 523 2338 pruni,
552 2252 636 2336 quod
653 2251 779 2337 quidam
796 2252 974 2338 interpretes
991 2246 1227 2335 conjiciebant,

59 2334 119 2399 sed
140 2336 218 2399 alius
231 2336 347 2400 Plotius
367 2338 534 2414 Macrinus,
557 2339 654 2400 homo
676 2338 846 2416 veteribus,
869 2338 920 2423 qui
941 2337 1066 2422 quidem
1086 2334 1127 2399 ad
1149 2358 1208 2402 nos

39 2472 42 2479 .
59 2435 283 2508 pervenerunt,
305 2421 449 2487 indictus:
472 2421 593 2486 videtur
612 2435 716 2491 autem
730 2424 780 2485 hic
796 2422 952 2486 Macrinus
971 2422 1196 2508 condiscipulus
1204 2435 1257 2496 174

60 2506 160 2571 tuisse
175 2504 270 2571 Pe'rsii
289 2508 370 2596 apud
386 2508 550 2571 Servilium
562 2508 756 2587 Numanum,
780 2528 872 2593 quem
885 2509 1020 2588 Persius,
1042 2520 1076 2569 ut
1094 2509 1136 2571 ait
1148 2529 1205 2571 au-

10 2612 13 2619 ·
62 2604 130 2655 ctor
148 2594 233 2657 vitae
254 2596 349 2672 illius,
373 2596 466 2656 coluit
491 2606 524 2655 ut
546 2606 681 2680 patrem:
711 2593 853 2657 sederat
876 2594 1030 2657 Macrinus
1053 2594 1207 2679 aliquanto

62 2698 160 2783 guam
181 2678 303 2743 Persius
315 2692 388 2743 natu
408 2679 566 2760 grandior:
588 2691 663 2764 puto
682 2681 725 2743 sic
746 2679 923 2764 accipienda
941 2680 1052 2743 veteris
1064 2677 1207 2742 Scholia-

64 2776 132 2829 stae
151 2768 262 2829 verba:
283 2765 487 2850 Alloquitur
506 2763 665 2828 Plotium
680 2762 900 2838 Macrinum,
922 2762 1098 2827 homiaem
1120 2784 1205 2827 sanc

65 2846 246 2913 eruditum
265 2860 299 2913 et
321 2860 472 2939 paterna
493 2871 530 2911 se
550 2846 687 2938 ¹affecta
710 2847 928 2938 diligentem,
959 2848 1019 2936 qui
1046 2848 1082 2911 ia
1103 2847 1205 2912 domo

64 2933 211 3000 Servilii
230 2932 407 3001 didicerat
414 2958 424 3012 ;
458 2957 481 2997 a
503 2956 567 3022 qao
594 2934 751 3024 agellum
777 2943 1046 3023 comparaverat
1072 2931 1206 2999 indulto
1295 2978 1298 2997 ι

62 3018 132 3092 siti
149 3020 265 3108 pretio
284 3021 473 3107 aliquanto.
519 3023 619 3084 Altero
639 3023 726 3083 titulo
753 3032 967 3102 argumentum
989 3020 1105 3085 Satirae
1124 3020 1229 3085 indi-¹

62 3130 132 3173 care
150 3108 244 3170 critici
263 3110 439 3187 voluerunt,
461 3130 518 3170 nec
539 3119 645 3169 tamen
666 3108 820 3170 consecuti
837 3118 907 3170 sunt
928 3106 1011 3192 quod
1033 3111 1206 3172 voluenmt.

59 3193 269 3259 Pithoei‘libri
280 3190 512 3281 praeferebant:
536 3190 591 3255 De
615 3190 701 3255 baua
719 3200 850 3267 rnente3
873 3192 1016 3256 Puteani:
1041 3190 1096 3255 De
1110 3190 1205 3256 vitae

57 3276 260 3343 honestate:
288 3302 419 3366 quorum
443 3292 605 3363 utrumque
629 3290 675 3341 est
697 3271 976 3362 ἀπροσδιόνυσον.
1020 3278 1133 3342 Melius
1155 3279 1204 3341 iu-

56 3366 174 3431 scribas
188 3364 265 3448 aspi
278 3362 467 3450 ὁσιότητος,
490 3388 528 3427 eo
551 3385 661 3441 sensu,
685 3387 745 3449 quo
765 3365 938 3427 delinitura
953 3364 1080 3428 Platone
1094 3364 1128 3426 in
1139 3362 1204 3425 Eu-

55 3453 214 3538 typlrrone
229 3450 268 3534 [ξ.
287 3453 349 3532 17],
373 3446 532 3534 ἐπιστήμη
553 3445 710 3533 αἰτήσεως
725 3449 782 3514 καὶ
797 3447 1042 3525 tessaracota:
1064 3450 1110 3513 M.
1126 3448 1204 3512 Tul-

54 3538 115 3601 lius
133 3536 214 3616 [Nat.
231 3537 273 3602 D.
291 3537 316 3617 Ι,
335 3536 419 3620 41,§
448 3537 522 3617 116]
547 3537 648 3621 paullo
669 3537 754 3598 aliter
769 3557 808 3598 ex
821 3535 1090 3599 eodemPlatone:
1111 3538 1204 3600 San·

56 3622 163 3687 clitus
185 3631 237 3686 eet
258 3622 406 3687 scientia
429 3620 652 3690 colendorum
670 3619 826 3683 deorum.
1130 3628 1131 3632 ’

79 3786 82 3791 ¹
143 3704 269 3788 Hunc,
292 3706 474 3783 Macrine,
499 3705 592 3770 diam
609 3727 756 3769 numera
778 3702 1092 3790 meliorelapillo.]
1124 3703 1204 3769 cum

57 3806 139 3860 esset
163 3796 260 3858 moris
278 3795 344 3858 dies
359 3795 528 3857 amicorum
552 3795 668 3855 natales
687 3794 822 3857 intineris
847 3793 1048 3855 missitatione
1067 3792 1204 3853 cohone-

56 3893 153 3962 stare,
175 3882 259 3945 soliti
270 3893 342 3945 sunt
357 3882 415 3944 viri
439 3878 521 3941 docti
539 3881 684 3963 opuscula
704 3900 759 3942 sua
778 3878 819 3940 ad
833 3879 949 3942 amicos
964 3876 1098 3940 eruditos
1117 3886 1205 3938 nata-

58 3967 114 4030 litii
128 3968 217 4030 titulo
232 3968 369 4044 mittere,
392 3967 468 4029 sicut
489 3966 622 4048 loquitur
637 3963 821 4027 Censorinus
842 3965 876 4025 in
898 3965 1088 4049 praefatione
1109 3960 1204 4024 libelli

60 4075 97 4117 ea
109 4046 274 4117 occasione
294 4053 412 4138 scripti3
435 4072 469 4113 ac
489 4051 635 4136 quoniam
655 4071 766 4130 magna
782 4050 929 4130 religione
950 4050 1043 4112 natali
1062 4047 1111 4109 die
1130 4055 1205 4109 vota

61 4139 312 4225 concipiebantur
331 4139 364 4201 in
388 4158 504 4199 annum
525 4130 701 4220 proximum
722 4146 774 4197 aut
793 4139 895 4222 plures
925 4144 1110 4220 sequentes,
1130 4129 1205 4195 inde

63 4227 262 4307 occasionem
275 4223 368 4289 sumit
377 4222 498 4288 Persius
511 4220 550 4311 de
562 4222 642 4286 votis
655 4242 726 4284 cum
733 4220 870 4286 Mttcrino
887 4219 1066 4285 disserendi.
1099 4213 1205 4313 Quam
