2700 4972
93 278 160 401 nu
467 321 878 393 oouunurnuros

89 500 143 587 qui
156 498 216 563 fuit
228 498 327 565 rictus
340 492 603 583 pauperrimormn
620 505 741 557 tantum
754 497 820 572 ejus
838 494 964 573 aetatis,
985 490 1149 581 quondam
1161 516 1228 559 vcro

89 588 190 674 piebis
214 584 394 661 Romanae,
422 593 457 647 ut
481 604 521 645 ex
541 581 682 645 Varrone
714 582 857 645 observat
884 581 1002 645 Plinius
1030 582 1087 645 lib.
1105 580 1228 645 XXXI.

91 694 157 759 cap.
170 670 219 735 Vl
240 682 271 733 et
289 670 390 732 omnis
408 665 570 730 comoedia
583 666 668 729 testis
682 678 737 730 est.
781 665 905 743 [Melius
918 666 1056 731 Turneb.
1069 666 1151 731 adv.
1158 666 1228 746 XX,
1271 712 1276 749 ι

92 765 127 825 1:
150 755 237 836 „Nisi
251 758 309 827 vel¹
324 756 457 839 perjurio
478 770 546 819 rem
566 774 709 839 quaeras,
735 753 790 817 vix
815 754 860 815 sal
879 753 951 832 tihi,
973 775 1070 839 quem
1092 752 1227 834 delinges,

91 852 247 928 suppetet,
270 863 306 903 ac
317 842 450 903 salinum
467 840 523 901 tibi
543 850 664 925 propter
685 838 757 901 salis
777 839 932 924 inopiam,
953 850 987 901 ut
1008 838 1109 903 micas
1125 840 1227 901 etreli-
1274 846 1276 851 '

91 931 178 1015 quies
196 926 345 1013 quasdam
367 930 432 1005 ejus
453 925 543 987 salini
566 927 702 986 conchae
723 926 869 987 tenaciter
888 926 1087 989 inhaerentes
1098 926 1226 1003 'rerellm

92 1016 149 1077 erit
177 1033 258 1097 pene
285 1011 386 1091 digitis
415 1010 673 1089 terebrandurn.“]
719 1008 784 1073 Sed
811 1011 889 1073 mira
915 1011 1090 1075 sententiae
1110 1010 1225 1091 energia,

90 1113 125 1161 ut
139 1101 253 1183 ubique
265 1096 348 1182 apud
361 1100 444 1159 hunc
459 1096 594 1182 poe'tam,
616 1095 656 1157 ad
671 1096 882 1182 paupertatem
895 1118 1054 1159 summam
1066 1096 1226 1183 exprimen-

93 1185 181 1247 dam:
199 1200 354 1269 peragea
371 1180 525 1246 Graecum
540 1194 585 1245 est
602 1178 721 1256 διάξεις
736 1204 792 1268 pro
810 1177 931 1257 διάξεις
945 1178 1007 1247 τόν
1024 1181 1124 1266 pior:
1145 1203 1226 1267 qnan-

93 1271 147 1333 diu
158 1271 263 1347 vives‚
284 1290 407 1354 semper
425 1269 484 1331 eris
501 1289 617 1353 pauper
633 1279 723 1352 atque
740 1267 820 1331 adeo
834 1290 891 1353 spe
910 1269 1005 1331 etiam
1023 1268 1114 1331 omni
1128 1266 1227 1329 carebis

92 1360 234 1419 fortumae
248 1356 353 1439 paullo
368 1356 477 1417 saltem
489 1354 642 1415 lautioris:
663 1353 698 1417 id
715 1354 800 1415 enim
815 1362 993 1419 contentus
1013 1354 1160 1439 [quocum
1170 1356 1225 1431 jun-

42 1447 96 1509 tu
107 1440 243 1521 gendum
261 1451 309 1503 est
323 1436 532 1519 terebrare]z
553 1435 663 1526 digito
678 1436 833 1501 solinum
848 1436 1035 1502 'terebrare
1053 1451 1103 1503 est
1122 1438 1225 1501 duobus

96 1527 198 1607 digitis
210 1526 394 1611 primoribus
408 1527 578 1611 pauxiilum
591 1526 663 1588 salis
678 1525 824 1603 delibare,
845 1526 889 1587 sic
904 1537 938 1588 ut
952 1526 1086 1607 uestigia
1096 1525 1225 1611 impressa

95 1623 223 1698 pareant
245 1609 427 1690 digitorum:
450 1611 599 1696 expressit
622 1608 663 1673 ad
685 1614 817 1675 verbum
838 1608 1028 1675 Graecorum
1046 1609 1227 1697 prouerbium

96 1692 196 1762 ἁλίαν
220 1699 363 1783 spungia.
414 1698 596 1782 Apollonius
624 1698 656 1759 in
685 1699 815 1782 epistola
842 1695 883 1759 ad
905 1694 1100 1783 Euphratem
1126 1692 1227 1795 [Vllp
1274 1773 1276 1780 Ι

96 1777 211 1849 πάντα
230 1783 314 1863 φασὶ
335 1783 407 1849 δεῖν
430 1778 488 1847 cdv
512 1779 660 1862 ἔμπορον
678 1777 790 1847 σιάλων
814 1780 931 1847 σείειν·
962 1779 1038 1863 ἐμοὶ
1061 1777 1095 1846 δ’
1118 1780 1165 1865 sip
1180 1800 1229 1861 νην
1274 1784 1276 1801 “

98 1860 199 2017 &flav
209 1870 342 1952 νρυιιᾷν
357 1866 393 1935 ἐν
410 1864 552 1951 Θέμιδος
566 1866 658 1955 οἴνῳ.
699 1868 825 1933 Plautus
847 1866 949 1933 dicere
963 1870 1044 1933 solet
1066 1864 1229 1955 deliugero

96 1977 115 2018 o
157 1974 223 2017 em.

186 2061 259 2122 189.
282 2051 322 2117 Si
336 2051 451 2118 vivere
471 2076 552 2119 eum
565 2053 652 2119 Jove
676 2053 812 2135 tendis]
834 2052 879 2119 Et
901 2048 1035 2134 dodonec
1055 2070 1112 2122 σοι
1128 2048 1230 2119 teari

101 2136 190 2206 Θεδν
204 2140 287 2223 βίος.
319 2141 411 2217 [Jove
427 2143 528 2205 amico
544 2143 611 2207 sive
625 2154 659 2203 ut
677 2143 706 2205 ei
726 2162 851 2228 semper
862 2143 1083 2230 obtemperes]
1125 2140 1231 2207 Plautus

101 2227 246 2292 Rudente
266 2226 334 2306 [1v,
347 2234 378 2303 7,
394 2227 443 2305 8]:

208 2310 280 2375 Isto
302 2320 340 2374 to
352 2331 489 2397 pauper
503 2332 560 2388 ee,
587 2332 668 2374 cum
684 2306 791 2375 nimis
809 2320 931 2374 sancte
944 2312 1038 2399 pius.

189 2434 259 2497 140.
282 2426 367 2492 Jam
388 2429 508 2515 pueris
524 2426 659 2517 pellem
680 2429 875 2493 succinctus
896 2441 930 2494 et
952 2432 1232 2518 oenophorumo-
1274 2474 1276 2506 ;

97 2518 203 2605 plau]
225 2516 297 2578 Jam
316 2514 371 2577 tibi
387 2516 512 2578 avaritia
529 2518 694 2603 persuasit,
717 2528 749 2576 ut
763 2516 823 2578 sihi
842 2519 988 2580 servires:
1008 2521 1113 2606 itaque
1130 2520 1235 2584 succin-
1274 2536 1276 2579 i

101 2614 167 2667 ctus
180 2603 248 2689 ipse
264 2623 313 2663 res
335 2599 374 2662 ad
395 2602 453 2663 iter
467 2603 654 2665 necessarias
675 2603 802 2682 segestri
821 2604 974 2667 involutas
995 2628 1165 2691 puerorum
1178 2618 1235 2669 too-
1273 2582 1276 2650 i

100 2710 171 2751 rum
184 2688 320 2749 humeris
335 2686 470 2772 imponis
486 2697 516 2750 et
526 2689 619 2750 simui
633 2690 849 2775 oenophorum
861 2691 1007 2753 manibus
1021 2694 1146 2755 illorum
1156 2702 1235 2777 aptat,
1274 2739 1276 2746 ·

34 2774 195 2852 proprius
212 2771 251 2835 ad
277 2794 390 2836 narem
405 2776 609 2858 profecturus,
631 2786 664 2834 ut
688 2775 774 2837 iliam
789 2774 977 2838 conscendas
991 2776 1131 2842 Orientis
1143 2799 1237 2861 empo
1274 2778 1276 2785 '

104 2860 149 2922 ria
163 2861 312 2947 petiturus
332 2859 410 2941 [sive
427 2861 529 2945 potius
543 2881 582 2922 ex
602 2882 680 2922 recc.
703 2860 876 2923 criticorum
899 2860 1115 2928 distinctione:
1135 2875 1165 2927 et
1177 2862 1237 2925 dicis

104 2946 225 3032 pueris:
248 2942 343 3007 ocios
359 2942 408 3007 ad
422 2965 546 3007 navem
562 2968 619 3008 vos
635 2944 819 3024 conserte!];
839 2944 971 3029 pellem
982 2962 1076 3012 vocat
1091 2946 1240 3035 proculdu-

105 3032 159 3095 bio
175 3031 330 3111 segestria,
348 3030 511 3115 dequibus
529 3032 601 3095 satis
618 3029 658 3093 ad
668 3030 806 3093 Suetonii
819 3030 974 3095 librumll
990 3034 1029 3113 [c.
1039 3038 1114 3115 8313
1130 3030 1239 3121 pueris

107 3128 212 3181 autem
227 3116 359 3199 legimus
383 3139 455 3179 cum
478 3118 631 3182 veteribus
645 3114 807 3197 Bongarsii
830 3130 861 3179 et
879 3120 1007 3182 nostris:
1031 3120 1169 3207 primum
1182 3120 1240 3207 qrria

107 3223 203 3265 nemo
223 3222 257 3264 se
284 3202 384 3264 itineri
412 3202 568 3283 accingere
595 3204 719 3280 solitus,
748 3204 888 3287 quamvis
915 3216 1009 3267 tenax
1040 3218 1071 3269 et
1098 3207 1242 3295 deparottt,

104 3288 180 3373 quin
214 3307 305 3350 ueros
318 3298 369 3348 aut
385 3290 494 3350 saltem
515 3310 611 3349 unum
631 3310 762 3373 puerum
783 3282 979 3355 ἀκόλουθον
1001 3294 1132 3356 haberet
1144 3292 1184 3359 a'd
1196 3296 1242 3357 ha

103 3309 230 3453 juranda
253 3369 532 3455 στρωματόδεσμα
552 3385 583 3437 et
603 3386 720 3437 caetera
741 3377 927 3454 necessaria3
950 3377 1066 3442 deinde
1092 3381 1137 3443 ita
1158 3378 1241 3447 estin

105 3456 227 3520 Horatii
242 3477 349 3533 versu,
373 3479 466 3542 quem
487 3460 621 3521 imitatur
635 3460 756 3523 Persius
773 3460 848 3537 [Sat.
866 3458 891 3537 I,
906 3467 936 3543 6,
953 3466 1016 3529 108
1030 3467 1110 3550 sq.]:

126 3590 129 3595 .
200 3540 290 3605 Cum
307 3536 450 3605 Tiburte
465 3541 526 3605 via
540 3554 738 3628 praetorem
763 3545 913 3632 quinque
936 3560 1132 3635 sequuntur
1198 3600 1208 3620 ,

199 3622 249 3689 Te
269 3626 374 3711 pueri
389 3626 550 3690 lasanum
564 3638 750 3713 portantes
766 3630 1093 3721 oenophorumque3

106 3734 201 3815 quare
224 3714 351 3775 alteram
373 3715 539 3777 lectionem
561 3712 645 3777 Jam
663 3737 751 3801 puer
775 3715 822 3797 ie,
852 3722 909 3781 etsi
928 3721 1092 3785 inventam
1116 3720 1244 3785 nobisin

106 3802 186 3863 hbro
199 3798 328 3861 Puteani
343 3811 374 3861 et
386 3801 452 3864 aliis
486 3802 653 3864 uibusdam
666 3801 765 3884 editis,
787 3827 851 3866 non
863 3808 1041 3893 probamus.
1079 3807 1138 3887 [Ita
1151 3826 1246 3872 omnes

107 3884 323 4051 Achwpp'apter
349 3882 438 3949 Colb.
467 3886 513 3949 ll
542 3899 573 3950 et
602 3888 654 3950 alii
677 3911 742 3952 non
770 3891 878 3977 pauci3
912 3892 969 3956 sed
998 3916 1066 3959 uon
1095 3908 1142 3961 cst
1168 3892 1245 3959 tenth

108 3992 141 4035 v.
178 4036 181 4041 ,
211 3992 259 4032 e.

199 4088 271 4154 141.
298 4085 392 4168 Quin
413 4087 513 4153 trahe
530 4100 633 4155 vnete
648 4089 833 4182 Aegaeum
853 4094 998 4183 rapias]
1021 4100 1148 4189 Rspide
1160 4120 1246 4166 seces:

57 4176 258 4245 445Horatius
277 4173 352 4252 [Od.
374 4174 400 4253 l,
422 4182 451 4255 1,
470 4182 509 4242 13
524 4175 582 4261 sq.]

614 4270 652 4327 ut
670 4260 768 4329 trabe
786 4262 917 4352 Cyprio

201 4341 384 4432 Myrtoum
398 4340 552 4432 pavidius
571 4354 685 4413 nunu
708 4361 801 4415 secet
823 4374 942 4432 marea

71 4431 173 4515 ’.εἰσΙ
187 4445 354 4519 campum
377 4446 502 4515 rupere
527 4431 611 4519 apud
631 4432 765 4501 Statium
790 4438 913 4520 [Theb.
929 4439 984 4523 V,
1000 4444 1062 4528 313
1089 4447 1137 4513 uic
1155 4441 1249 4513 Graeci
