2700 4972
122 344 131 451 j
192 306 251 365 “·”
296 324 850 435 aorsnsusnrmlur
906 396 910 409 ι
959 332 1007 413 “.
1062 357 1190 460 psa

42 521 90 586 bis
110 512 221 587 verbis
238 525 393 609 praeclara
413 520 583 608 disquisitio
604 523 741 589 Meisteri
760 524 794 587 in
815 523 931 590 Letzte
945 516 1086 590 Studien
1105 524 1188 607 ribcr

41 606 85 673 Α.
98 605 243 673 Persius
259 607 415 673 Fluccm.
440 610 553 696 (Lips,
577 612 674 693 1812)
697 610 819 675 Comm.
840 609 864 675 I.
882 632 926 698 p.
951 601 1078 678 1'-30.
1120 612 1186 676 Ex-

40 696 209 780 ponuntur'
221 693 263 757 de
283 700 424 759 veterum
445 697 594 759 sententia
615 688 761 781 physicae
781 697 923 776 rationes,
945 719 1023 783 quae
1043 701 1185 784 splenem

42 781 114 842 risui
136 778 251 843 sedem
270 781 443 846 tribuerint:
473 784 554 843 hunc
576 784 660 843 enim
687 785 827 862 ejecere
849 781 986 847 derivare
1004 786 1185 857 melancho-

41 866 115 929 licos
136 864 320 951 humqresz'
337 868 505 952 cuicunque
526 889 598 948 ergo
620 870 709 954 splen
734 870 774 930 sit
792 890 904 931 eorum
932 873 1058 956 plenus,
1087 892 1184 955 usque
1275 872 1278 877 ’

42 963 201 1029 extensus,
232 953 377 1015 excitatns
403 964 433 1015 et
453 954 539 1038 quasi
559 956 712 1039 petulans,
743 976 814 1016 eum
837 975 905 1017 csse
925 957 1002 1018 tristi
1023 979 1058 1019 ac
1076 958 1183 1020 tetrico

40 1038 146 1099 animo
168 1038 238 1101 sive
258 1039 421 1101 lienosum.
465 1038 642 1119 Significare
667 1040 759 1120 igitur
778 1051 903 1126 poetam
929 1063 965 1104 se
985 1055 1109 1128 propter
1133 1045 1184 1106 in-

39 1135 145 1185 natam
165 1123 318 1185 tristitiam
339 1125 561 1188 cachinnonem
590 1146 659 1187 esse
683 1136 714 1187 et
735 1129 939 1208 σαρκασμοῖς
964 1128 1182 1214 incorruptos

40 1220 70 1271 et
88 1207 308 1294 pessumdatos
329 1212 420 1295 plane
440 1231 543 1273 mores
571 1212 669 1272 effuse
695 1209 871 1293 indulgere·
905 1211 1048 1300 Denique
1068 1232 1181 1279 vocem
1225 1290 1228 1301 Ι

40 1294 210 1366 cachinno
226 1316 283 1380 pro
307 1299 403 1360 verbo
425 1298 533 1375 habet3
562 1296 682 1358 nomini
710 1319 775 1358 non
803 1298 895 1366 aliam
918 1321 985 1363 esse
1007 1302 1182 1382 analogiam

38 1400 73 1442 ac
95 1378 218 1444 catillo
238 1381 366 1444 eLucil.
383 1402 431 1467 ap.
447 1380 472 1443 F
474 1393 528 1444 est.
547 1379 846 1462 ettttacrob.ll,12.
890 1383 929 1447 Ei
953 1407 1029 1450 vero
1052 1387 1181 1473 opponit

37 1464 154 1530 Orellt
183 1465 256 1545 „Tu
278 1462 441 1541 confer-r.⁸
456 1488 544 1543 erro,
567 1465 670 1545 lurco,
691 1467 849 1540 verbero,
872 1469 1031 1549 tenebrio,
1053 1471 1180 1552 catill0,

34 1551 186 1639 popino,
212 1550 314 1637 gluto
334 1552 375 1632 V,
399 1558 476 1630 1123
508 1551 617 1638 palpo
644 1554 685 1633 V,
709 1556 801 1620 176.“
843 1554 883 1618 Et
903 1558 1101 1636 invenustum
1123 1570 1184 1639 est,
1209 1554 1212 1559 ’

35 1637 166 1789 2¹me
194 1637 297 1737 Meist
329 1649 360 1700 et
379 1637 427 1701 Pl.
454 1637 636 1720 distinguas:
664 1662 740 1703 sarm
759 1640 938 1727 petulur'iti
958 1643 1090 1730 splene,
1120 1667 1180 1709 cu-

113 1746 172 1787 no.
264 1760 269 1769 ·
388 1748 391 1753 ·
525 1772 528 1777 -
802 1760 809 1777 ι

121 1729 186 1875 ts]
199 1806 387 1872 Scribimus
403 1806 526 1873 inclusi
545 1807 787 1890 nrtmerosille,
808 1809 863 1874 bic
875 1810 968 1897 pede
988 1812 1096 1895 liber]
1118 1804 1233 1882 Se-(bll

35 1894 136 1981 quitur
161 1916 235 1983 pars
262 1894 378 1957 Satirae
404 1896 496 1975 hujus
522 1893 673 1973 secunda,
709 1900 793 1976 cujus
821 1919 977 1971 surmnam
1005 1912 1035 1962 et
1062 1922 1178 1966 nexum
1193 1893 1231 1950 54

35 2002 106 2044 cum
126 1980 332 2068 praecedente
352 1981 598 2066 perstrinximus:
622 2003 692 2043 cum
714 1980 912 2046 deterreretur
931 1984 1024 2070 po'e'ta
1045 1980 1178 2051 a'Satira

35 2087 136 2153 neque
156 2069 211 2130 ille
232 2089 270 2131 eo
293 2067 420 2130 consilio
441 2069 536 2132 vellet
556 2067 609 2148 uti,
631 2066 709 2129 redit
723 2067 764 2130 ad
775 2070 863 2131 filum
883 2070 1029 2136 orationis
1049 2073 1175 2138 inchoa·

35 2164 83 2217 tae
101 2154 159 2217 illo
180 2175 292 2218 versu:
767 2174 770 2179 ·

121 2237 156 2302 0
169 2261 271 2303 curras
284 2237 481 2302 bominum!
502 2261 523 2303 ο
541 2249 706 2327 qnantum
721 2247 772 2302 est
791 2236 828 2302 irc
851 2238 949 2306 rebus
964 2243 1092 2308 inane!

32 2323 89 2388 sed
107 2323 196 2411 quod
219 2326 253 2387 in
274 2346 386 2404 genere
407 2326 451 2388 ibi
471 2327 664 2412 propositum
684 2329 798 2404 fuerat,
828 2326 862 2390 iu
883 2330 986 2414 specie
1009 2332 1078 2393 heic
1100 2352 1177 2394 con-

33 2409 194 2475 sideratur.
234 2409 284 2472 Ex
314 2411 457 2474 omnibus
478 2422 588 2474 autem·
609 2413 773 2474 hominum
799 2416 961 2492 generibus
990 2437 1045 2479 eos
1072 2417 1174 2503 primo

33 2496 102 2559 loco
124 2495 307 2578 aggreditur,
330 2498 382 2581 qui
396 2496 555 2560 Musarum
576 2499 668 2561 sacris
690 2508 775 2560 erant
790 2501 918 2584 operati:
938 2501 1081 2586 primum,
1104 2505 1176 2588 quia

33 2582 66 2645 ti
84 2582 195 2647 Persio
218 2582 372 2645 notissimi
398 2593 445 2662 et,
475 2594 509 2643 ut
530 2584 573 2646 sic
595 2583 711 2662 dicam,
740 2585 839 2664 magis
861 2587 962 2665 obvii,
990 2599 1025 2649 ut
1050 2588 1176 2653 aliunde

35 2669 224 2731 curationem
243 2668 378 2753 incipere
397 2689 462 2730 non
484 2667 639 2749 debuerit,
663 2667 790 2748 deinde,
811 2672 883 2756 quia
904 2674 1017 2735 horum
1037 2675 1111 2738 vitia
1135 2696 1173 2739 eo
1204 2718 1206 2723 -

33 2756 151 2818 ferebat
170 2755 388 2841 impatientius,
410 2753 494 2839 quod
508 2755 670 2818 videbatur
688 2756 835 2818 infamiae
855 2778 927 2843 pars
946 2759 981 2819 in
1000 2759 1104 2844 ipsum
1124 2781 1176 2825 re-

34 2838 191 2917 dundare,
219 2850 253 2901 ut
283 2851 518 2905 consectaneum
537 2842 661 2903 illorum
688 2853 719 2903 et
744 2842 845 2904 studia
873 2842 984 2906 eadem
1012 2848 1174 2925 colentem,

32 2927 88 2990 etsi
115 2947 184 2989 non
212 2924 327 2988 eodem
354 2924 474 3011 modo,
511 2923 787 3005 Quemadmodum
816 2940 920 2991 autem
947 2929 1079 2995 Satirarn
1104 2933 1176 2994 uni·

31 3032 153 3077 versam
173 3012 210 3073 in
230 3032 285 3074 sua
296 3013 436 3075 membra
450 3012 671 3098 perspicuitatis
684 3013 779 3092 gratia
793 3011 996 3095 distinximus,
1017 3018 1059 3078 ita
1081 3019 1175 3082 etiam
1287 3028 1290 3033 '

32 3098 100 3161 heic
119 3098 285 3185 particulas
305 3098 439 3178 singulas
460 3099 624 3183 separatim
640 3099 865 3181 enarrabimus3
885 3102 920 3183 in
941 3122 1002 3185 quo
1018 3115 1174 3166 auctorem

32 3183 134 3271 ipsum
155 3194 189 3247 et
209 3181 335 3244 ductum
357 3185 502 3245 orationis
524 3185 589 3262 ejus
610 3204 788 3268 sequemur,
809 3208 910 3270 neque
931 3190 1074 3273 exemplo
1095 3210 1175 3274 quo·

31 3270 162 3333 tundam
192 3280 246 3330 aut
272 3270 461 3349 negligemus
495 3265 588 3344 τάξιν
615 3268 829 3332 admirabilem
855 3271 968 3356 politae
1016 3274 1174 3360 hilosophi

33 3366 80 3418 eut
97 3355 190 3419 inani
209 3354 383 3440 περιεργίᾳ
403 3350 462 3419 τὸν
483 3350 586 3436 λόγον
606 3354 846 3438 tetraptotam,
868 3369 902 3419 nt
923 3358 965 3419 ait
984 3295 1088 3438 blato,
1112 3382 1174 3423 no-

33 3439 104 3504 dum
125 3443 162 3505 in
186 3441 270 3528 sirpo
292 3462 482 3526 quaeremus.
527 3440 607 3503 Sunt
625 3441 716 3521 igitur
742 3443 907 3527 periochae
932 3444 1018 3507 istius
1040 3447 1173 3531 particu-
1279 3448 1284 3463 ’

32 3527 75 3590 lae
96 3526 276 3606 duodecim,
299 3529 464 3609 συμφυεῖς
486 3527 556 3589 illae
578 3526 702 3613 quidem
723 3539 813 3613 atque
825 3551 865 3591 ex
877 3542 912 3592 s‘e
924 3529 1060 3593 invicem
1073 3544 1171 3616 aptae,

34 3610 191 3678 d’ntinctae
220 3623 324 3676 tamen
362 3613 434 3675 satis
462 3608 645 3697 ἐπισήμως,
682 3615 710 3676 si
738 3613 943 3696 attendimus,
978 3637 1070 3700 porro
1097 3619 1172 3680 istas

33 3718 139 3764 omnes
159 3709 208 3761 tot
238 3720 367 3760 numero
389 3698 549 3783 particulas
575 3698 616 3761 ad
641 3699 698 3760 tria
729 3701 826 3785 capita
855 3700 1021 3763 commode
1043 3706 1173 3766 referas:

33 3795 180 3849 remant
199 3797 300 3846 narrat
321 3784 441 3847 Persius
468 3785 540 3848 vitia
564 3806 643 3870 quae
674 3786 769 3871 ipsius
801 3796 898 3848 aetate
925 3787 1088 3867 vigebant,
1122 3799 1175 3850 aut
1210 3806 1213 3811 ·

34 3890 65 3933 ea
86 3870 232 3951 castigat,
261 3870 337 3956 ipsis
357 3869 511 3955 praeditos
534 3870 573 3932 ad
594 3892 702 3933 veram
721 3871 866 3934 virtutem
893 3873 1017 3936 hortans
1046 3885 1077 3937 et
1097 3875 1174 3939 soli-

34 3952 101 4021 dam
123 3957 264 4038 gloriam,
286 3978 301 4018 s
322 3967 386 4018 reta
409 3954 547 4035 ejusdem
567 3958 644 4018 falsa
663 3957 813 4037 imagine3
834 3968 887 4019 aut
908 3957 1039 4043 denique
1060 3959 1172 4023 eadem
1188 3964 1224 4025 65

34 4040 78 4105 lla
98 4043 176 4107 vitia
197 3979 404 4104 defenduntur
425 4053 645 4104 excusanturre
665 4045 722 4104 sub
743 4064 874 4128 persona
896 4044 1005 4107 aliena.

111 4126 303 4192 Scribimus
320 4126 464 4206 inclusi]
493 4128 563 4188 Hoc
585 4138 616 4190 et
637 4130 776 4213 sequenti
794 4150 886 4192 versu
905 4129 1051 4219 particula
1071 4130 1171 4215 prima
1262 4144 1265 4157 ·

16 4212 20 4217 ’
37 4214 218 4279 continetur:
248 4214 393 4299 proponit
414 4212 563 4276 dicturum
584 4235 618 4275 se
641 4212 680 4274 de
702 4210 803 4299 podtis
821 4224 855 4285 ¹et
875 4215 1044 4279 oratoribus
1071 4237 1107 4277 ac
1128 4216 1173 4278 si·
1250 4218 1253 4225 '

37 4301 94 4363 mul
110 4311 199 4363 notat
220 4300 283 4361 hoc
302 4301 426 4361 illorum
439 4298 589 4384 primum
615 4299 739 4378 vitium,
773 4298 872 4384 quod,
900 4323 970 4364 cum
992 4300 1116 4382 grandia
1141 4311 1171 4363 et

38 4386 172 4451 mblimia
192 4386 326 4449 scribere
353 4386 544 4463 affectarent,
571 4383 690 4445 tumida
714 4385 880 4475 inflataque
907 4387 1045 4449 oratione
1064 4406 1179 4451 veram-
1254 4416 1258 4423 ·

40 4470 238 4561 ὼῳωᾱαω
265 4479 503 4575 corrumperent.
544 4467 594 4534 Ait
612 4468 751 4550 issimi,
776 4472 847 4559 quia
876 4483 995 4536 secreto
1022 4483 1054 4536 et
1072 4473 1171 4539 libero
1247 4468 1250 4473 ’
1299 4426 1302 4433 Ι
