2700 4972
327 368 391 436 ao
420 368 591 445 rnasu
626 369 847 471 sacratu
875 320 922 437 u.
1179 381 1244 445 ru

101 545 205 607 iacere
225 551 293 605 eta
315 544 411 607 verbo
423 537 534 609 tundo
547 540 633 609 vocis
653 542 803 626 originem
820 556 965 631 repetere.
1009 538 1244 630 [Bene'rocem

103 627 231 715 exponit
242 627 403 693 Forcelliu
424 629 457 696 iu
479 629 568 702 Lem]
619 659 623 665 ·
656 696 659 701 ,
689 650 692 655 ·
827 692 830 697 ,
1177 654 1180 661 ·
1305 700 1309 717 1

188 712 241 779 u.
263 711 770 798 Remetrucreexoptaaca'eso
781 711 886 795 buvet]
901 714 1036 777 Alterum
1048 721 1242 804 exemplum:

100 799 252 863 maneria
272 811 344 863 aunt·
357 811 432 867 uota
451 821 518 869 rem
539 810 644 885 optare
665 812 796 879 sunere,
817 800 878 867 hoc
896 812 941 865 est
958 795 1191 885 intemperiem,
1211 817 1241 869 et

99 896 240 948 armenta¹
258 907 315 948 sua
328 885 373 949 ire
396 886 564 955 minatur:
591 883 675 970 quod
695 886 763 949 sine
788 884 963 951 divitiarum
984 888 1112 955 notabili
1123 893 1241 969 jactura

99 971 165 1034 fieri
185 993 250 1032 non
270 982 382 1057 potest.
426 969 505 1037 Cum
527 982 629 1037 autem
651 970 711 1032 sint
728 968 914 1035 minuendae
930 972 975 1033 rei
994 976 1130 1037 sexcenti
1146 974 1241 1055 modi,

98 1057 221 1133 Persius
238 1057 507 1143 ejus·potiasi1nu1n
521 1058 679 1141 impensae
692 1056 847 1135 meminit,
870 1078 947 1141 quae
960 1058 993 1118 in
1006 1061 1157 1133 sacrificiis
1173 1083 1242 1128 ven

96 1154 198 1221 eatur,
219 1153 253 1202 ut
271 1140 334 1229 duo
348 1143 442 1207 simul
457 1142 568 1211 inistis
585 1164 618 1205 re
640 1141 837 1205 reheuderet:
857 1142 1068 1226 profusionem
1090 1158 1241 1233 partarum

96 1231 160 1307 jam
173 1248 273 1312 opum
285 1226 388 1291 studio
401 1248 500 1293 nouas
515 1164 656 1312 parandi,
681 1239 712 1289 et
724 1229 847 1290 stultam
857 1228 943 1291 illam
957 1229 1155 1331 opinionem,
1166 1254 1242 1319 qua-

97 1314 126 1383 εἰ
140 1314 302 1392 largitione
314 1313 372 1378 ista
384 1334 441 1377 sua
452 1311 527 1375 deos
543 1314 763 1392 obstringerent
777 1314 851 1389 sibi,
878 1325 912 1374 ut
927 1316 1011 1398 parta
1032 1338 1142 1385 secum·
1160 1320 1241 1381 lace·
1320 1366 1323 1371 .

96 1411 181 1478 rent,
204 1399 308 1461 exilia
323 1400 604 1478 jurisconsultorum
616 1400 748 1460 l'ormula
766 1395 810 1461 do
828 1404 868 1459 ut
893 1396 970 1463 dec:
992 1402 1034 1463 ita
1052 1396 1242 1477 commodis.

97 1485 179 1549 sime
191 1496 224 1547 et
237 1485 353 1557 sensim
365 1484 516 1547 delabitur
530 1485 562 1549 ia
579 1504 756 1547 sermonem
772 1483 811 1547 de
822 1485 903 1551 rotis
918 1487 1039 1573 proprie
1052 1487 1096 1549 sic
1111 1482 1197 1551 dietis
1212 1501 1243 1565 et

97 1569 195 1633 foeda
208 1592 280 1635 cum
295 1569 353 1633 diis
367 1568 598 1633 nundinatione.
747 1628 750 1635 ,

185 1654 240 1723 46.
254 1652 531 1739 Mercuriumque
541 1650 701 1717 Arnensis
712 1645 831 1735 filum]
845 1652 1142 1734 Jugibuseacrificiis
1157 1648 1242 1721 litare
1260 1652 1263 1663 '

97 1751 205 1811 mutes,
211 1738 386 1819 Mercurio,
405 1750 438 1801 ut
448 1741 562 1807 multus
575 1740 630 1803 tibi
644 1749 785 1823 quaestus
802 1741 948 1801 obveniat
960 1743 1011 1802 rel
1025 1763 1065 1803 ex
1076 1745 1243 1809 mercimo-

96 1812 235 1903 nio-tuis
245 1828 351 1895 velex
364 1824 473 1889 studiis
487 1836 517 1889 et
530 1846 622 1909 opera
636 1823 766 1903 sorensi,
791 1826 842 1886 vel
857 1846 896 1891 ex
914 1825 989 1889 ruris
1002 1839 1168 1911 proventu,
1179 1841 1260 1889 aut-

95 1911 206 1975 nneoio
221 1910 308 1975 unde
328 1934 368 1977 ex
387 1911 565 1996 inopinato:
599 1907 751 1990 ejusmodi
772 1921 844 1973 sunt
871 1912 968 1987 lucra,
1003 1933 1080 1995 quae
1103 1915 1243 1977 conciliat

95 1996 280 2069 Meienrias.
320 1992 490 2077 [Fibroe,
517 1997 626 2074 jecoris
648 1995 869 2077 extremitates,
897 1989 1014 2081 λάβοι,
1051 1996 1090 2059 ad
1112 1997 1243 2081 deorum

96 2104 166 2147 arae
179 2086 220 2146 ab
233 2082 358 2145 hariolis
370 2084 559 2158 ferebantur,
582 2082 691 2166 quibus
705 2081 814 2143 oblatis
831 2083 978 2145 accensis:
988 2104 1025 2145 ue
1040 2103 1089 2151 rea
1111 2080 1187 2147 ensa
1209 2084 1242 2160 (a

77 2167 156 2317 pris
186 2168 386 2318 accipereptf‘
415 2165 486 2333 igi]
526 2164 588 2232 Da
600 2161 806 2252 fortunare:
834 2188 865 2241 ν.
891 2105 1078 2237 Rudinum
1137 2169 1241 2235 stituit.

121 2298 134 2318 .
245 2298 251 2313 .
273 2259 316 2319 22
359 2275 375 2316 e
396 2298 405 2319 .
453 2265 472 2317 t.
618 2302 621 2307 .
1042 2286 1048 2295 ·
1192 2302 1195 2306 .

181 2276 242 2413 d'll.)
261 2334 328 2401 Tor
348 2275 413 2401 uit
437 2359 516 2405 cum
541 2337 577 2401 in
592 2332 756 2425 flammis
773 2334 935 2421 junicum
958 2347 1097 2401 omenta
1118 2336 1308 2425 lique-(103)

95 2423 235 2504 eoantP]
256 2423 338 2487 Cum
350 2436 395 2487 tot
416 2428 547 2504 majorca
565 2425 704 2491 victimas
724 2421 851 2502 caedas,
874 2435 907 2485 ut
919 2435 989 2487 sunt
1008 2426 1123 2503 boves,
1147 2426 1292 2500 taurinos

92 2510 217 2591 juvenci
236 2521 267 2572 et
281 2510 399 2589 junicee
413 2511 480 2573 sire
496 2504 661 2592 δαμάλεις.
704 2507 770 2572 Etsi
784 2509 930 2577 auremin
946 2510 1098 2585 honorem
1112 2509 1241 2577 deorum

92 2594 221 2659 mactari
233 2596 376 2660 victimae
393 2595 582 2675 dicebantur,
605 2595 817 2681 utplurimum
830 2591 933 2661 tamen
952 2596 1072 2659 minuta
1089 2595 1241 2683 quaedam

91 2680 152 2745 diis
167 2680 348 2761 adolebant,
370 2693 494 2745 caetera·
509 2682 709 2749 convivantes
722 2682 937 2759 absumebant:
960 2680 1077 2767 quade
1099 2704 1132 2745 re
1153 2684 1240 2768 plura

91 2766 134 2831 ad
145 2766 338 2851 dtlreneeum
353 2767 432 2833 libro
448 2767 506 2831 IV.
519 2765 670 2853 cap.'Xl;
692 2767 771 2829 inter
784 2766 835 2829 illa
850 2766 968 2829 minuta
979 2767 1038 2829 fuit
1053 2777 1238 2849 omentum.

93 2852 233 2919 Catullus
246 2854 465 2938 epigrammate
482 2853 514 2915 in
528 2850 663 2916 Gellium
685 2850 768 2931 [CX,
790 2850 864 2933 961:
1042 2914 1045 2925 ,
1140 2876 1144 2889 ·

180 2939 372 3005 Omentum
399 2935 436 3000 in
449 2935 605 3026 flemma
632 2935 763 3023 pingue
783 2932 1045 3021 ,ἰιαιιοίιινὶοαωΙ

92 3025 230 3111 loquitur
239 3023 280 3097 de
292 3023 409 3101 Persis,
432 3026 483 3109 qui
498 3026 532 3087 in
544 3025 607 3088 suis
619 3024 771 3091 sacrificiis
784 3021 940 3086 victimam
962 3042 1066 3084 secare
1083 3018 1115 3085 in
1138 3033 1238 3109 partes

95 3122 125 3175 et
141 3109 282 3173 dividere
295 3110 374 3171 inter
385 3131 419 3172 se
433 3111 514 3172 soliti
529 3111 664 3171 animam
678 3106 738 3170 deo
756 3108 974 3192 relinquentes,
996 3106 1056 3173 nisi
1075 3105 1158 3191 quod
1175 3108 1238 3179 Ιτοῦ

92 3192 238 3261 dalaiau
256 3216 287 3261 ιι
304 3189 427 3278 μικρὸν
445 3192 596 3259 τιθέασιν
617 3190 673 3259 e'ul
693 3187 731 3259 co*
755 3196 839 3273 otio,
861 3191 959 3276 inquit
972 3190 1094 3253 Strabo
1136 3190 1238 3270 [Sane

93 3279 296 3368 praeferenda
310 3303 379 3343 cum
399 3302 477 3344 rece.
495 3282 603 3343 criticis
623 3281 714 3345 lectio
735 3276 755 3342 4
774 3276 890 3361 Codd=
915 3274 951 3339 iu
964 3271 1153 3364 flemus,
1175 3300 1236 3363 quo

90 3380 128 3431 et
148 3368 280 3429 aliomm
297 3366 491 3452 quorundam
509 3364 544 3428 in
566 3364 716 3450 flammo
734 3363 855 3429 videtur
875 3385 891 3427 s
914 3374 1028 3443 ectare3
1050 3384 1114 3425 non
1135 3372 1170 3423 ut
1189 3366 1236 3425 af-

92 3456 224 3517 fectatur
238 3473 345 3533 graeca
357 3463 503 3517 structura
518 3454 570 3529 (ita
577 3450 731 3529 Weber),
745 3449 800 3515 sed
815 3386 1071 3536 quodomentum
1086 3460 1116 3509 et
1130 3446 1235 3534 adeps,

114 3540 206 3602 uibus
228 3549 352 3623 opertae
374 3539 542 3601 hostiarum
565 3550 664 3623 partes
686 3536 903 3613 adolebantur,
938 3535 971 3595 in
991 3532 1135 3595 flammas
1163 3535 1234 3611 abit,

92 3561 221 3775 {amma
235 3625 270 3686 lit
282 3645 317 3691 ac
329 3623 460 3710 proinde
472 3622 623 3710 perditun:
639 3623 749 3699 melius
761 3623 852 3705 igitur
864 3641 963 3683 accus.
977 3619 1136 3699 significet,
1152 3618 1235 3702 quod

119 3710 252 3775 Noluit.
516 3752 518 3756 ·
670 3721 674 3733 ¹
903 3748 905 3753 ·
1204 3746 1208 3755 =

181 3792 233 3861 ta.
254 3711 304 3858 lEt
320 3791 505 3859 tamaltio
519 3790 785 3879 euticetopimo
800 3781 1043 3869 vincereferto
1058 3784 1232 3869 Intendit]

91 3879 382 3968 Superstitiosorum
400 3901 535 3949 errorem
549 3882 599 3951 his
618 3890 746 3965 quatuor
761 3879 900 3949 uersibus
920 3874 1072 3963 depingit:
1093 3876 1127 3939 hi
1150 3876 1233 3945 enim

92 3968 232 4055 persuasi
252 3967 387 4031 maxima
408 3988 545 4052 quaeque
569 3966 713 4031 sacrificia
731 3965 897 4050 plurimum
923 3961 1001 4049 apud
1032 3959 1108 4023 deos
1129 3982 1231 4047 posse,

91 4054 185 4117 nuttis
198 4055 365 4140 parcebant
374 4053 540 4128 sumtibus,
563 4072 623 4137 quo
640 4062 767 4137 possent
785 4070 839 4113 eos
857 4047 1021 4112 demereri:
1045 4066 1137 4131 quare
1158 4070 1231 4110 eve-

90 4141 198 4202 niebat
216 4160 326 4224 saepe,
346 4138 455 4223 utqui
477 4136 645 4207 ditescendi
665 4134 766 4205 studio
783 4132 860 4199 deos
881 4136 1038 4215 colebant,
1060 4131 1153 4195 foeda
1171 4134 1230 4197 hac

91 4225 217 4288 illorum
238 4221 395 4307 κολακείᾳ
414 4244 449 4285 ac
470 4222 690 4285 nundinatione
709 4222 805 4284 avitas
826 4241 901 4305 opes
927 4229 1157 4285 consumerent:
1187 4218 1229 4279 ita
1316 4220 1336 4263 ’-

89 4314 174 4374 male
188 4332 260 4373 cum
274 4311 312 4375 iis
328 4311 441 4390 agitur,
462 4309 515 4394 qui
528 4310 702 4375 existimant
714 4307 868 4377 τοιοῦτον
887 4298 976 4371 εἶναι
990 4299 1028 4369 nd
1049 4302 1116 4369 coia
1125 4302 1228 4380 acue,

89 4392 176 4462 ciera
204 4390 269 4459 ὑπὸ
290 4391 413 4478 Seioua
432 4386 658 4476 παράγεσθαι,
689 4385 763 4465 οἷον
794 4386 904 4465 cautu
926 4382 1096 4475 conterrita,
1134 4397 1167 4449 ut
1186 4385 1228 4449 ait

88 4480 353 4560 utrumnum
375 4479 405 4564 ᾖ.
425 4479 492 4560 eu]
537 4480 625 4543 Hanc
644 4499 757 4543 vanem
776 4487 807 4541 et
820 4476 979 4545 ridiculam
995 4470 1226 4589 perpuasiouern

657 4696 674 4823 p
