2700 4972
335 373 398 439 ao
427 324 597 443 rnnsu
617 336 839 445 sa'rlnun
859 379 938 449 1..
1114 385 1182 450 rra
1294 365 1301 380 ‘

71 565 126 622 ea,
155 543 274 630 inquit,
299 545 439 626 legetis,
461 547 513 631 qui
533 545 652 632 seriptis
669 543 846 632 Eupolidis,
864 546 992 611 'Cratini
1014 560 1047 611 et
1065 550 1182 615 Aristo-
1286 613 1291 619 ,

71 630 147 693 tanis
171 651 208 692 ac
228 631 413 715 reliquorum
436 633 553 718 priscae
567 630 748 696 comoediae
762 632 923 718 poiitarum
942 633 1032 697 fuerit
1052 635 1182 705 innutri-

71 717 185 862 szdhos
196 710 281 780 enim
293 716 490 815 suggillandis
509 718 628 782 vitiosis
649 719 828 782 hominibus
845 719 1016 798 imitamur,
1036 718 1182 785 hinctoti

71 824 92 862 n
117 823 219 864 emus.
371 862 374 871 ,
1084 828 1087 834 ·
1117 830 1120 835 ·

118 884 269 956 Audaci
287 884 455 965 Cratino]
478 887 562 951 Vere
580 885 706 953 audaci:
730 890 871 953 omnium
891 888 975 953 enim
990 890 1103 954 veteris
1117 913 1180 973 ‘co-

71 970 181 1049 ›edise
193 972 363 1058 ¹po‘efta'rum
380 972 518 1037 Cratinus
540 974 712 1038 liberrimus
732 976 790 1036 fuit
805 977 857 1037 rel
870 975 971 1060 potius
992 974 1181 1039 maledicen-
1298 1034 1303 1051 ,

71 1059 188 1136 sirnus,
212 1070 243 1121 et
263 1060 315 1144 qui
335 1059 482 1134 convitia,
504 1059 613 1142 quibus
634 1063 762 1122 refertae
788 1071 873 1123 erant
893 1061 973 1124 illius
990 1059 1180 1142 comoediae,

71 1146 117 1215 llo
131 1146 199 1207 sale
218 1143 342 1207 condire
357 1156 484 1223 curaret,
507 1143 589 1229 quod
605 1143 732 1231 Eupolis
748 1156 779 1207 et
788 1146 1006 1232 Aristophanes
1020 1142 1182 1210 studiosis-

71 1252 111 1291 ne
126 1232 283 1308 fecerunt,
306 1229 362 1293 sed
379 1241 483 1316 aperto
498 1230 611 1314 capite,
634 1230 835 1314 quodajunt,
859 1253 929 1294 cum
950 1232 1031 1296 vitiis
1052 1252 1182 1295 manum

71 1327 219 1379 usermet.
276 1315 486 1401 Aristophanis
512 1317 694 1378 scholiastae
724 1317 762 1396 [e
786 1316 943 1381 Platonio:
971 1339 1001 1402 p.
1030 1315 1108 1399 Vlll
1131 1317 1181 1382 ed.

71 1402 167 1465 barn.
178 1398 356 1481 Diodorf.]:
378 1402 562 1480 Κρατῖνος,
585 1393 675 1483 ὁτῆς
688 1397 1181 1488 ταλαιάςκωμῳδίαςποιητὴς,
1250 1454 1254 1469 ,

71 1480 148 1570 eda}
162 1480 248 1551 κατὰ
264 1482 323 1562 τὰς
334 1481 521 1568 Ἀρχιλόχου
537 1480 682 1568 ζητήσεις
695 1486 786 1568 (forte
802 1483 886 1552 κατά
908 1483 949 1551 τά
960 1482 1055 1570 ιἈρχ.
1080 1484 1181 1572 ζήσας

71 1569 103 1656 η)
121 1570 245 1651 [”,,ιωίιο
258 1572 309 1635 hic
325 1594 425 1634 errore
441 1574 544 1656 lapsus
560 1583 605 1634 est
619 1571 703 1653 Cas.;
726 1574 824 1636 scribe
846 1574 948 1658 potius
962 1564 1180 1658 Ἀριστάρχου

71 1648 311 1741 οἈρχιλάχον,
333 1679 412 1743 quae
423 1657 551 1720 nomina
565 1659 811 1742 frequentissimo
833 1679 933 1720 errore
953 1659 1032 1723 inter
1050 1680 1085 1723 se
1105 1683 1181 1731 con,-

71 1740 123 1807 udi
134 1740 243 1807 docmt
252 1741 418 1824 Ruhnken.
426 1744 522 1828 praef.
534 1741 574 1803 ad
588 1742 724 1824 Hesych.
737 1765 767 1828 p.
776 1741 868 1806 Vfl.“
886 1743 1024 1812 dleinelc.
1036 1742 1178 1824 Quaeet.

71 1848 125 1893 τω.
145 1848 232 1916 spec.
252 1826 279 1892 1.
300 1851 333 1916 p.
362 1834 432 1902 tu]
455 1822 621 1909 αὐστηρᾶς
636 1833 709 1904 ταῖς
728 1825 912 1907 λοιδορίαις
930 1825 1036 1893 ἐστίν·
1059 1824 1179 1914 στί-γάρ

71 1930 150 2001 mo
170 1906 219 1995 [d]
237 1905 478 1996 Ἀριστοφάνης
499 1907 677 1995 ἐπιτρέχειν
699 1908 762 1997 τήν
791 1911 890 1998 χάριν
912 1919 981 1991 τοῖς
1005 1911 1180 2000 σκώμμασι
1268 1915 1271 1928 '

71 2004 145 2077 ιιεῖ,
165 1996 206 2071 ‚td
221 1997 384 2080 φορτικόν
396 2002 454 2081 τῆς
464 1994 680 2081 ἐπιτιμήσεως
696 1995 897 2083 διὰταύτης
918 1994 1085 2081 ἀναιρῶν,
1105 1986 1230 2066 άλλ’157

71 2088 149 2163 ιλὸς
168 2083 249 2168 [aul]
271 2081 356 2150 κατά
370 2081 431 2168 τὴν
450 2085 636 2168 παροιμίαν
658 2086 771 2171 γυμνῇ
785 2087 828 2149 τ’
848 2088 977 2169 κεφαλῇ
992 2087 1104 2169 τίθησι
1121 2085 1179 2164 τὰς

72 2170 247 2256 οισφημίος
267 2167 351 2237 aucti
373 2172 440 2234 cciv
463 2165 733 2253 ἁμαρτανόντων.
777 2106 961 2251 [decedam
976 2194 1024 2257 up.
1038 2171 1124 2237 Pass.
1145 2196 1176 2260 p.

71 2269 105 2327 7οὶ,
157 2283 186 2339 .;
207 2256 264 2321 sed
287 2280 319 2323 v.
341 2256 477 2322 Meinek.
499 2255 596 2320 modo
617 2255 699 2321 laud.
718 2278 749 2341 p.
779 2256 930 2334 tlt-253
954 2255 1121 2321 Cratinus
1143 2266 1178 2322 et

71 2365 135 2431 upo
160 2344 199 2421 ὀ,
219 2342 294 2408 diss.
312 2366 368 2406 scr.
391 2364 410 2404 a
431 2341 464 2406 C·
483 2338 521 2405 G.
545 2343 661 2421 Lucas3
683 2340 829 2422 Bonnae,
860 2347 951 2409 1826.
994 2343 1177 2425 Fragmenta

71 2430 157 2512 liegit
168 2429 214 2492 tlte
227 2428 358 2492 Runkel.
375 2429 458 2513 Lips.
477 2427 582 2508 tera]
924 2458 929 2471 ·

71 2556 73 2563 ·
99 2509 181 2594 ,Af
227 2523 260 2576 te
283 2512 459 2591 Cratino]
488 2511 658 2575 Familiaris
676 2511 780 2575 Persio
803 2515 955 2595 enallage:
985 2535 1005 2576 ο
1029 2511 1176 2600 quicun-
1266 2513 1271 2520 ’

71 2623 132 2666 uta
200 2608 234 2662 te
250 2599 410 2675 (suano,
433 2619 490 2685 pro
504 2609 577 2669 otu
600 2599 771 2684 quicunque
791 2621 825 2662 es
847 2600 967 2663 afflatus
982 2599 1123 2683 Cratino;
1143 2603 1176 2664 in
1223 2612 1228 2622 “

71 2689 119 2751 tia
146 2693 218 2753 29:
775 2694 777 2697 ’
913 2692 924 2713 “

120 2687 348 2837 Genioremve
361 2779 461 2833 tuum
474 2768 533 2837 uel
547 2768 640 2856 quod
654 2767 810 2834 trabeate
827 2768 973 2833 solutas.
996 2772 1063 2861 [ubi
1082 2771 1127 2852 v.]

71 2861 257 2922 :intrantem
276 2853 420 2945 afflatus
428 2854 576 2920 Cratino
589 2858 632 2934 is,
661 2858 714 2941 qui
734 2857 846 2922 Cratini
859 2858 1031 2919 fabulanun
1044 2860 1175 2922 lectione

71 2945 155 3010 sidua
172 2945 444 3007 luerit'affectuset
455 2963 594 3006 amorem
613 2943 731 3005 virtutis
747 2942 821 3004 inde
841 2944 1026 3027 conceperit:
1048 2948 1176 3006 transla-

71 3054 97 3094 n
120 3034 161 3095 ab
176 3030 375 3107 annualibus,
404 3049 482 3113 quae
504 3030 546 3112 τῇ
567 3024 659 3100 ἐντὸς
680 3023 768 3108 αὔρη
787 3027 1048 3106 προσπνέονσιν,
1072 3041 1105 3089 ut
1124 3032 1175 3091 Ιοι

71 3118 134 3179 itur
154 3117 195 3179 Hi
217 3126 356 3201 pocrates
371 3114 403 3174 in
424 3115 551 3198 epistola
569 3111 610 3174 ad
632 3112 793 3176 Cratevarn
812 3112 869 3193 [T.
883 3112 922 3175 ll.
945 3136 976 3198 p.
993 3118 1051 3178 931
1073 3113 1122 3176 ed.
1138 3136 1170 3176 v.
1235 3159 1236 3163 ,

71 3201 171 3266 na-L.
187 3137 250 3282 iij,
265 3202 316 3263 vel
326 3221 347 3261 a
360 3200 470 3284 pratis,
492 3197 756 3282 quemadmodum
771 3198 809 3260 de
821 3198 961 3263 Platonis¹
974 3197 1106 3261 dictione
1126 3198 1174 3263 di-

71 3287 224 3368 :Dionys
239 3285 337 3348 Hanc.
363 3280 456 3364 [περί
476 3286 534 3366 τῆς
552 3288 704 3366 Δημοσθ.
724 3276 849 3347 δεινόν.»
869 3306 899 3369 ρ.
922 3286 963 3348 53
986 3306 1013 3348 s.
1038 3288 1109 3364 166,
1127 3288 1173 3355 ,ta
1259 3300 1265 3325 1‘

71 3373 149 3478 ·lb.]:
174 3368 284 3451 ὥσπερ
300 3363 367 3434 dud
387 3371 455 3433 rein
471 3365 703 3434 εὐωδεστάτων
716 3365 888 3451 λειμώνων
904 3357 993 3448 αάρά
1008 3392 1058 3446 τις
1077 3367 1173 3454 ἡδεία

84 3461 192 3543 αντῆς
210 3455 364 3541 plorent:
384 3454 439 3519 sed
462 3453 570 3519 Graeci
586 3476 691 3518 auram
712 3457 866 3541 appellant
888 3467 919 3516 et
943 3457 1082 3531 afflatum
1102 3459 1221 3534 vimqtt'tt

71 3567 175 3623 anem,
203 3564 281 3628 quae
302 3544 340 3604 ab
356 3541 417 3603 alio
439 3541 582 3603 inalium
594 3541 717 3620 transit,
739 3553 773 3603 ut
794 3543 1038 3625 curn„exe1npli
1057 3562 1171 3621 caussa,

71 3629 252 3710 nsuetudine
271 3627 455 3712 sapientium
468 3628 621 3713 sapientes
636 3625 743 3706 fimus,
766 3625 931 3688 doctorum⁴
947 3625 1045 3706 docti,
1067 3628 1110 3690 sie
1130 3630 1172 3690 ait

71 3720 137 3796 tile,
159 3715 212 3778 De
224 3713 401 3789 insomniis,
423 3713 593 3797 sapientem
605 3713 743 3796 spiritum
763 3710 917 3795 quendam
938 3714 1031 3792 longe
1051 3715 1171 3796 lateque

71 3802 177 3879 idere,
199 3818 296 3886 quem*
310 3799 493 3861 attrahentes
516 3801 581 3877 ejus
598 3799 691 3862 vicini
708 3799 852 3860 meliores
871 3816 975 3860 mores
995 3810 1169 3862 assumant:
1282 3824 1295 3849 v

71 3910 106 3952 οι
117 3886 276 3971 γείτονες,
299 3885 357 3962 ait,
376 3880 437 3947 nni
455 3877 575 3964 ὅμοροι
599 3885 710 3964 σοφοῦ
732 3885 792 3966 τῆς
815 3873 874 3944 da'
896 3875 1004 3945 αὐτοῦ
1027 3885 1171 3959 σπῶντες

71 3970 137 4054 ἷρας
150 3969 206 4036 ἐπὶ
222 3966 383 4055 μήκιστον
395 3965 549 4051 χεομὲνης
563 3969 792 4050 βιλτιοοῦνται
806 3963 848 4031 τά
859 3961 948 4050 ἤδη·
969 3967 1041 4031 inde
1055 3970 1170 4053 passim
1231 4006 1234 4015 ι

71 4060 112 4122 ud
125 4061 214 4121 illum
223 4060 308 4137 leges
323 4057 381 4136 τῆς
397 4049 515 4136 αἱρετῆς
531 4053 619 4139 αὔρα
633 4049 844 4119 ἐπινοεῖσθαι
863 4065 894 4114 et
911 4047 999 4158 αάρμ
1018 4056 1077 4134 τῆς
1095 4051 1168 4118 ἐτα-
1234 4066 1240 4071 “

71 4143 155 4229 ήμης
170 4144 414 4210 καταπνεῖσθαι
430 4161 465 4205 ac
482 4140 594 4206 similia
607 4143 717 4220 multa'3
739 4141 783 4203 sic
802 4133 891 4217 αὔρα
908 4153 1070 4213 σννεσεως
1086 4139 1169 4226 apud
1200 4144 1203 4150 “

71 4232 267 4320 tiphaniuma
285 4225 444 4291 veritatis
463 4245 590 4287 auram
614 4222 782 4312 colligere
799 4223 883 4310 apud
903 4224 1111 4303 Lactantium,
1134 4225 1167 4287 in

71 4321 114 4382 tia
126 4315 341 4386 Institutione3
362 4324 393 4376 et
414 4308 573 4374 caritatis
594 4308 699 4374 odore
722 4307 844 4399 afflari
863 4331 901 4372 eo
921 4329 1013 4373 sensu
1028 4308 1115 4372 idem
1134 4310 1169 4373 in
1306 4361 1312 4368 .

71 4405 100 4469 Ι.
119 4439 133 4449 --
148 4403 188 4465 Ut
201 4411 303 4463 amem
316 4392 476 4485 afflaria
492 4394 652 4473 Cratino,
673 4399 736 4461 hoc
756 4409 803 4463 est
828 4394 946 4480 scriptis
967 4393 1099 4474 Cratini,
1121 4394 1187 4466 ‹ti-⁸
1299 4458 1302 4462 ,

83 4489 227 4564 Persius,
249 4486 404 4551 ιὶαττνεῑν
422 4475 465 4549 τά
481 4481 594 4568 βιβλία
614 4482 756 4547 dicuntur
775 4480 910 4630 Greegiq·
963 4478 1173 4562 origenesin
