2700 4972
199 328 230 399 ·.
313 284 621 427 Jrnrnnsn
655 278 875 386 sssrsrn
911 316 994 389 ν.Ι
1160 316 1228 383 sss

82 482 225 643 putetis
236 482 318 552 ποτὶ
332 487 402 552 νῦν
418 480 664 573 mussites
678 485 804 555 ἐνδῦσα
822 483 1228 574 emissemus

129 575 342 657 οαναοχενιόν
358 566 416 639 καὶ
435 576 681 654 δυσκολαίνων,
702 571 803 660 δῆλός
824 571 915 639 ἐστιν
931 568 997 659 ἤδη
1017 567 1227 655 ταάαθαοὰν
1251 594 1254 599 ·

83 659 255 744 κτώμενος
270 654 378 743 ἐαυτῷ
391 653 536 726 sat-odd
558 656 717 727 ὁπωσοῦν
734 658 837 740 ἀξιῶν
855 659 1088 744 ῥυπαίνεσθαι
1131 658 1227 723 Pote-

84 768 191 812 rsmus
206 746 318 809 similia
329 746 380 808 bis
393 766 433 808 ex
443 745 578 826 Seneca,
600 748 705 811 Dione
718 748 941 830 Chrysostomo
955 759 986 810 et
1000 746 1066 809 eliis
1079 744 1227 830 sapienti-

84 838 146 899 bus
160 833 271 895 efferre
281 852 376 916 quem
386 833 536 918 plurima:
555 832 612 896 sed
626 837 780 896 malumus
801 845 884 920 petet
907 854 948 896 ex
960 833 1036 919 ipsis
1052 829 1227 894 auctoribus

85 911 393 1084 jppepltusdppudiosn·
423 918 528 996 [Recc.
542 918 746 1000 distinguunt:
769 917 891 1001 Quid?
911 914 1014 1004 quui
1032 912 1227 1004 magnum?

175 1093 229 1156 68·
257 1082 330 1150 Sed
351 1108 431 1152 cum
460 1084 523 1151 lux
542 1088 659 1153 altero
684 1089 793 1162 venit,
816 1085 903 1152 Jum
926 1108 1007 1151 cras
1025 1085 1229 1151 hesternum

89 1172 370 1254 consumsimus]
404 1168 524 1250 fluidos
548 1176 652 1255 adjicit
679 1177 786 1256 lectio,
820 1196 916 1263 quem
938 1174 1114 1239 invenimus
1138 1170 1279 1259 spudtot

88 1280 191 1327 unnim
201 1259 346 1325 servium
365 1261 399 1321 in
412 1260 443 1325 V
454 1260 625 1325 Aeneidem
644 1263 724 1342 [1912

177 1341 262 1409 Jom
276 1364 356 1409 crac
370 1341 569 1410 hesternum
590 1346 658 1411 lieu
673 1344 932 1410 consumsimus.
984 1366 987 1371 ·
1125 1390 1128 1395 -
1338 1376 1349 1399 s

91 1432 153 1517 [Itu
163 1452 240 1497 sene
254 1430 344 1512 edd,
365 1430 422 1494 sed
441 1436 544 1496 nullus
560 1430 659 1498 Godd.
682 1456 731 1520 sp.
746 1432 868 1514 Burm.;
890 1430 1068 1495 Fuldensisc
1094 1425 1230 1493 Unum

90 1520 291 1583 hesternum
303 1516 411 1599 cons]
438 1518 497 1581 His
510 1530 542 1581 et
553 1522 750 1621 sequentibus
760 1518 863 1584 verbis
878 1506 1130 1599 cnstigstPersius
1146 1537 1232 1578 erro-

90 1626 159 1669 rem
176 1604 257 1667 illius
270 1604 391 1684 ignari,
413 1604 464 1688 qui
479 1602 541 1667 diei
551 1626 644 1669 umus
651 1609 803 1685 'jacturam
815 1605 947 1667 iaciebat
958 1626 1024 1666 non
1034 1603 1134 1667 nauci.
1176 1600 1232 1664 At-

92 1690 155 1777 qui,
177 1691 221 1753 nit
232 1700 345 1768 noster,
367 1710 432 1752 crss
446 1690 538 1769 istud,
580 1691 734 1777 uodpetis
751 1692 808 1754 tibi
826 1690 942 1768 donari,
962 1690 1056 1751 totius
1069 1689 1233 1773 vitseper-

92 1778 208 1840 niciem
220 1775 326 1838 trehit:
348 1777 449 1837 nullus
463 1776 547 1838 enim
602 1778 610 1793 '
628 1825 636 1856 ,
658 1789 758 1863 atque,
780 1788 814 1838 ut
825 1775 921 1838 hodie
933 1773 1019 1855 dicis,
1035 1794 1099 1837 eres
1111 1776 1233 1851 faciam,

93 1864 136 1926 its
148 1861 291 1947 sequenti
304 1859 372 1938 die,
394 1862 597 1942 tremiscimn,
619 1861 720 1942 dices,
739 1874 770 1925 et
782 1863 858 1924 item
871 1860 1007 1923 tertiam
1023 1859 1167 1946 deinceps
1179 1879 1235 1945 per

95 1968 191 2013 omne
212 1958 303 2009 tuum
322 1966 454 2010 sevum:
482 1948 562 2009 haec
583 1950 734 2012 sententis
754 1948 866 2027 Persii3
887 1945 999 2010 eodem
1022 1947 1098 2008 olim
1110 1942 1234 2030 Epicuri

95 2052 203 2113 mens,
231 2052 303 2093 eum
320 2034 473 2118 praeclare
494 2032 625 2098 diceret:
656 2028 676 2100 d
697 2031 833 2098 πάντων
851 2030 925 2129 βίος
952 2033 1126 2118 μελληομῷ
1151 2051 1236 2112 uuo

97 2113 299 2193 αόλλυται,
322 2129 353 2179 et
364 2119 492 2204 scriptor
508 2118 642 2182 Satirioi:
665 2118 759 2207 quod
774 2115 878 2182 dodre
892 2137 961 2181 non
981 2125 1048 2196 est,
1072 2138 1152 2180 cros
1167 2136 1235 2179 non

97 2202 188 2270 erit.-
205 2202 258 2267 sic
270 2205 346 2266 vito
360 2201 525 2268 truditur.
570 2204 690 2269 Seneca
708 2204 748 2268 de
761 2200 1006 2269 brevitate·vitee
1028 2204 1065 2281 [c.
1079 2206 1130 2284 91:
1150 2200 1236 2266 Μα-

96 2288 234 2357 ximum
249 2287 389 2353 vivendi
401 2286 688 2376 impedimentum
704 2300 756 2354 est
767 2286 983 2377 expectatio,
1005 2308 1095 2375 quoe
1104 2285 1238 2374 pendet

98 2397 144 2443 es
165 2372 331 2440 crastino.
371 2372 502 2439 Perdis·
518 2374 744 2441 hodiernum.-
765 2372 858 2464 quod
877 2374 915 2439 in
938 2396 1046 2439 manu
1065 2370 1236 2461 fortunae

97 2462 253 2551 positum
268 2470 329 2541 est,
353 2458 509 2547 disponis
516 2490 527 2540 ,·
549 2461 641 2550 quod
654 2464 690 2527 in
702 2473 780 2543 tun,
803 2458 961 2527 dimittis.
1060 2484 1064 2489 ·
1100 2466 1105 2482 ‘

77 2622 80 2629 ,
184 2552 240 2614 69.
268 2545 362 2611 Ecce
390 2545 491 2610 aliud
514 2568 593 2612 cras
615 2548 745 2639 Egerit
765 2546 827 2613 bos
850 2548 992 2629 ennon]
1029 2546 1238 2610 Pulcherrime

99 2636 238 2702 loannes
255 2634 492 2716 Chrysostomus
512 2638 544 2698 in
563 2636 651 2699 xlx
674 2634 714 2699 sd
732 2639 881 2721 populum
897 2636 1139 2712 Antiochenum‚
1161 2654 1239 2695 cre-

101 2724 209 2787 stine
231 2717 332 2807 diues,
359 2718 474 2805 iniquit,
495 2723 621 2784 linem
640 2724 792 2785 nullum
813 2723 942 2783 hebet.
986 2714 1047 2803 Μή
1070 2740 1128 2802 μοι
1155 2714 1240 2802 λέγε,
1341 2766 1346 2785 .

102 2802 155 2872 du
171 2801 256 2871 αανοὶ
274 2802 414 2888 μικρὸν,
435 2802 518 2887 μηδὲ
537 2806 584 2882 οἱς
606 2805 669 2890 τὴν
690 2800 813 2887 αὔριον
830 2799 1043 2887 ἄναβᾶλλοο·
1065 2800 1166 2888 ἡγοῖο
1183 2800 1241 2867 αὖ·

103 2912 179 2978 prov
204 2884 365 2956 οὐδέποτε
385 2886 546 2974 λαμβάνει
568 2886 681 2967 silos:
706 2893 946 2978 pulcherrimum
970 2903 1016 2954 est
1033 2891 1241 2976 proverbium,

104 2976 188 3067 quod
208 2978 243 3039 in
264 2996 335 3039 eam
347 2998 415 3039 rem
431 2989 577 3063 usurpant
596 2978 786 3041 ludaeorum
804 2978 956 3057 magistris
979 2977 1085 3039 dicunt
1102 2977 1188 3038 enim
1202 2973 1244 3038 de

104 3086 158 3142 eo,
180 3064 235 3149 qni
254 3062 355 3126 dicere
374 3075 472 3142 amet,
497 3065 571 3128 Cras
590 3066 718 3126 fedam:
746 3077 938 3142 soporinus
959 3077 1050 3125 suun
1073 3076 1170 3142 prum
1192 3054 1243 3139 Β),

104 3154 165 3215 hoc
180 3161 230 3213 est
249 3146 309 3234 qui
324 3146 505 3233 protrudit
524 3149 662 3229 boram,
685 3148 772 3212 bora
786 3144 967 3235 protrudit
977 3168 1077 3221 eum,·
1099 3164 1245 3234 egerere

103 3238 176 3301 beic
191 3245 240 3298 est
252 3234 292 3298 de
303 3236 395 3297 totius
408 3236 489 3298 vitae
507 3254 629 3299 summe
642 3236 789 3322 paulatim
803 3237 979 3315 absumere,
999 3244 1035 3295 ut
1053 3233 1105 3319 qui
1122 3231 1245 3294 condito

106 3346 140 3386 m
155 3342 244 3473 Pedii
255 3332 636 3491 pprmppppep'pppppppprit
651 3405 768 3487 ultre]
795 3404 958 3469 raunanm
977 3424 1100 3491 semper
1118 3403 1176 3466 erit
1188 3400 1245 3466 tibi
1261 3470 1265 3475 ,

108 3506 193 3559 ectus
206 3492 350 3574 grandior
361 3505 392 3554 et
405 3495 529 3579 propius
549 3493 589 3556 sd
599 3507 717 3556 metam
730 3491 868 3556 accedes.
1243 3480 1298 3538 4⁰2

194 3586 249 3647 70.
274 3574 374 3643 Nom
390 3579 547 3664 quamvis
567 3598 677 3664 prope
698 3588 749 3657 te,
770 3573 929 3663 quamvis
946 3582 1080 3638 temone
1103 3569 1165 3635 sub
1178 3590 1246 3635 uno

113 3660 150 3732 V
149 3665 226 3745 ert]
251 3663 397 3729 Ostendit
410 3665 676 3750 procrastinatores
689 3666 781 3744 istos,
804 3664 856 3749 qui
869 3661 1052 3748 persuadent
1070 3660 1129 3724 sibi
1142 3679 1177 3722 se
1192 3660 1249 3721 sli-

109 3750 236 3839 quando
254 3752 357 3815 virtuti
378 3772 503 3836 opernm
524 3751 665 3830 daturos,
691 3752 808 3812 intereo
827 3760 932 3811 temen
950 3746 1096 3811 diletione
1112 3746 1146 3807 in
1165 3743 1250 3807 diem

111 3838 277 3901 crastinum
290 3857 413 3921 semper
432 3849 571 3916 utuntur,
592 3856 749 3922 nunquam
768 3834 808 3897 sd
821 3834 909 3896 illum
928 3832 1013 3897 diem
1031 3853 1099 3897 esse
1118 3851 1251 3916 perven-

109 3936 213 4002 turos,
235 3925 268 3984 in
285 3942 377 4007 quem
398 3944 468 3986 suas
485 3944 557 4008 spes
575 3924 699 4008 ipsimet
716 3922 870 4001 rejiciunt3
891 3918 1025 3982 ostendit
1044 3929 1147 3981 sutem
1160 3919 1252 3979 allato

111 4010 216 4088 simili,
238 4008 320 4094 quod
335 4009 477 4095 relinquit
487 4011 593 4070 lectori
607 4006 774 4095 aptandum
787 4007 832 4084 ei,
854 4005 968 4090 dequo
987 4006 1092 4085 egitur.
1136 4001 1253 4065 Sensus

112 4099 164 4160 bic
178 4107 240 4158 est:
261 4092 524 4179 quemadmodum
544 4116 615 4156 cum
638 4095 728 4156 currit
750 4104 879 4178 quatuor
897 4103 1032 4153 rotarum
1053 4110 1170 4168 currus,
1195 4108 1254 4172 po-

113 4183 258 4249 steriores
272 4192 373 4258 rotae,
393 4182 452 4245 etsi
469 4181 599 4243 minimo
615 4181 775 4243 intervallo
789 4180 944 4256 sejunctae
957 4199 976 4239 a
990 4177 1151 4263 prioribus,
1172 4194 1255 4234 nun-

115 4290 211 4355 quam
224 4280 328 4330 tamen
340 4265 408 4330 illus
420 4280 659 4351 consequuntur:
682 4266 726 4327 sio
741 4276 792 4342 tn,
815 4252 843 4327 si
856 4258 1071 4347 ἀμβολνοογὲ,
1091 4261 1144 4344 qui
1156 4256 1256 4322 studio

115 4367 169 4418 tua
181 4356 216 4417 in
227 4353 393 4417 eunoun
403 4373 527 4439 semper
541 4351 645 4415 differs
662 4350 763 4431 diem,
782 4350 887 4427 illum,
909 4350 962 4434 qui
977 4360 1008 4411 te
1023 4345 1132 4412 studiis
1146 4343 1258 4407 edmo-

116 4443 221 4521 vebo,
256 4440 427 4524 aequeris
455 4458 611 4525 nunquam
637 4436 741 4517 diem,
773 4438 846 4500 licet
870 4434 915 4499 illi
942 4454 1064 4520 semper
1088 4430 1258 4518 proximus.
