2700 4972
328 343 420 421 ‚so
452 310 621 413 aaran
648 340 872 414 sarram
901 343 943 412 v.
1113 304 1123 319 ⁸
1165 352 1242 417 sao-

93 513 167 583 edd.
180 526 213 581 et
225 514 310 582 Coe:
332 513 388 581 sed
400 515 511 582 melius
525 521 623 582 multo
636 519 714 583 haec
727 540 797 582 cum
811 539 894 605 seqq.
909 518 1134 583 continuantur:
1155 539 1232 583 ser·

94 601 220 668 vitium
236 622 333 684 aere,
354 604 444 688 quale
463 605 525 666 hoc
544 616 590 668 est
609 606 690 669 servi
708 604 805 668 modo
819 616 884 668 tam
900 604 1068 692 imperiose
1084 605 1232 693 increpiti,

97 686 148 753 Te
160 686 256 752 nibil
273 685 440 775 impellit,
460 700 492 752 te
505 711 571 753 non
586 691 683 772 tangit
701 693 752 754 vel
773 702 875 771 urget,
896 712 998 777 neque
1019 693 1082 755 ulla
1100 692 1161 755 alia
1183 690 1233 756 vis

93 786 230 839 externa.
272 773 319 838 Ita
332 774 496 860 capiendus
515 778 610 839 locus.
627 810 668 822 -
690 775 779 842 Colb.
793 774 850 859 ΙΙΙ,
865 776 989 842 Huvnn.
1002 780 1034 842 2·
1047 782 1094 859 t,
1114 776 1232 857 Wim,

93 859 243 926 enema:
264 858 444 946 increpui]
801 890 805 901 =
858 886 863 907 =

181 951 253 1014 128.
278 943 328 1009 Te
339 943 430 1010 nihil
441 943 613 1031 impellit.-
624 946 886 1034 necquicquam
898 944 1112 1013 extrinsecus
1122 940 1255 1019 intrat]

90 1027 199 1112 Quod
212 1052 335 1096 nervos
349 1030 483 1119 agitet]
504 1031 575 1095 lam
589 1032 629 1096 de
642 1035 786 1098 servitute
801 1035 893 1097 altera
906 1034 1055 1137 loquitar:
1078 1034 1234 1115 cujuscx-

88 1120 232 1204 emplum
244 1140 309 1181 non
322 1116 445 1181 aliunde
460 1118 536 1204 petit
550 1138 643 1204 quam
658 1121 697 1181 ab
720 1119 774 1181 illo
792 1119 881 1206 ipso,
903 1142 1027 1207 qrucum
1041 1116 1089 1182 dis
1110 1120 1233 1184 utebata
1293 1140 1300 1157 ¹

86 1201 371 1353 sllpovsstzaigsshaec
395 1201 548 1351 dicuptur,
581 1205 651 1306 sine
670 1205 906 1352 intterrogatione
932 1206 1061 1269 omnino
1088 1140 1230 1354 ielgepda.

87 1311 250 1455 ifilduedluv
260 1310 1234 1467 ¹oiddiaiiiito§inipsoiinaiiiiiiia,v‹iiiiiitaiteerdlililusldiseqiiiipeilaiiri

86 1458 133 1525 ud
149 1482 189 1525 ea
203 1459 360 1540 facienda,
383 1481 461 1546 quae
473 1460 561 1525 iacit:
583 1471 613 1524 tc
633 1464 734 1524 tacere
756 1463 930 1548 quaerelis
950 1463 1028 1550 ipse.
1069 1460 1233 1543 Eleganter

86 1567 217 1611 servum
230 1557 387 1632 comparat
400 1568 472 1608 cnm
484 1546 664 1627 sigillaribus
681 1547 748 1610 sive
769 1549 993 1634 neurospastis,
1020 1568 1099 1634 quae
1119 1568 1175 1633 per
1195 1566 1232 1609 se

86 1626 235 1715 ἀκίνητα
251 1632 406 1697 vmticillis
430 1631 612 1717 quibusdam
629 1653 666 1694 ac
683 1634 786 1697 aeros
805 1645 985 1698 moventur:
1006 1634 1142 1696 imitatur
1154 1632 1241 1697 vcro'

84 1718 270 1798 Horatium,
290 1728 343 1781 aut
356 1729 483 1802 uterque
496 1718 599 1803 potius
616 1717 777 1781 Platonem
792 1719 891 1803 primo
902 1719 1020 1800 Legum
1036 1720 1076 1805 [p.
1090 1715 1232 1797 644·E.],

86 1806 177 1885 cnjus
189 1805 300 1868 rmus:
320 1797 363 1867 ιά
373 1799 468 1886 scita
480 1798 517 1866 ίν
529 1796 611 1885 ἡμῖν
623 1794 700 1867 οἷον
715 1805 820 1895 νιῦρα
835 1798 858 1887 ἢ
872 1799 1034 1887 prierato!
1048 1823 1135 1879 τινες
1156 1798 1233 1866 ἑοῦ·

87 1902 149 1955 σαι
166 1887 251 1969 [imo
270 1884 428 1969 ίνσῦσαι]
449 1887 558 1952 σαιὸσί
578 1908 613 1952 τι
633 1880 721 1970 ἡμᾶς
742 1886 799 1954 καὶ
823 1884 979 1972 ἀλλήλαις
998 1884 1233 1962 ἀνθέλκουσιν,

87 1970 240 2041 ἐναντίαι
253 1962 362 2053 οὖσαι,
386 1965 437 2039 ἔνι’
454 1964 607 2050 iocosius
620 1969 773 2056 αράξιιςι
794 1975 849 2041 sed
863 1975 984 2039 Persius
995 1976 1095 2063 potuit
1108 1972 1231 2036 aliunde

85 2061 239 2127 mmsisse
251 2062 313 2123 lioc
325 2061 439 2124 simile:
460 2081 534 2123 nam
547 2059 657 2138 Stoici,
680 2062 825 2125 lurimum
839 2061 894 2124 illo
909 2063 1079 2124 utebantur.
1123 2060 1223 2140 Leges
1228 2056 1282 2117 dl?

87 2145 175 2299 att
190 2082 735 2305 mutuantis,
757 2149 795 2294 a
805 2141 1232 2296 attuatos

87 2341 105 2382 ι
131 2254 212 2382 osia
229 2317 407 2381 nominant:
430 2254 521 2380 undi)
530 2319 660 2381 verbum
678 2252 956 2400 eweoiiaeeeetvss
969 2316 1048 2379 utin
1059 2312 1135 2379 XII.
1150 2318 1232 2396 ejus-

130 2427 164 2467 m
189 2402 235 2488 [§.
253 2404 310 2484 19]
331 2401 372 2467 τά
399 2398 712 2485 νινροσαασιοῦνυά
738 2416 774 2467 σι
796 2398 913 2486 adips
934 2425 996 2489 quo
1016 2404 1113 2467 verbo
1134 2412 1232 2465 lotam

86 2488 226 2555 Platonis
240 2489 422 2552 sententiam
437 2490 597 2574 expressit:
619 2492 943 2569 νευροσπασαιῑσθαι
962 2489 1046 2552 enim
1063 2499 1109 2551 est
1128 2488 1160 2551 in
1182 2486 1232 2549 di-

87 2598 180 2644 versa
201 2574 322 2639 moveri
337 2575 438 2636 alieno
458 2586 560 2655 motu,
582 2585 615 2636 ut
627 2575 659 2638 in
672 2577 735 2639 tine
757 2576 848 2661 primi
868 2574 950 2655 [imo
970 2573 1097 2639 secundi
1117 2572 1232 2659 princi-

88 2663 160 2750 pio,
183 2658 211 2743 ξ.
225 2661 257 2740 2]
278 2659 363 2722 idem
378 2658 516 2727 Marcuss
538 2657 653 2744 μηκέτι
665 2657 703 2726 τὸ
717 2654 919 2745 ἡνιμονιιιάν
932 2657 1031 2746 idone
1042 2659 1230 2738 δουλεῦσαι,
1329 2676 1334 2691 ’

88 2742 205 2832 papates
222 2737 304 2810 καθ’
327 2738 435 2830 ὁρμὴν
457 2740 684 2829 ἀκοινώνητον
710 2748 1063 2830 νευροσπασιηθῆνιιι,
1097 2745 1151 2808 ubi
1174 2765 1232 2831 ap-

89 2836 186 2923 pellat
198 2828 270 2895 vim
283 2852 351 2895 non
365 2851 583 2895 communem
595 2832 661 2895 vim
677 2853 771 2918 quae,
793 2845 826 2896 ut
843 2832 913 2896 heic
926 2833 968 2894 ait
981 2831 1118 2910 Persius,
1140 2828 1232 2892 intrat

89 2917 278 2997 extrinsecus
294 2928 447 2983 etnemos
463 2917 572 2998 agitat3
592 2915 688 2980 sicin
709 2916 836 2981 tinelli
856 2915 896 3022 [ᾗ.
915 2917 967 2999 16]
990 2917 1032 2980 ait
1047 2919 1180 2979 fernam
1199 2925 1231 2979 et
1254 2954 1260 2971 ι

88 3003 360 3071 vitiosissimonsm
379 3000 543 3066 hominum
568 3014 637 3066 esse
661 3003 822 3090 proprium
847 3024 887 3067 so
907 3002 1231 3084 aweomueeateues
1278 3028 1281 3033 ·

89 3085 299 3175 ἀορηιιιιῶςι
325 3090 388 3151 hoc
411 3099 459 3153 est
485 3097 790 3173 neurospastorum
818 3108 914 3165 more
945 3085 1082 3174 impelli
1103 3081 1153 3149 αιί
1173 3105 1231 3148 res
1339 3128 1343 3135 »

81 3171 267 3265 agendos.
289 3174 375 3260 quasi
386 3172 467 3237 dicat
478 3194 542 3237 non
558 3186 646 3237 motu
659 3194 716 3261 pro
736 3173 800 3253 tio,
820 3173 877 3239 sed
890 3174 1009 3239 alieno:
1031 3171 1230 3236 dominorum
1243 3194 1252 3211 ·

87 3283 206 3349 nempe
219 3259 314 3324 animi
327 3256 621 3340 crudelissimonsm,
644 3260 714 3347 cupi
737 3260 830 3336 'tatis,
858 3258 1010 3340 libidinis,
1030 3268 1148 3322 metus:
1171 3258 1230 3320 ob-

87 3358 214 3413 servent
226 3346 341 3409 linones
354 3346 537 3432 hypallagen
551 3357 714 3410 venustam
735 3344 768 3408 in
782 3368 820 3410 ea
838 3345 1011 3409 locutione:
1036 3364 1110 3406 nam
1125 3343 1229 3429 potius
1338 3412 1341 3423 ,

86 3434 212 3502 videtur
223 3433 318 3495 foisse
333 3429 498 3494 dicendum
517 3424 629 3516 ὁρμᾷν
648 3433 940 3516 νινροσιιασνικαῑς
954 3432 1007 3497 vel
1019 3441 1099 3494 certe
1113 3447 1230 3508 veneo·

88 3520 308 3587 σιασιεῐσθαι
326 3509 409 3581 aaa’
429 3511 553 3599 ὁρμὴν,
583 3528 617 3579 ut
634 3518 769 3605 loqniorr
789 3520 809 3582 l.
829 3514 1022 3600 V1[§.1o].
1064 3512 1229 3600 Interprea,

88 3601 775 3775 i'el'iiitilii'iiiinitdiiiaiiii
795 3600 1230 3770 tt30tttlt¹ltt³³⁰tttt

88 3800 163 3858 sog,
188 3776 245 3846 ait,
269 3766 446 3839 ἀνάπαυλα
465 3772 661 3858 elwacensis
675 3766 867 3849 ἀντιτυπίας
881 3767 939 3839 καί
952 3764 1134 3856 ὁρμητικῆς
1155 3791 1229 3835 viv·

89 3858 310 3947 ροσιιασιείας
330 3857 387 3924 καί
409 3858 620 3945 demonstratis
641 3854 809 3937 ἀιιξόδουι
836 3858 899 3923 hoc
923 3868 984 3923 est:
1015 3852 1229 3952 moraquiea

89 3959 145 4014 est
149 3944 389 4038 pugnantium
403 3944 494 4008 inter
513 3965 551 4008 ae
573 3966 731 4009 sensuum
752 3952 789 4009 et
803 3942 841 4019 ιἰι
859 3942 1037 4007 contraria
1055 3938 1245 4029 agitatio-x

89 4035 145 4103 aie
167 4037 216 4100 od
237 4052 293 4094 res
315 4027 556 4117 suscipiendae
584 4038 619 4095 et
646 4026 922 4116 discrepantium
949 4025 1074 4093 mentis
1093 4023 1229 4091 discur-

89 4144 206 4187 cuum:
228 4121 290 4181 hoc
308 4118 391 4180 enim
411 4119 478 4181 vult
497 4116 620 4211 sapiens
637 4112 821 4203 Imperator,
848 4114 913 4178 non
933 4112 1017 4201 quod
1035 4114 1113 4177 dixit
1132 4113 1229 4177 inter·-
1304 4130 1307 4135 '

88 4231 175 4298 pres3
196 4207 241 4277 sic
256 4204 290 4266 in
302 4201 366 4267 Vll
380 4200 420 4286 [ξ.
435 4204 510 4283 ‘ellit
533 4204 657 4285 στῆσον
671 4222 689 4265 ι
701 4196 732 4264 ’ν
744 4198 1029 4283 νινροσααστίανι
1052 4200 1135 4264 siste
1147 4196 1228 4287 agi-

89 4295 276 4369 tationem,
298 4307 387 4376 quoe
409 4295 444 4352 te
460 4286 495 4351 in
512 4287 615 4351 varia
636 4224 764 4351 tradite
784 4289 827 4351 ita
844 4289 937 4352 etiam
956 4286 1060 4364 Philo,
1082 4284 1228 4349 Clemens

89 4378 311 4449 Alexandrinus
323 4373 435 4460 aliique
449 4372 610 4460 scriptores
627 4374 721 4437 locuti
733 4385 820 4453 sunt,
841 4384 875 4437 ut
894 4373 967 4437 atini
981 4371 1101 4459 prolixe
1121 4380 1226 4433 osten·
1244 4408 1247 4413 ·

90 4469 200 4533 dimus.
228 4463 328 4544 [Plura
343 4482 393 4546 ep.
412 4456 600 4531 Gatakerum
613 4459 653 4523 ad
668 4460 778 4525 Antea.
793 4457 836 4541 ll,
851 4457 880 4543 §·
895 4465 927 4533 2·
948 4480 980 4545 p·
996 4460 1038 4525 63
1055 4467 1087 4521 et
1104 4452 1180 4533 vll,
1195 4460 1225 4535 8,

132 4542 478 4611 Ganutdlowade·
916 4548 960 4609 iil
