2700 4972
292 360 355 427 AD
382 358 555 443 rursu
582 356 807 427 surtran
832 360 904 433 III.
1112 366 1178 437 2⁰5

122 538 179 600 90.
200 499 344 617 jesana]
367 530 583 617 Δτνταχθτίςτ
603 536 686 596 male
701 531 752 595 alii
769 532 838 596 libri
854 532 967 615 visuri
985 530 1176 604 modicorum
1269 568 1273 577 =

67 641 130 684 »ces
147 614 333 684 διατάττειν
346 632 378 682 et
392 617 592 698 συντάττειν,
611 618 694 704 quod
705 620 835 682 'verbum
847 641 865 682 e
877 620 1004 685 medicis
1018 634 1175 710 acceptum

67 717 193 786 egenter
207 708 268 769 alio
279 709 428 769 ‘transfert
445 706 566 768 Marcus
580 706 749 767 Antoninus
765 705 817 767 lib.
829 704 885 769 ΠΙ.
902 706 943 787 [Ρ]

119 804 380 891 Requiescere]
410 804 526 868 Seneca
542 805 593 867 De
613 807 656 867 ira
674 807 726 867 lib.
743 803 804 869 111:
836 803 947 873 Irtitia
969 807 1175 877 morborum
1243 866 1249 883 ,

67 889 133 956 cies
154 901 271 955 curat:
309 890 406 969 [Adde
421 891 503 956 Celsi
516 895 601 953 locos
616 912 663 976 ap.
677 890 733 970 Pl]
1060 912 1066 929 ·

119 1000 175 1061 91.
200 990 565 1079 Communicamus]
596 988 689 1056 Κντὰ
712 986 816 1077 φύσιν
839 988 995 1077 ignibus:
1016 994 1059 1061 ita
1078 1020 1173 1087 saepe

67 1078 267 1166 »repositum
283 1072 487 1165 diciturquod
500 1080 714 1142 convenienter
725 1091 850 1142 naturae
863 1102 898 1143 se
910 1083 1018 1163 habet,
1034 1104 1173 1148 currere
1224 1112 1227 1117 ¹

67 1180 138 1231 ,tem
152 1188 250 1231 venas
265 1165 341 1227 dixit
353 1186 444 1231 usum
458 1163 603 1250 loquendi
618 1176 739 1227 secutus
760 1166 844 1244 vulgi
857 1168 952 1247 etiam
962 1168 1171 1235 medicorum:

67 1254 160 1337 terias
174 1252 260 1313 enim
271 1252 418 1332 intelligit,
441 1272 518 1336 quae
532 1272 596 1311 non
609 1261 736 1327 currunt,
752 1249 807 1312 sed
821 1246 1025 1331 σφύττονστν
1040 1266 1071 1317 et
1081 1260 1172 1341 pulsu

67 1334 310 1421 ετσημαίνονσιν
336 1358 374 1398 ac
401 1334 475 1398 dant
504 1336 757 1416 significationem
786 1338 888 1403 bonae
916 1340 1057 1405 malaeve
1079 1344 1226 1412 vale-300

67 1422 158 1487 dinis,
656 1426 665 1481 ,’
701 1456 704 1461 ,
736 1480 739 1488 ,
1070 1430 1073 1437 ’
1169 1422 1242 1496 (132)

119 1530 175 1591 92.
204 1520 264 1587 De
284 1521 420 1606 majore
445 1517 547 1609 domo
570 1519 706 1587 modice
734 1518 806 1605 sib]
846 1521 918 1587 Duo
940 1530 1045 1611 peccat
1067 1540 1173 1593 contra
1243 1568 1249 1589 .

67 1610 262 1674 detudinem:
284 1609 367 1693 quod
385 1611 502 1672 balneis
518 1610 629 1688 utitur,
651 1607 735 1693 quod
751 1611 859 1673 vinum
876 1612 970 1675 bibit:
990 1613 1024 1673 in
1043 1626 1171 1700 utroque

67 1718 148 1759 mere
164 1708 324 1779 aegrorum
342 1690 605 1779 intemperantiam
624 1696 738 1780 passim
757 1694 870 1756 medici
889 1708 1009 1760 veteres
1029 1713 1172 1763 accusant

67 1780 179 1847 ztiels.¹
191 1779 248 1859 111,
263 1785 293 1858 2,
311 1786 364 1844 21.
385 1778 461 1843 l'lin.
485 1778 576 1865 apl,
599 1782 630 1843 8.
651 1776 780 1859 Doara]
802 1792 833 1841 et
849 1779 1026 1845 Plutarchus
1044 1787 1171 1869 periisse

68 1870 149 1930 ultos
172 1865 277 1929 scribit
289 1875 416 1926 tantum
440 1877 562 1949 propter
585 1864 780 1935 lavationem,
799 1864 1066 1950 intempestivam,
1098 1892 1171 1934 cum

67 1954 144 2017 viter
152 1961 344 2031 aegrotantes
358 1971 465 2035 capere
478 1952 581 2013 cibum
601 1972 666 2013 non
683 1950 863 2014 sustinerent
879 1951 967 2017 illoti.
1009 1954 1112 2019 Locus
1123 1967 1171 2020 est

80 2035 503 2131 Sahrbribus·praeceptis[p·
519 2041 589 2103 123.
605 2033 667 2116 B.].
809 2114 814 2139 Ι

105 2134 260 2203 'Modica
274 2135 412 2199 sitiente
424 2135 577 2225 lagena]
595 2131 765 2212 Ἐτιττκτῖς
779 2134 915 2222 μεγάλῃ,
928 2139 1052 2227 μετρίᾳ.
1073 2142 1169 2209 Parce

67 2226 116 2291 rim
131 2226 279 2311 exquisita
297 2225 370 2286 vina
385 2225 602 2303 largiebantur:
621 2222 778 2288 Juvenalis
796 2226 829 2285 in
843 2225 876 2288 V
893 2227 978 2305 [32];

140 2306 313 2374 cardiaco
330 2328 507 2394 nunquam
530 2306 694 2395 cyathum
723 2308 892 2373 missurus
915 2310 1039 2375 amico.

114 2418 170 2482 98.
192 2408 309 2479 Lenta
324 2408 439 2480 lotura
453 2407 520 2473 sibi
541 2408 745 2474 Surrentina
762 2409 929 2497 rogavit]
961 2410 1170 2481 Surrentina

67 2497 127 2564 niu
147 2510 235 2573 sunt,
277 2518 334 2573 uae
353 2496 440 2580 potui
461 2498 534 2559 fecit
555 2508 625 2582 apta
645 2499 736 2576 longa
761 2495 845 2561 dies:
874 2520 948 2562 nam
964 2511 1036 2584 post
1053 2523 1169 2567 annum

67 2608 158 2649 unum
178 2583 252 2647 XX
284 2630 292 2647 .
318 2581 483 2666 incipiebat
501 2582 566 2645 bibi
585 2584 693 2645 vinum
714 2582 941 2648 Surrentinum:
971 2596 1042 2647 tunc
1065 2600 1169 2653 autem

67 2668 108 2735 ter
142 2671 223 2733 raeci
246 2688 285 2729 ua
298 2668 475 2729 censebatur
489 2679 520 2729 et
533 2669 813 2732 convalescentibus
831 2669 1074 2733 accommodum.
1102 2672 1169 2737 Pli-
1226 2666 1232 2675 “

67 2780 99 2821 us
121 2694 178 2837 fil.
200 2692 355 2831 biinV,
373 2751 404 2831 6]
432 2764 462 2813 et
483 2750 592 2816 Graeci
611 2752 734 2815 medici.
785 2750 948 2835 [„Negligit
972 2769 1169 2844 praeceptum
1263 2784 1264 2788 ¹

67 2842 145 2906 edici
167 2839 330 2905 lavationis
349 2839 514 2923 voluptati,
542 2838 754 2901 consuetudini
771 2835 922 2902 Romanis
939 2842 1096 2920 familiari,
1117 2845 1168 2905 in-
1216 2864 1219 2869 ·

67 2928 193 3009 dgens.“
208 2923 268 2995 Pl.
282 2946 312 3008 q.
327 2926 424 2985 efa-
436 2922 610 2991 Perfectum
625 2921 762 3011 rogavit
776 2925 879 2987 aoristi
893 2926 925 2987 h.
940 2927 961 2987 l.
973 2927 1040 2991 vim
1052 2929 1168 2993 habero

67 3026 111 3077 cte
124 3011 249 3075 monuit
266 3009 376 3089 Web]

117 3114 171 3181 94·
196 3108 293 3177 Heus
312 3106 420 3188 bone,
436 3117 474 3172 tu
493 3107 633 3194 pallea]
662 3110 777 3175 Medici
791 3114 886 3176 verba
901 3108 942 3175 ad
954 3122 1094 3193 aegrum,
1115 3103 1174 3201 qui

67 3224 98 3266 us
113 3200 317 3263 consiliumet
330 3198 464 3259 oblatam
484 3196 669 3259 medicinam
687 3198 809 3283 respuit.

117 3316 173 3384 95.
194 3313 318 3404 Surgit
333 3311 438 3379 tacite
460 3312 524 3378 tibi
534 3313 634 3379 turea
645 3314 778 3402 pellia]
812 3312 929 3380 Pallida
950 3316 1047 3381 cutis:
1067 3320 1167 3385 luteus

67 3407 132 3483 lor,
163 3400 295 3488 pallidus
319 3412 349 3463 et
374 3403 459 3463 albus
483 3402 598 3485 passim
625 3402 868 3464 confunduntur:
895 3400 980 3486 apud
1003 3403 1167 3470 Horatium

67 3486 232 3578 pud-VH,
251 3487 300 3553 15.
322 3485 368 3565 X,
383 3486 434 3566 163
456 3483 570 3547 luteus
585 3485 707 3573 pallor
727 3499 758 3551 et
779 3485 878 3551 albus
891 3484 1025 3571 pallor,
1047 3501 1078 3551 et
1090 3513 1167 3556 mox

67 3576 154 3640 usius
166 3570 273 3635 timor
286 3569 393 3634 attia.
436 3572 587 3634 Homines
607 3584 712 3637 autem
730 3597 748 3636 e
767 3575 877 3636 morbo
895 3570 1025 3656 pallidos
1046 3594 1101 3659 per
1114 3580 1167 3654 'jo-

67 3654 1003 3809 ”t‘'ttdl'ltil‘tttttttttttttttt”itltittt’
1024 3665 1167 3808 {itit

67 3769 125 3810 rsa
217 3766 226 3806 τ
1146 3769 1166 3810 e

67 3832 160 3913 signis
179 3828 323 3893 bonitatis
349 3827 422 3893 viris
444 3830 642 3912 usurpabant:
675 3766 815 3903 trinuba
840 3828 923 3890 enim
945 3765 1165 3911 ebothaocoo

68 3938 152 3993 νονς
168 3916 331 3991 vocabant.
373 3908 545 3995 [„Pettem
561 3936 579 3975 a
600 3922 676 3976 eote
696 3914 877 3994 distinguere
896 3910 1216 3997 videtui-Persianas

75 4002 219 4067 Juvenal.
235 3996 367 4077 X,·192.
408 3997 494 4061 Haec
512 4000 609 4078 sanis,
630 4000 681 4061 illa
702 3999 832 4081 aegrotis
856 3995 1029 4082 etquidem
1046 3990 1166 4083 Hydro-

67 4093 106 4153 cis
121 4083 295 4149 converrit.“
321 4080 395 4162 Pl]

70 4178 83 4187 Ἰ
115 4211 169 4272 97.
186 4196 404 4287 Jompriclem
418 4196 508 4265 lanne
523 4154 648 4287 sepeli:
672 4190 710 4266 tu
732 4201 866 4281 restae]
895 4198 1007 4281 Tangit
1025 4201 1164 4267 insolen-

67 4316 104 4358 m
118 4288 284 4373 juventutis
307 4286 502 4373 depravatae,
524 4310 603 4375 quae
621 4290 912 4355 benemerentibus
937 4285 1016 4349 adeo
1037 4291 1163 4367 gratim

67 4404 93 4443 n
117 4380 211 4440 refert
228 4373 385 4451 meritam,
412 4384 447 4433 ut
467 4394 559 4543 saepe
580 4377 697 4437 malum
714 4377 878 4438 minitetur.
926 4370 1110 4439 Pistoclerus
1128 4375 1162 4439 in

67 4457 330 4549 tcchidibusapud
345 4458 487 4541 Plautum
564 4481 606 4527 sc.
619 4466 651 4544 2,
666 4465 781 4530 rudi).
795 4460 848 4530 40.
861 4446 933 4539 4715
999 4512 1003 4525 ,
