2700 4972
337 314 402 388 to
429 294 865 403 rnasnssrram
898 317 940 384 v.
998 388 1003 417 ‚
1069 394 1073 403 ,
1120 236 1233 409 ,ὦ

83 448 115 554 et
133 483 287 552 rationem
309 480 559 577 adjiciti'potest
577 486 679 575 enim3
706 509 771 555 non
788 458 958 567 mediocris
971 466 1044 563 latri
1057 451 1228 577 est,¹.i1uae

84 575 156 639 heic
170 574 311 638 tribuitur
326 573 481 640 cornuto:
503 575 580 639 scire
595 574 683 637 illum
698 573 861 639 ancamcn
876 572 977 649 facere
995 572 1074 651 inter
1092 577 1228 647 amicum

84 670 197 725 verum
218 668 251 721 et
270 660 382 735 falsum
395 660 462 725 sive
478 658 684 724 adulatorem:
706 658 790 747 quod
823 666 896 723 uam
908 654 1098 741 difficsscslt,
1118 662 1228 747 siquis

87 745 204 831 estqui
223 745 355 823 neseiat,
377 745 474 808 discat
493 747 564 808 licet
583 769 622 811 ex
645 682 976 835 utilissimoql’lutarclri
991 744 1113 827 libello,
1134 756 1228 833 quem

89 831 129 894 dc
154 851 194 895 ea
211 850 246 892 re
267 829 451 917 composuit.
503 828 633 911 Pulsa,
661 830 764 913 κρόὔε
779 833 836 911 ¹vel
857 827 1048 915 prolabens,
1074 833 1297 916 astitimus)

89 917 247 979 fictilibus:
276 937 368 1002 supra
396 913 437 979 ad
456 917 577 980 tertiam
603 916 647 999 [v.
668 918 722 997 21]
729 942 744 1001 ς,
767 914 844 979 item
864 906 1106 1003 decandidatum
1134 940 1229 1005 quam

88 1018 202 1068 vocem
218 1003 279 1063 hoc
292 1022 386 1065 sensu
400 1013 483 1064 amat
497 1012 612 1088 ponere
624 1003 732 1085 beatus
749 998 999 1085 chrysostomus.
1091 1048 1096 1057 -
1115 1030 1118 1037 ·

122 1196 144 1258 2
176 1106 230 1174 25.
253 1100 350 1187 Quid
360 1100 512 1203 solidum
523 1096 669 1193 crepet-l
687 1084 841 1179 euobis
852 1105 886 1171 iu
898 1103 1100 1189 Pythagorica
1112 1104 1235 1171 aeroasi

104 1199 119 1258 1
165 1213 182 1256 s
203 1237 211 1253 .
234 1213 243 1254 ε
730 1246 732 1251 .
930 1232 933 1239 ·
1218 1222 1243 1247 ·.

91 1192 102 1270 [
182 1192 253 1338 qdit
270 1268 425 1359 solidum
437 1270 662 1374 quodcunque
677 1270 803 1355 subest,
824 1295 892 1341 nee
906 1272 1032 1341 manin
1047 1272 1168 1345 subtus
1240 1326 1243 1333 .

195 1354 331 1441 fodicet
350 1356 513 1425 admotus
529 1356 651 1445 digitis
665 1358 880 1449 pellentibus
894 1360 995 1425 ictuc.

111 1480 114 1485 ’
177 1444 229 1523 Er,
246 1444 370 1533 pietlte
392 1446 538 1511 tectorio
565 1444 738 1536 linguae]
772 1448 843 1512 Non
873 1447 995 1512 videtur
1017 1444 1230 1528 dubitandum,

92 1531 174 1621 quin
193 1530 270 1596 haec
297 1553 371 1597 vera
396 1533 436 1596 sit
462 1533 572 1600 lectio:
605 1556 671 1597 non
694 1555 824 1620 possum
848 1545 953 1597 tameo
980 1534 1228 1634 praetermittere,

92 1616 178 1705 qnod
199 1618 305 1685 inveni
324 1618 357 1693 in
377 1619 473 1683 nibus
497 1618 715 1707 antiquissimis
735 1592 907 1698 codicibus,
937 1620 991 1683 ubr
1008 1640 1131 1683 summo
1154 1640 1232 1682 con-
1325 1654 1328 1661 ·

92 1724 185 1768 sensu
204 1700 377 1791 plecteris
398 1704 543 1791 scriptum
567 1728 623 1793 pro
649 1702 815 1785 tectorio:
843 1726 883 1767 en
907 1707 965 1769 sub
991 1703 1109 1769 mendo
1130 1704 1232 1768 mani-

91 1791 217 1854 festatio
229 1793 321 1875 lateat
334 1789 462 1876 aliquid,
489 1788 725 1870 cogitentdocti.
768 1785 960 1871 [Plaetoria
982 1791 1076 1853 etiem
1096 1788 1231 1855 scodd.

90 1876 176 1955 Acis,
196 1874 231 1939 in
251 1874 360 1962 quibus
373 1875 582 1959 antiquissimi,
603 1870 628 1945 ὅ
637 1876 763 1941 Havnn.
776 1887 808 1939 et
826 1876 880 1939 alii
890 1876 994 1939 multi:
1014 1874 1232 1955 Orellio·„sox

90 1960 210 2025 rabili-‘⁴
253 1960 476 2041 „Confirmatur
489 1964 571 2043 vulg.
584 1962 697 2025 Aurelii
706 1961 867 2042 Augustini
877 1963 1070 2038 auctoritate,
1090 1963 1143 2046 qui
1156 1960 1232 2025 Per-

89 2046 172 2112 siu'm
192 2046 273 2111 h.l.‘
285 2046 419 2111 imitatus
432 2045 568 2129 videtur:
589 2042 735 2127 Hortor,
755 2048 862 2133 inquit,
888 2054 927 2111 ut
945 2045 1132 2111 literarum
1149 2065 1231 2110 vere
1340 2106 1343 2111 .

89 2128 250 2219 'certeque
267 2140 469 2195 sanctorum
483 2129 599 2195 studio
613 2143 645 2197 te
659 2154 782 2197 curam
793 2153 861 2196 neo
871 2129 915 2218 ρ’
940 2140 1000 2194 ent
1016 2126 1230 2217 impendere.
1272 2150 1275 2159 ’

92 2215 237 2282 Sincera
253 2218 347 2281 etaim
357 2215 518 2281 ctsolide
528 2238 583 2285 res
599 2227 660 2294 est,
676 2217 917 2306 neefueatise
931 2214 1043 2305 equits
1056 2214 1167 2281 ambit
1181 2213 1231 2279 od

90 2304 267 2382 animum,
297 2324 360 2367 nee
387 2303 458 2366 zello
482 2290 666 2392 linguae
689 2303 878 2369 tectorio
901 2303 1006 2367 inane
1024 2299 1162 2452 dilium
1186 2322 1243 2365 ae·

85 2386 282 2477 pendulum
304 2388 543 2476 crepitat.“
570 2393 667 2457 Web.
723 2388 922 2467 Tratorium
951 2400 1056 2461 autem
1110 2388 1231 2451 omanis

91 2474 381 2541 eratillioimentum
400 2488 430 2539 et
441 2476 526 2563 quasi
539 2476 713 2541 incrustatio
726 2477 864 2562 parietis,
886 2496 964 2563 quae
979 2476 1075 2539 fiebat
1096 2478 1232 2537 calceet
1339 2477 1344 2489 '

91 2558 246 2626 mannme
257 2562 346 2625 trito:
370 2583 402 2626 v.
415 2565 492 2625 loce.
507 2584 555 2664 ap.
570 2562 615 2629 Pl.
660 2560 839 2644 Intelligitur
858 2582 931 2643 ergo
950 2561 1092 2627 ammata
1110 2561 1234 2641 linguae

92 2651 213 2712 fucatae
226 2656 257 2711 et
272 2644 443 2712 adulatricis
457 2659 564 2734 orabo.
606 2645 645 2712 ln
660 2669 739 2715 voce
755 2645 875 2735 pictae
891 2651 952 2710 'am
965 2644 1006 2709 ad
1019 2648 1236 2732 metaphoram

93 2734 211 2797 tectorii
223 2733 372 2820 respexit3
397 2755 461 2797 non
476 2755 554 2819 opus
573 2732 664 2815 igitur
687 2737 859 2815 conjectura
874 2671 1015 2797 desaevii:
1033 2727 1160 2817 fietae5
1181 2752 1237 2794 ea-

97 2818 178 2968 deinl
188 2828 269 2903 poce
290 2816 486 2883 Burmannus
514 2816 680 2900 adductus,
704 2830 739 2884 ut
761 2815 928 2884 tinctorio
949 2828 1135 2906 proponeret
1161 2817 1238 2881 scri-

97 2908 156 2971 b'en
179 2906 257 2985 um]
360 2942 363 2947 ·

182 2998 236 3073 26.
260 3002 327 3070 Hir
341 3016 584 3097 egoeentenas
599 3005 713 3071 ausim
734 3002 1054 3093 deposcere-voces]
1084 2999 1174 3080 Hic,
1197 3002 1238 3067 ad

99 3094 169 3175 ista,
199 3084 242 3157 ad
264 3092 480 3158 declarandum
499 3115 606 3157 meum
629 3094 662 3155 in
687 3104 718 3157 te
744 3092 883 3156 animum
908 3103 940 3154 et
958 3090 1105 3171 judicium
1130 3090 1170 3152 de
1188 3100 1241 3154 tet·

99 3184 194 3245 variat
219 3181 312 3243 lectio
335 3181 368 3242 in
392 3181 516 3267 optimis
534 3180 633 3246 libris:
656 3200 728 3243 nam
749 3177 807 3242 hic
829 3181 1004 3266 praeferunt
1024 3176 1076 3238 alii
1099 3175 1133 3256 [5
1152 3175 1239 3253 Aah„

99 3265 166 3348 Tig.
184 3276 217 3328 et
229 3266 333 3330 nescio
357 3267 408 3351 qui
423 3266 524 3331 Pasa:
547 3264 604 3329 sed
626 3266 717 3344 longe
734 3268 835 3362 plures
858 3276 889 3327 et
907 3262 1120 3341 vetustissimi,
1141 3270 1177 3322 ut
1189 3261 1239 3324 vi-

98 3351 201 3430 detur,
223 3348 312 3422 Hir,-
342 3349 362 3415 4
386 3352 480 3430 ricla,
505 3357 521 3416 1
544 3352 667 3415 Harmt
691 3349 813 3430 Horeb
844 3352 927 3413 nulla
946 3348 1116 3411 sententiae
1137 3358 1239 3409 muta-

97 3439 197 3517 tione3
221 3446 394 3513 centenas,
416 3439 539 3517 silegas
554 3434 623 3514 tic,
646 3437 702 3499 erit
721 3436 762 3499 ad
777 3438 896 3519 singula
914 3435 1027 3496 homm
1050 3444 1155 3518 optare
1173 3454 1239 3494 non

96 3520 261 3587 dubitarim
279 3534 402 3586 centum
417 3544 527 3603 voces3
549 3522 576 3584 si
592 3523 739 3585 scribatur
751 3519 823 3603 lzic,
845 3544 902 3610 pro
922 3531 1044 3583 centum
1063 3518 1240 3606 simpliciter

93 3610 245 3694 positum,
265 3619 299 3670 ut
314 3629 406 3695 saepe
425 3607 509 3695 apud
530 3606 648 3694 poe'tas.

122 3702 133 3763 .'
182 3717 237 3777 27.
263 3706 320 3790 Ut,
343 3721 509 3798 quantum
526 3707 613 3772 milri
632 3718 665 3772 te
681 3707 820 3773 sinuoso
836 3705 873 3771 io
893 3704 1033 3793 pectore
1047 3698 1147 3789 sind]
1170 3703 1241 3769 Ob-

98 3818 190 3862 serva
207 3796 377 3861 dictionum
391 3798 472 3865 vim:
488 3792 576 3882 fixi,
599 3819 664 3859 non
677 3794 832 3883 reposui,
854 3805 889 3856 ut
903 3796 1023 3855 manet
1035 3788 1112 3855 alta
1129 3798 1256 3865 mente,

96 3890 293 3969 repostum,
318 3895 350 3947 et
365 3904 458 3968 saepe
476 3882 569 3968 polita
593 3878 643 3945 tet
662 3879 761 3965 φρεσὶ
780 3876 982 3945 ambiebas:
1002 3878 1094 3940 facile
1113 3876 1294 3946 moverim

96 3964 229 4056 possunt
242 3991 321 4054 quae
334 3970 434 4055 posita
450 3981 521 4032 sunt
536 3979 589 4029 aut
605 3967 779 4047 recondita,
801 3979 832 4035 at
852 3966 913 4028 fixa
932 3974 962 4026 et
977 3962 1103 4049 quaefti
1123 3962 1240 4037 adacta,

97 4058 244 4134 haerent3
267 4054 380 4119 deinde
395 4053 533 4117 sinuoso
540 4062 700 4138 pectore,
722 4056 784 4115 hoe
797 4052 888 4116 estin
904 4048 1047 4112 omnibus
1067 4048 1160 4111 etiam
1171 4046 1244 4110 inti-

101 4142 162 4205 mis
177 4141 274 4209 animi
289 4141 475 4205 recessibus:
498 4140 581 4202 sinus
598 4139 703 4202 armno
722 4139 843 4217 tribuit,
864 4147 899 4198 ut
910 4132 1021 4198 Graeci
1041 4130 1201 4208 κόλπους.

192 4264 243 4324 28.
267 4253 402 4325 -Voeem
415 4256 557 4322 traham
566 4262 682 4345 pura]
705 4256 742 4321 In
755 4236 913 4345 publicum
925 4259 1082 4342 proferam
1101 4266 1132 4316 et
1143 4256 1246 4340 palam

104 4347 237 4410 faciam:
261 4344 402 4409 trabere
421 4366 477 4432 pro
499 4344 615 4426 dicere,
638 4356 671 4407 ut
692 4341 777 4408 dore
801 4365 911 4433 saepe:
933 4338 983 4404 da
1002 4336 1122 4427 Tityre
1136 4335 1246 4405 nobis.
1272 4400 1275 4407 .

107 4432 191 4517 [lmo
209 4442 257 4498 est
268 4429 468 4521 protrahere]
527 4496 531 4503 ,
814 4476 817 4483 ⁴
